1884 3262
547 187 818 233 CHRONICI
852 188 1160 232 PASGHALIS.
1518 188 1613 236 1⁷1

290 303 404 339 'versa
422 312 512 350 gens
530 298 732 338 Gothorum
750 312 835 339 cum
851 300 957 351 Rege
970 315 1034 341 suo
1054 302 1093 340 in
1107 300 1328 340 Bomam'mn
1347 315 1386 340 se
1414 301 1533 341 tradi-

300 357 427 396 derunt
454 357 512 396 die
531 369 571 396 v.
591 355 688 396 Non.
706 356 834 396 octob.

129 416 226 458 383.
255 413 498 454 Merobaude
523 413 578 454 11.
608 419 650 454 et
679 414 915 455 Saturnino.

257 471 332 511 H1s
354 472 493 511 Con-ss.
525 472 667 511 levatus
698 476 752 511 est
778 472 962 511 Arcadius
988 472 1089 523 Aug.
1122 472 1465 526 Constantinopolim
1492 475 1533 512 in

299 530 459 569 miliario
481 542 554 570 vn.
585 531 624 568 in
653 530 829 569 tribunali
855 544 881 569 a
905 530 1103 569 Theodosio
1128 530 1228 581 Aug.
1250 534 1360 583 patre
1383 544 1448 569 suo
1475 530 1534 569 die

302 601 406 626 xvu.
428 586 582 627 Kalend.
603 585 710 626 Febr.
763 587 821 626 Et
847 588 926 639 ipso
950 601 1046 626 anno
1066 589 1268 638 ingressum
1286 591 1339 627 est
1355 587 1537 626 'Constan-

302 644 485 696 tinopolim
503 657 631 696 empus
654 644 885 684 Constantine
899 645 1010 698 filiae
1034 645 1200 696 Augusti
1222 645 1452 685 Constantini
1477 646 1536 684 die

300 715 347 744 11.
366 701 459 741 Idus
487 700 663 754 Septemb.

106 779 109 781 ·
130 758 237 803 384.-
253 758 458 798 Ricomeri
484 764 525 798 et
548 757 757 801 clearcho.

258 816 335 857 Hm
371 816 513 857 Cous&
549 818 763 856 introierunt
793 816 1133 870 Constantinopolim
1168 817 1287 868 legati
1328 817 1534 856 Persarum.

300 873 385 925 Ipso
401 887 494 912 anno
509 877 618 912 natus
636 878 689 912 est
698 874 886 913 Honorius
902 872 1155 915 Nobili-nimus
1167 877 1208 914 in
1220 878 1396 928 purpuris
1415 875 1474 914 die
1491 888 1533 914 v.

236 939 239 941 ’
300 931 394 969 Idus
415 931 609 983 Septembr.

131 989 227 1032 385.
259 987 435 1027 Arcadio
466 989 648 1039 Augusto
678 994 719 1028 et
746 988 948 1030 Bantono.

131 1049 227 1090 386.
259 1045 441 1084 Honorio
464 1044 724 1084 Nobilissimo
753 1051 794 1085 et
826 1045 1026 1086 Euvodio.

253 1102 328 1142 Hts
348 1103 487 1142 Couss.
508 1105 600 1141 victi
614 1107 723 1155 atque
740 1106 963 1155 expugnati,
991 1108 1026 1143 et
1042 1106 1083 1143 in
1101 1104 1289 1143 Romania
1305 1106 1445 1156 captivi
1465 1105 1535 1143 ad-

299 1159 403 1199 ducti
419 1173 508 1211 gens
532 1160 842 1213 Greothyngorum
870 1175 896 1200 a
922 1164 1055 1201 nostris
1080 1162 1280 1201 Theodosia
1305 1165 1340 1200 et
1364 1162 1535 1211 Arcadio,

300 1217 428 1257 deinde
453 1230 532 1256 cum
551 1220 706 1257 victoria
732 1222 767 1256 et
785 1219 939 1272 triumfo
957 1221 1117 1271 ingressi
1134 1223 1219 1260 sunt
1241 1219 1534 1272 Constantinopo-

303 1275 367 1314 lim
386 1275 444 1314 die
464 1288 519 1313 ιν.
538 1274 632 1314 Idus
651 1275 830 1314 Octobres.

130 1336 228 1378 387.
258 1331 421 1371 Valerio
450 1331 519 1372 ΙΙΙ.
549 1338 590 1371 et
617 1332 827 1384 Eutropio.

260 1388 338 1428 H1s
359 1389 500 1428 Coum.
530 1389 825 1441 Quinquennalia
853 1390 1040 1429 Arcadius
1065 1390 1255 1441 Augustus
1277 1393 1427 1443 propria
1457 1403 1537 1429 cum

306 1447 503 1485 Theodosio
519 1447 690 1497 Augusto
710 1451 816 1499 patre
842 1461 908 1502 suo
925 1448 1140 1487 editionibus
1160 1447 1326 1500 ludisque
1347 1448 1537 1487 celebravit

302 1517 406 1542 xvn.
428 1503 517 1542 Kal.
536 1503 621 1543 Feb.

130 1564 229 1605 388.
260 1559 489 1600 Theodosio
522 1560 704 1612 Augusto
732 1561 782 1601 ΙΙ.
814 1566 856 1600 et
884 1561 1076 1613 Cynegio.

256 1617 332 1658 Hls
356 1618 498 1658 Coxss.
529 1618 737 1671 Defunctus
773 1623 827 1657 est
854 1619 1037 1671 cynegius
1067 1619 1284 1671 Praefectus
1312 1620 1471 1659 Orientis
1496 1622 1536 1659 in

306 1674 507 1715 Consulatu
535 1689 598 1714 suo
621 1676 971 1728 Constantinopolim.
1029 1677 1106 1717 Hic
1126 1679 1314 1716 universas
1327 1680 1537 1729 provincias

302 1734 405 1784 longi
430 1735 596 1785 temporis
625 1733 704 1772 labe
732 1734 897 1786 deceptas
924 1737 963 1773 in
983 1739 1118 1774 statum
1130 1737 1328 1787 pristinum
1344 1737 1537 1784 revocavit,

302 1795 338 1830 et
372 1803 482 1843 usque
510 1791 562 1829 ad
586 1791 791 1843 Aegyptum
819 1795 1053 1844 penetravit,
1091 1797 1127 1831 et
1155 1793 1351 1831 simulacra
1376 1795 1537 1843 gentium

305 1850 440 1887 evertit.
506 1847 607 1886 Unde
627 1861 708 1887 cum
728 1861 861 1899 magno
880 1852 978 1902 fletu
1003 1852 1115 1889 totius
1127 1850 1260 1902 populi
1285 1852 1450 1890 civitatis
1475 1851 1537 1889 de-

303 1905 448 1943 ductum
479 1908 531 1944 est
565 1919 692 1958 corpus
721 1907 802 1955 eJ'us
831 1907 885 1946 ad
911 1908 1097 1960 Apostolos
1121 1909 1180 1947 die
1196 1920 1285 1946 xlv.
1306 1908 1394 1947 Kal.
1419 1909 1538 1960 April.

303 1961 360 2002 Et
384 1966 467 2014 post
495 1975 627 2001 annum
664 1965 855 2002 transtulit
881 1978 960 2004 eum
986 1969 1152 2004 matrona
1181 1966 1262 2014 ejus
1278 1965 1461 2004 Achantia
1485 1967 1538 2005 ad

306 2019 513 2071 Hispanias
531 2020 701 2072 pedestre.
760 2021 817 2060 Et
838 2023 916 2073 ipso
937 2036 1029 2060 anno
1048 2024 1223 2062 occiditur
1241 2023 1354 2060 hostis
1370 2024 1537 2074 publicus

305 2075 498 2116 Maximus
532 2081 709 2129 tyrannus
743 2092 768 2117 a
801 2079 999 2118 Theodosio
1022 2080 1119 2130 Aug.
1152 2082 1191 2119 in
1221 2080 1382 2118 miliario
1405 2093 1470 2121 111.
1502 2084 1536 2118 et

306 2133 475 2184 Aquileia
493 2134 551 2173 die
565 2148 605 2174 v.
634 2135 724 2174 Kal.
740 2136 837 2186 Aug.
899 2136 976 2175 Sed
1001 2141 1038 2174 et
1054 2138 1165 2189 filius
1192 2138 1272 2186 ejus
1299 2138 1417 2175 Victor
1444 2140 1538 2176 occi-

307 2191 409 2229 ditur
434 2196 518 2243 post
549 2205 685 2243 paucos
711 2193 786 2231 dies
814 2196 854 2232 in
884 2194 1007 2232 Gallis
1032 2208 1056 2232 a
1087 2194 1222 2234 Comite
1249 2194 1439 2234 Theodosii
1459 2195 1537 2234 Au—

303 2250 417 2298 gusti.

132 2307 231 2349 389.
259 2303 452 2343 Timaeio‘
466 2311 505 2344 et
533 2305 736 2347 Promoto.

222 2397 226 2399 s
260 2361 335 2401 H1s
359 2362 499 2401 conss.
519 2365 686 2402 introivit
707 2363 930 2402 Theudosius
955 2363 1053 2414 Aug.
1075 2366 1116 2403 in
1142 2366 1262 2404 urbem
1281 2365 1435 2404 Romam
1457 2380 1538 2406 cum

307 2418 470 2458 Honorio
487 2421 575 2472 filio
602 2433 666 2459 suo
697 2420 756 2460 die
779 2419 914 2460 Iduum
940 2421 1167 2471 haim-ium,
1196 2427 1231 2462 et
1261 2423 1363 2463 dedit
1389 2426 1537 2475 congia-

306 2478 402 2516 rium
420 2477 607 2517 Romanis.
848 2486 850 2489 ·

136 2536 233 2577 390.
262 2530 545 2574 Valentiniano
577 2534 647 2575 IV.
676 2540 717 2574 et
743 2533 950 2576 Neuterio.

137 2593 234 2633 391.
262 2591 432 2631 Tatiano
462 2598 503 2631 et
531 2591 785 2644 Symmacho.

139 2650 236 2692 392.
266 2647 439 2688 Arc‘adio
470 2648 650 2701 Augusto
670 2650 717 2688 Π.
749 2655 790 2689 et
816 2648 975 2688 Rufino.

269 2705 345 2745 H1s
368 2707 507 2748 CONSS.
535 2707 806 2747 Valentinianus
823 2707 952 2746 Junior
979 2706 1080 2758 apud
1115 2705 1283 2746 Hennam
1307 2712 1358 2746 est
1388 2709 1538 2761 interse-

315 2767 418 2813 ctus,
447 2767 481 2803 et
501 2763 632 2804 levavit
649 2778 687 2803 se
703 2765 897 2815 Eugenius
919 2769 1106 2817 tyrannus.
1168 2764 1397 2806 Postmodum
1424 2766 1540 2806 Theo—

314 2820 435 2860 dosius
453 2821 552 2872 Aug.
572 2821 701 2861 occidit
715 2823 934 2873 Eugenium.

144 2877 238 2918 393.
271 2875 500 2918 Theodosio
531 2878 632 2931 Aug.
665 2879 736 2920 ΠΙ.
766 2886 807 2919 et
837 2877 1111 2920 Abundantius

1571 2661 1769 2691 CCCCXXX.

1615 2709 1647 2742 V
1669 2710 1740 2746 362
