1884 3262
580 199 848 245 CHRONICI
886 201 1190 246 PASCHALIS.
1342 224 1345 227 ·
1539 201 1637 249 197

167 306 262 351 335.
322 308 550 402 Cfflfftssnfio
600 316 640 348 et
679 310 860 350 Paulino.
909 326 972 351 111.
1003 313 1205 353 Kalendas
1242 312 1449 364 Ianuarii,
1495 312 1635 351 Rufius

421 365 433 402 l
463 364 552 404 inus
581 367 622 405 P.
655 366 704 406 V.
1223 401 1228 403 .

164 422 259 463 336.
317 421 544 473 Nepotiano
571 429 611 463 et
639 424 843 464 Facundo.
902 423 1040 464 Rufius
1069 425 1237 464 Albinus
1266 425 1310 464 P.
1338 425 1387 464 V.

162 478 259 520 337.
318 478 519 517 Feliciano
550 488 589 520 et
615 480 787 519 Titiano.
817 494 890 519 vn.
912 481 1010 520 Idus
1039 482 1197 534 Martii,
1226 482 1410 522 Valerius
1439 482 1634 521 Proculus

161 591 257 633 338.
316 591 416 629 Urso
447 598 487 630 et
514 591 704 631 Polemio.
763 592 897 631 idibus
926 593 1125 646 Januarii,
1154 594 1380 634 Mecilinius
1404 595 1631 634 Hilarianus

161 705 260 745 339.
318 704 552 743 Constantio
582 703 631 744 Π.
662 710 701 743 et
731 705 959 748 Constante.
1017 706 1152 746 Pridie
1190 706 1287 745 Idus
1327 706 1475 758 Iulias,
1522 707 1632 746 Tur-

378 761 464 813 gius
494 761 764 813 Apronianus,
795 762 948 802 Menses
977 777 1038 804 111.
1071 764 1112 802 P.
1142 763 1191 802 V.
1219 763 1319 802 Item
1353 777 1447 804 vin.
1478 764 1631 803 Kalen·

139 851 142 854 ,
382 818 453 857 das
481 817 738 868 Novembris,
769 819 916 858 Fabius
943 820 1126 870 Titianus
1160 819 1282 861 P..V.

159 873 254 917 340.
316 874 526 928 Acyndiuo
567 880 606 913 et
642 875 824 916 Proculo.
864 890 915 915 ex
959 876 1024 915 die
1060 890 1121 916 111.
1157 877 1292 915 Nonas
1329 876 1444 925 Maii,
1485 876 1527 914 in
1557 890 1628 916 vn.
1654 885 1682 921 P
1707 885 1775 923 468

378 931 475 971 ldus
510 931 643 980 Junii,
689 931 828 972 Junius
861 933 1067 972 Tertullus
1105 933 1285 972 Vicarius
1327 933 1543 984 cognovit,
1583 947 1630 972 eo

378 987 488 1041 quod
526 988 577 1027 ad
617 987 840 1039 Augustum
880 990 1090 1043 profectus
1129 996 1201 1031 est.
1252 996 1394 1043 postea
1444 1003 1630 1029 reversus

376 1045 524 1084 Fabius
553 1045 734 1084 Titianus
764 1047 808 1086 P.
841 1046 886 1087 V.

155 1102 251 1145 341.
310 1101 544 1141 Marcellino
575 1109 615 1141 et
632 1102 820 1144 Probino.
850 1117 888 1146 v.
911 1102 1114 1143 Kalendas
1142 1101 1300 1153 Martii,
1331 1102 1516 1143 Aurelius
1536 1104 1631 1143 Cel—

376 1159 485 1198 sinus
517 1159 557 1197 P.
590 1158 638 1198 V.

155 1213 248 1258 342.
308 1215 538 1255 Constantio
568 1215 638 1256 111.
677 1222 717 1255 et
747 1216 964 1255 Constante
990 1216 1042 1257 IL
1082 1214 1271 1254 Kalendis
1301 1214 1473 1268 Aprilis,
1504 1216 1631 1255 Filol-

372 1272 505 1311 lianus
543 1272 764 1311 Mavortius
815 1272 969 1311 Menses
1007 1286 1068 1311 111.
1113 1272 1199 1311 dies
1235 1285 1291 1310 vi.
1338 1273 1382 1311 P.
1422 1272 1472 1313 V.
1529 1273 1628 1311 Item

375 1329 508 1368 Pridie
538 1329 671 1367 Nonas
699 1329 845 1378 salias,
875 1330 955 1367 Aeo
990 1328 1199 1367 Catulinus
1229 1327 1493 1368 Philomatius
1512 1329 1554 1369 P.
1578 1330 1627 1369 V.

154 1386 248 1428 343.
308 1386 472 1424 Placido
502 1392 543 1425 et
571 1385 756 1425 Romulo.
786 1387 789 1390 ⁴
818 1385 900 1423 Aco
933 1385 1142 1424 Catulinus
1172 1386 1214 1425 P.
1244 1385 1292 1424 V.

152 1444 246 1486 344.
305 1442 471 1481 Leontio
502 1447 541 1480 et
570 1442 758 1482 Salustio.
817 1441 897 1480 Aco
931 1442 1140 1480 Catulinus
1175 1442 1219 1482 P.
1249 1442 1298 1482 V.
1341 1441 1413 1481 sed
1440 1456 1498 1481 111.
1531 1442 1626 1482 Idus

373 1498 542 1552 Aprilis,
573 1498 750 1546 Quintus
782 1498 969 1537 Rusticus
999 1499 1042 1537 P.
1074 1498 1121 1540 V.

152 1557 250 1600 345.
311 1555 494 1595 Amantio
525 1561 564 1594 et
594 1554 754 1594 Albino.
814 1555 989 1604 Quintus
1019 1554 1205 1594 Rusticus
1235 1555 1279 1594 P.
1310 1555 1361 1598 V.
1403 1569 1463 1595 111.
1493 1555 1625 1595 Nonas

374 1612 497 1650 Julias
516 1643 528 1662 ‚
559 1611 759 1651 Probinus
784 1612 826 1654 P.
854 1612 904 1652 V.

152 1671 247 1712 346.
306 1670 402 1708 Post
439 1669 704 1707 Consulatum
751 1668 924 1708 Amantii
963 1674 1004 1707 et
1041 1667 1208 1718 Albini,
1257 1667 1452 1708 Probinus
1491 1669 1532 1709 P.
1577 1669 1624 1710 V.

370 1738 443 1764 vn.
475 1725 677 1765 Kalendas
705 1725 900 1776 Ianuarii,
930 1724 1120 1764 Placidus
1148 1725 1190 1764 P.
1220 1723 1269 1763 V.

150 1783 247 1831 347.
307 1781 452 1822 Rufino
481 1788 521 1822 et
548 1781 733 1822 Eusebio.
793 1781 980 1822 Placidus
1015 1783 1056 1821 P.
1087 1782 1135 1822 V.
1179 1780 1313 1820 Pridie
1348 1780 1444 1821 Idus
1472 1781 1623 1832 Junias,

371 1839 573 1879 Limenius
595 1840 825 1879 Praefectus
854 1839 1060 1878 Praetorio
1089 1845 1130 1878 et
1156 1838 1271 1879 Urbi.

149 1896 246 1939 348.
303 1895 492 1948 Philippo
523 1902 563 1935 et
593 1897 712 1936 Salia.
749 1896 892 1950 Ulpius
925 1896 1124 1936 Limenius
1152 1895 1385 1935 Praefectus
1414 1895 1623 1935 Praetorio

369 1959 410 1992 et
436 1953 548 1993 Urbi.

149 2009 244 2052 349.
300 2009 480 2049 Limenio
510 2016 551 2049 et
579 2009 776 2051 Catulino.
833 2009 1034 2048 Limenius
1076 2010 1304 2050 Praefectus
1342 2009 1551 2049 Praetorio
1583 2014 1625 2048 et

368 2066 480 2106 Urbi.
550 2066 815 2105 cessaverunt
851 2066 1130 2106 Praefecturae
1169 2067 1252 2106 dies
1292 2080 1378 2107 xm.
1420 2080 1442 2104 a
1475 2065 1541 2105 die
1570 2078 1624 2107 vr.

367 2122 464 2161 Idus
506 2122 657 2176 Aprilis
690 2136 819 2175 usque
856 2123 899 2162 in
935 2136 1005 2161 xv.
1038 2123 1238 2162 Kalendas
1271 2122 1387 2162 Junii.
1418 2135 1505 2162 mv.
1535 2122 1622 2160 Ka-

370 2178 510 2218 lendas
559 2179 665 2218 Junii
686 2209 697 2229 ‚
754 2179 999 2231 Hermognes
1048 2179 1277 2219 Praefectus
1322 2178 1529 2236 Praetorio
1582 2185 1623 2218 et

296 2242 299 2247 “
366 2235 480 2276 Urbi.

147 2292 243 2336 350.
303 2291 440 2344 Sergio
479 2297 520 2331 et
555 2291 801 2343 Nigriniano.
858 2290 1126 2342 Hermogenes
1156 2290 1387 2330 Praefectus
1414 2291 1620 2330 Praetorio

367 2354 407 2388 et
434 2347 545 2386 Urbi.
586 2362 650 2387 111.
678 2346 876 2386 Kalendas
906 2348 1064 2399 Martii,
1102 2347 1247 2387 Fabius
1277 2348 1459 2387 Titianus
1498 2348 1540 2386 P.
1570 2348 1617 2389 V.

147 2405 242 2450 351.
302 2405 529 2456 Magnentio
570 2411 609 2444 et
649 2404 831 2444 Gaisone.
888 2404 1037 2443 Fabius
1076 2403 1256 2444 Titianus
1288 2405 1331 2447 P.
1362 2405 1410 2444 V.
1466 2404 1618 2444 Iterum

365 2461 558 2502 Kalendis
586 2461 743 2510 Martii,
773 2460 960 2500 Aurelius
991 2461 1171 2500 Celsinus
1199 2461 1242 2500 P.
1272 2461 1320 2501 V.
1378 2461 1529 2500 Iterum
1560 2474 1616 2499 ιν.

366 2518 461 2558 Idus
499 2517 615 2567 Maii,
664 2517 820 2557 Caelius
859 2518 1053 2558 Probatus
1090 2519 1132 2557 P.
1168 2517 1218 2557 V.
1259 2531 1333 2558 vn.
1364 2518 1459 2557 Idus
1497 2518 1616 2566 Junii,

366 2575 532 2614 Clodius
558 2574 738 2614 Adelfius
766 2575 811 2615 P.
840 2573 890 2616 V.
929 2589 998 2614 xv.
1027 2574 1226 2614 Kalendas
1253 2575 1452 2625 Januarfi,
1494 2574 1615 2614 Vale-

364 2631 449 2671 rius
480 2633 677 2672 Proculus
705 2633 746 2671 P.
776 2631 824 2673 V.

148 2689 241 2732 352.
300 2688 490 2728 Decentio
521 2695 562 2729 et
588 2689 726 2728 Paulo.
785 2687 965 2727 Valerius
995 2687 1189 2727 Proculus
1220 2688 1261 2727 P.
1290 2687 1337 2726 V.
1395 2687 1545 2726 Iterum
1576 2701 1613 2726 v.

367 2745 463 2785 Idus
492 2745 759 2798 Septembris,
789 2745 1004 2797 Septimius
1034 2744 1192 2783 Mnasea
1223 2744 1264 2784 P.
1295 2743 1341 2783 V.
1372 2757 1424 2783 vr.
1456 2744 1614 2783 Kalen-

368 2802 438 2841 das
469 2802 679 2852 Octobris,
709 2802 894 2842 Neratius
925 2801 1096 2841 Cerealis
1126 2801 1167 2839 P.
1203 2801 1250 2841 V.
