<?xml version="1.0" encoding="UTF-8"?>
<!DOCTYPE html PUBLIC "-//W3C//DTD XHTML 1.0 Transitional//EN"
    "http://www.w3.org/TR/xhtml1/DTD/xhtml1-transitional.dtd">
<html xmlns="http://www.w3.org/1999/xhtml" xml:lang="en" lang="en">
 <head>
  <title>
</title>
<meta http-equiv="Content-Type" content="text/html;charset=utf-8" />
  <meta name='ocr-system' content='tesseract 3.04.00' />
  <meta name='ocr-capabilities' content='ocr_page ocr_carea ocr_par ocr_line ocrx_word'/>
</head>
<body>
  <div class='ocr_page' id='page_1' title='image "./corpusscriptorum05niebuoft_0406.png"; bbox 0 0 1820 3276; ppageno 0'>
   <div class='ocr_carea' id='block_1_1' title="bbox 232 194 1128 247">
    <p class='ocr_par' dir='ltr' id='par_1_1' title="bbox 232 194 1128 247">
     <span class='ocr_line' id='line_1_1' title="bbox 232 194 1128 247; baseline -0.011 -3"><span class='ocrx_word' id='word_1_1' title='bbox 232 195 333 245; x_wconf 83' lang='lat'><strong>396</strong></span> <span class='ocrx_word' id='word_1_2' title='bbox 626 244 627 247; x_wconf 44' lang='lat'><strong>,</strong></span> <span class='ocrx_word' id='word_1_3' title='bbox 802 194 1128 238; x_wconf 89' lang='lat' dir='ltr'><strong>NOTAE</strong></span> 
     </span>
    </p>
   </div>
   <div class='ocr_carea' id='block_1_2' title="bbox 230 303 1714 2167">
    <p class='ocr_par' dir='ltr' id='par_1_2' title="bbox 231 303 1701 467">
     <span class='ocr_line' id='line_1_2' title="bbox 234 303 1701 358; baseline -0.003 -11"><span class='ocrx_word' id='word_1_4' title='bbox 234 306 476 347; x_wconf 85' lang='lat' dir='ltr'><strong>Phoenicum</strong></span> <span class='ocrx_word' id='word_1_5' title='bbox 504 311 576 345; x_wconf 82' lang='lat' dir='ltr'><strong>etc.</strong></span> <span class='ocrx_word' id='word_1_6' title='bbox 600 303 644 358; x_wconf 89' lang='lat'><strong>1)</strong></span> <span class='ocrx_word' id='word_1_7' title='bbox 703 304 793 343; x_wconf 87' lang='lat' dir='ltr'><strong>Huc</strong></span> <span class='ocrx_word' id='word_1_8' title='bbox 822 317 949 356; x_wconf 84' lang='lat' dir='ltr'><strong>usque</strong></span> <span class='ocrx_word' id='word_1_9' title='bbox 978 316 1072 355; x_wconf 86' lang='lat' dir='ltr'><strong>ergo</strong></span> <span class='ocrx_word' id='word_1_10' title='bbox 1103 303 1310 345; x_wconf 75' lang='lat' dir='ltr'><strong>Holstenius</strong></span> <span class='ocrx_word' id='word_1_11' title='bbox 1338 317 1422 343; x_wconf 86' lang='lat' dir='ltr'><strong>rem</strong></span> <span class='ocrx_word' id='word_1_12' title='bbox 1452 317 1527 343; x_wconf 86' lang='lat' dir='ltr'><strong>acu</strong></span> <span class='ocrx_word' id='word_1_13' title='bbox 1557 303 1701 355; x_wconf 78' lang='lat' dir='ltr'><strong>tetigit,</strong></span> 
     </span>
     <span class='ocr_line' id='line_1_3' title="bbox 233 359 1700 414; baseline -0.003 -11"><span class='ocrx_word' id='word_1_14' title='bbox 233 377 322 403; x_wconf 81' lang='lat' dir='ltr'><strong>oum</strong></span> <span class='ocrx_word' id='word_1_15' title='bbox 353 362 525 411; x_wconf 88' lang='lat' dir='ltr'><strong>diceret,</strong></span> <span class='ocrx_word' id='word_1_16' title='bbox 563 362 650 412; x_wconf 80' lang='lat' dir='ltr'><strong>Ego</strong></span> <span class='ocrx_word' id='word_1_17' title='bbox 678 362 742 399; x_wconf 79' lang='grc' dir='ltr'><strong>Ιιυο</strong></span> <span class='ocrx_word' id='word_1_18' title='bbox 769 374 891 399; x_wconf 84' lang='lat' dir='ltr'><strong>nomen</strong></span> <span class='ocrx_word' id='word_1_19' title='bbox 929 359 1178 414; x_wconf 82' lang='grc' dir='ltr'><strong>(Βαλανίου)</strong></span> <span class='ocrx_word' id='word_1_20' title='bbox 1210 375 1278 413; x_wconf 83' lang='lat' dir='ltr'><strong>pro</strong></span> <span class='ocrx_word' id='word_1_21' title='bbox 1306 364 1444 402; x_wconf 85' lang='lat' dir='ltr'><strong>numine</strong></span> <span class='ocrx_word' id='word_1_22' title='bbox 1471 363 1632 413; x_wconf 81' lang='lat' dir='ltr'><strong>accipio,</strong></span> <span class='ocrx_word' id='word_1_23' title='bbox 1666 365 1700 400; x_wconf 83' lang='lat' dir='ltr'><strong>et</strong></span> 
     </span>
     <span class='ocr_line' id='line_1_4' title="bbox 231 417 1162 467; baseline -0.004 -7"><span class='ocrx_word' id='word_1_24' title='bbox 231 423 272 460; x_wconf 87' lang='lat' dir='ltr'><strong>in</strong></span> <span class='ocrx_word' id='word_1_25' title='bbox 301 434 338 458; x_wconf 91' lang='lat' dir='ltr'><strong>eo</strong></span> <span class='ocrx_word' id='word_1_26' title='bbox 366 419 477 457; x_wconf 85' lang='lat' dir='ltr'><strong>latere</strong></span> <span class='ocrx_word' id='word_1_27' title='bbox 508 419 593 456; x_wconf 90' lang='lat' dir='ltr'><strong>Beli</strong></span> <span class='ocrx_word' id='word_1_28' title='bbox 623 422 687 456; x_wconf 84' lang='lat' dir='ltr'><strong>aut</strong></span> <span class='ocrx_word' id='word_1_29' title='bbox 716 418 811 457; x_wconf 79' lang='lat' dir='ltr'><strong>Baal</strong></span> <span class='ocrx_word' id='word_1_30' title='bbox 823 447 835 467; x_wconf 92' lang='lat'>‚</span> <span class='ocrx_word' id='word_1_31' title='bbox 866 417 964 456; x_wconf 84' lang='lat' dir='ltr'><strong>Solis</strong></span> <span class='ocrx_word' id='word_1_32' title='bbox 991 420 1162 456; x_wconf 74' lang='lat' dir='ltr'><strong>existimo.</strong></span> 
     </span>
    </p>

    <p class='ocr_par' dir='ltr' id='par_1_3' title="bbox 231 472 1709 586">
     <span class='ocr_line' id='line_1_5' title="bbox 266 472 1700 524; baseline -0.002 -11"><span class='ocrx_word' id='word_1_33' title='bbox 266 502 269 504; x_wconf 90' lang='lat'>-</span> <span class='ocrx_word' id='word_1_34' title='bbox 344 475 422 513; x_wconf 86' lang='lat' dir='ltr'><strong>Sed</strong></span> <span class='ocrx_word' id='word_1_35' title='bbox 462 474 496 515; x_wconf 86' lang='lat' dir='ltr'><strong>si</strong></span> <span class='ocrx_word' id='word_1_36' title='bbox 533 475 744 513; x_wconf 86' lang='lat' dir='ltr'><strong>dimidium</strong></span> <span class='ocrx_word' id='word_1_37' title='bbox 782 474 894 512; x_wconf 82' lang='lat' dir='ltr'><strong>vocis</strong></span> <span class='ocrx_word' id='word_1_38' title='bbox 921 475 1123 515; x_wconf 81' lang='grc' dir='ltr'><strong><em>Βαλανίου</em></strong></span> <span class='ocrx_word' id='word_1_39' title='bbox 1151 486 1374 523; x_wconf 79' lang='lat' dir='ltr'>sumamus,</span> <span class='ocrx_word' id='word_1_40' title='bbox 1420 485 1501 524; x_wconf 88' lang='lat' dir='ltr'><strong>quo</strong></span> <span class='ocrx_word' id='word_1_41' title='bbox 1531 472 1700 512; x_wconf 80' lang='lat' dir='ltr'><strong>alterum</strong></span> 
     </span>
     <span class='ocr_line' id='line_1_6' title="bbox 231 529 1709 586; baseline -0.004 -15"><span class='ocrx_word' id='word_1_42' title='bbox 231 531 429 586; x_wconf 81' lang='lat' dir='ltr'><strong>spectabit</strong></span> <span class='ocrx_word' id='word_1_43' title='bbox 457 530 701 570; x_wconf 75' lang='lat' dir='ltr'><strong>dimidium?</strong></span> <span class='ocrx_word' id='word_1_44' title='bbox 759 531 967 577; x_wconf 78' lang='lat' dir='ltr'><strong>Holstenius</strong></span> <span class='ocrx_word' id='word_1_45' title='bbox 994 531 1037 569; x_wconf 84' lang='lat' dir='ltr'><strong>id</strong></span> <span class='ocrx_word' id='word_1_46' title='bbox 1065 531 1259 569; x_wconf 86' lang='lat' dir='ltr'><strong>intactum</strong></span> <span class='ocrx_word' id='word_1_47' title='bbox 1287 529 1490 581; x_wconf 78' lang='lat' dir='ltr'><strong>relinquit.</strong></span> <span class='ocrx_word' id='word_1_48' title='bbox 1706 557 1709 565; x_wconf 45' lang='lat'>2</span> 
     </span>
    </p>

    <p class='ocr_par' dir='ltr' id='par_1_4' title="bbox 233 587 1707 747">
     <span class='ocr_line' id='line_1_7' title="bbox 349 587 1704 638; baseline -0.002 -12"><span class='ocrx_word' id='word_1_49' title='bbox 349 588 467 637; x_wconf 88' lang='lat' dir='ltr'><strong>Quod</strong></span> <span class='ocrx_word' id='word_1_50' title='bbox 496 589 548 627; x_wconf 86' lang='lat' dir='ltr'><strong>ad</strong></span> <span class='ocrx_word' id='word_1_51' title='bbox 577 602 639 627; x_wconf 90' lang='lat' dir='ltr'><strong>me</strong></span> <span class='ocrx_word' id='word_1_52' title='bbox 668 587 820 638; x_wconf 84' lang='lat' dir='ltr'><strong>attinet,</strong></span> <span class='ocrx_word' id='word_1_53' title='bbox 849 587 944 627; x_wconf 86' lang='lat' dir='ltr'><strong>inde</strong></span> <span class='ocrx_word' id='word_1_54' title='bbox 974 587 1145 626; x_wconf 80' lang='lat' dir='ltr'><strong>facerem</strong></span> <span class='ocrx_word' id='word_1_55' title='bbox 1175 589 1358 626; x_wconf 82' lang='grc' dir='ltr'><em>ΗΛΙΟΤ</em></span> <span class='ocrx_word' id='word_1_56' title='bbox 1383 591 1453 624; x_wconf 85' lang='lat' dir='ltr'><strong>aut</strong></span> <span class='ocrx_word' id='word_1_57' title='bbox 1485 587 1630 635; x_wconf 83' lang='lat' dir='ltr'><strong>AIOY,</strong></span> <span class='ocrx_word' id='word_1_58' title='bbox 1663 590 1704 624; x_wconf 85' lang='lat' dir='ltr'><strong>et</strong></span> 
     </span>
     <span class='ocr_line' id='line_1_8' title="bbox 233 641 1707 699; baseline -0.003 -14"><span class='ocrx_word' id='word_1_59' title='bbox 233 646 402 696; x_wconf 84' lang='lat' dir='ltr'><strong>legerem</strong></span> <span class='ocrx_word' id='word_1_60' title='bbox 430 648 545 685; x_wconf 89' lang='grc' dir='ltr'><strong>ΒΑΛ</strong></span> <span class='ocrx_word' id='word_1_61' title='bbox 574 646 760 685; x_wconf 82' lang='grc' dir='ltr'><em>ΗΛΙΟΤ</em></span> <span class='ocrx_word' id='word_1_62' title='bbox 783 649 851 683; x_wconf 84' lang='lat' dir='ltr'><strong>aut</strong></span> <span class='ocrx_word' id='word_1_63' title='bbox 877 647 1030 685; x_wconf 87' lang='lat' dir='ltr'><em>BAAA</em></span> <span class='ocrx_word' id='word_1_64' title='bbox 1049 641 1102 699; x_wconf 73' lang='grc'><strong>2)</strong></span> <span class='ocrx_word' id='word_1_65' title='bbox 1132 645 1276 685; x_wconf 79' lang='lat' dir='ltr'><em>AIOY.</em></span> <span class='ocrx_word' id='word_1_66' title='bbox 1337 642 1557 694; x_wconf 83' lang='lat' dir='ltr'><strong>Utrumque</strong></span> <span class='ocrx_word' id='word_1_67' title='bbox 1584 654 1707 695; x_wconf 73' lang='lat' dir='ltr'><strong>prse-</strong></span> 
     </span>
     <span class='ocr_line' id='line_1_9' title="bbox 233 699 1630 747; baseline -0.001 -6"><span class='ocrx_word' id='word_1_68' title='bbox 233 702 338 742; x_wconf 75' lang='lat' dir='ltr'><strong>senti</strong></span> <span class='ocrx_word' id='word_1_69' title='bbox 368 701 558 740; x_wconf 76' lang='lat' dir='ltr'><strong>materiae</strong></span> <span class='ocrx_word' id='word_1_70' title='bbox 587 701 797 746; x_wconf 87' lang='lat' dir='ltr'><strong>convenit,</strong></span> <span class='ocrx_word' id='word_1_71' title='bbox 828 707 868 740; x_wconf 90' lang='lat' dir='ltr'><strong>et</strong></span> <span class='ocrx_word' id='word_1_72' title='bbox 895 700 1063 740; x_wconf 82' lang='lat' dir='ltr'><strong>mutatio</strong></span> <span class='ocrx_word' id='word_1_73' title='bbox 1090 699 1189 739; x_wconf 91' lang='lat' dir='ltr'><strong>levis</strong></span> <span class='ocrx_word' id='word_1_74' title='bbox 1218 705 1258 739; x_wconf 87' lang='lat' dir='ltr'><strong>et</strong></span> <span class='ocrx_word' id='word_1_75' title='bbox 1287 699 1480 737; x_wconf 79' lang='lat' dir='ltr'><strong>naturalis</strong></span> <span class='ocrx_word' id='word_1_76' title='bbox 1509 703 1580 739; x_wconf 84' lang='lat' dir='ltr'><strong>est.</strong></span> <span class='ocrx_word' id='word_1_77' title='bbox 1623 743 1630 747; x_wconf 52' lang='grc'><strong>,</strong></span> 
     </span>
    </p>

    <p class='ocr_par' dir='ltr' id='par_1_5' title="bbox 233 753 1710 1151">
     <span class='ocr_line' id='line_1_10' title="bbox 349 753 1710 809; baseline -0.004 -12"><span class='ocrx_word' id='word_1_78' title='bbox 349 759 391 797; x_wconf 89' lang='lat' dir='ltr'><strong>Si</strong></span> <span class='ocrx_word' id='word_1_79' title='bbox 419 758 595 809; x_wconf 80' lang='lat' dir='ltr'><strong>legamus</strong></span> <span class='ocrx_word' id='word_1_80' title='bbox 625 761 739 799; x_wconf 87' lang='lat' dir='ltr'><strong>BAA</strong></span> <span class='ocrx_word' id='word_1_81' title='bbox 766 760 964 807; x_wconf 83' lang='lat' dir='ltr'><strong>HAIO&#39;I,</strong></span> <span class='ocrx_word' id='word_1_82' title='bbox 1005 770 1125 809; x_wconf 81' lang='lat' dir='ltr'><strong>quam</strong></span> <span class='ocrx_word' id='word_1_83' title='bbox 1151 756 1364 795; x_wconf 85' lang='lat' dir='ltr'><strong>lectionem</strong></span> <span class='ocrx_word' id='word_1_84' title='bbox 1394 755 1599 808; x_wconf 78' lang='lat' dir='ltr'><strong>praefero,</strong></span> <span class='ocrx_word' id='word_1_85' title='bbox 1635 753 1710 792; x_wconf 65' lang='lat' dir='ltr'><strong>ul·-v</strong></span> 
     </span>
     <span class='ocr_line' id='line_1_11' title="bbox 234 811 1706 867; baseline -0.003 -13"><span class='ocrx_word' id='word_1_86' title='bbox 234 815 332 854; x_wconf 84' lang='lat' dir='ltr'><strong>tima</strong></span> <span class='ocrx_word' id='word_1_87' title='bbox 362 828 446 854; x_wconf 83' lang='lat' dir='ltr'><strong>vox</strong></span> <span class='ocrx_word' id='word_1_88' title='bbox 476 815 552 854; x_wconf 87' lang='lat' dir='ltr'><strong>erit</strong></span> <span class='ocrx_word' id='word_1_89' title='bbox 582 815 781 854; x_wconf 89' lang='lat' dir='ltr'><strong>Graecum</strong></span> <span class='ocrx_word' id='word_1_90' title='bbox 810 814 1044 867; x_wconf 85' lang='lat' dir='ltr'><strong>adjunctum</strong></span> <span class='ocrx_word' id='word_1_91' title='bbox 1084 812 1324 866; x_wconf 82' lang='lat' dir='ltr'><strong>Epitheton,</strong></span> <span class='ocrx_word' id='word_1_92' title='bbox 1363 818 1432 850; x_wconf 91' lang='lat' dir='ltr'><strong>aut</strong></span> <span class='ocrx_word' id='word_1_93' title='bbox 1470 811 1706 863; x_wconf 77' lang='lat' dir='ltr'><strong>interpreta-</strong></span> 
     </span>
     <span class='ocr_line' id='line_1_12' title="bbox 234 864 1708 924; baseline -0.001 -13"><span class='ocrx_word' id='word_1_94' title='bbox 234 872 293 911; x_wconf 85' lang='lat' dir='ltr'><strong>tio</strong></span> <span class='ocrx_word' id='word_1_95' title='bbox 322 871 474 924; x_wconf 83' lang='lat' dir='ltr'><strong>primae</strong></span> <span class='ocrx_word' id='word_1_96' title='bbox 502 871 622 911; x_wconf 84' lang='lat' dir='ltr'><strong>vocis.</strong></span> <span class='ocrx_word' id='word_1_97' title='bbox 645 871 847 923; x_wconf 81' lang='lat' dir='ltr'><strong>Syriacae,</strong></span> <span class='ocrx_word' id='word_1_98' title='bbox 876 876 922 909; x_wconf 90' lang='lat' dir='ltr'><strong>ut</strong></span> <span class='ocrx_word' id='word_1_99' title='bbox 950 876 1010 909; x_wconf 88' lang='lat' dir='ltr'><strong>est</strong></span> <span class='ocrx_word' id='word_1_100' title='bbox 1038 869 1080 908; x_wconf 92' lang='lat' dir='ltr'><strong>in</strong></span> <span class='ocrx_word' id='word_1_101' title='bbox 1108 868 1187 907; x_wconf 88' lang='lat' dir='ltr'><strong>hoc</strong></span> <span class='ocrx_word' id='word_1_102' title='bbox 1215 870 1308 908; x_wconf 91' lang='lat' dir='ltr'><strong>loco</strong></span> <span class='ocrx_word' id='word_1_103' title='bbox 1337 868 1499 907; x_wconf 85' lang='lat' dir='ltr'><strong>Malelae</strong></span> <span class='ocrx_word' id='word_1_104' title='bbox 1517 865 1564 923; x_wconf 74' lang='lat'><strong>³)</strong></span> <span class='ocrx_word' id='word_1_105' title='bbox 1596 864 1708 921; x_wconf 78' lang='grc' dir='ltr'><strong><em>ἱερόν</em></strong></span> 
     </span>
     <span class='ocr_line' id='line_1_13' title="bbox 234 923 1708 982; baseline -0.005 -12"><span class='ocrx_word' id='word_1_106' title='bbox 234 925 471 982; x_wconf 69' lang='grc' dir='ltr'><strong>Σερᾶπιδος,</strong></span> <span class='ocrx_word' id='word_1_107' title='bbox 491 927 656 978; x_wconf 82' lang='grc' dir='ltr'><strong><em>Ἢλίου,</em></strong></span> <span class='ocrx_word' id='word_1_108' title='bbox 687 929 850 979; x_wconf 81' lang='lat' dir='ltr'><strong>templum</strong></span> <span class='ocrx_word' id='word_1_109' title='bbox 878 927 1067 979; x_wconf 79' lang='lat' dir='ltr'><strong>Serapidis</strong></span> <span class='ocrx_word' id='word_1_110' title='bbox 1097 926 1205 965; x_wconf 76' lang='lat' dir='ltr'><strong>Solis.</strong></span> <span class='ocrx_word' id='word_1_111' title='bbox 1264 925 1422 975; x_wconf 79' lang='lat' dir='ltr'><strong>Quibus</strong></span> <span class='ocrx_word' id='word_1_112' title='bbox 1450 923 1543 963; x_wconf 77' lang='lat' dir='ltr'><strong>addi</strong></span> <span class='ocrx_word' id='word_1_113' title='bbox 1573 929 1708 976; x_wconf 81' lang='lat' dir='ltr'><strong>potest</strong></span> 
     </span>
     <span class='ocr_line' id='line_1_14' title="bbox 235 979 1710 1037; baseline -0.005 -13"><span class='ocrx_word' id='word_1_114' title='bbox 235 985 348 1037; x_wconf 84' lang='lat' dir='ltr'><strong>quod</strong></span> <span class='ocrx_word' id='word_1_115' title='bbox 376 985 419 1023; x_wconf 88' lang='lat' dir='ltr'><strong>in</strong></span> <span class='ocrx_word' id='word_1_116' title='bbox 449 985 688 1036; x_wconf 82' lang='lat' dir='ltr'><strong>quibusdam</strong></span> <span class='ocrx_word' id='word_1_117' title='bbox 718 984 948 1023; x_wconf 76' lang='lat' dir='ltr'><strong>marmoreis</strong></span> <span class='ocrx_word' id='word_1_118' title='bbox 980 982 1308 1035; x_wconf 78' lang='lat' dir='ltr'><strong>inscriptionibus</strong></span> <span class='ocrx_word' id='word_1_119' title='bbox 1326 980 1373 1035; x_wconf 75' lang='lat'><strong>4)</strong></span> <span class='ocrx_word' id='word_1_120' title='bbox 1403 981 1621 1030; x_wconf 82' lang='lat' dir='ltr'><strong>invenitur,</strong></span> <span class='ocrx_word' id='word_1_121' title='bbox 1650 979 1710 1018; x_wconf 62' lang='lat' dir='ltr'><strong>li-</strong></span> 
     </span>
     <span class='ocr_line' id='line_1_15' title="bbox 235 1035 1707 1090; baseline -0.004 -10"><span class='ocrx_word' id='word_1_122' title='bbox 235 1048 299 1080; x_wconf 80' lang='lat' dir='ltr'><strong>cet</strong></span> <span class='ocrx_word' id='word_1_123' title='bbox 328 1041 406 1080; x_wconf 78' lang='lat' dir='ltr'><strong>alio</strong></span> <span class='ocrx_word' id='word_1_124' title='bbox 436 1041 591 1090; x_wconf 82' lang='lat' dir='ltr'><strong>ordine,</strong></span> <span class='ocrx_word' id='word_1_125' title='bbox 626 1043 716 1080; x_wconf 92' lang='grc' dir='ltr'><strong>ΔΙΙ</strong></span> <span class='ocrx_word' id='word_1_126' title='bbox 740 1042 888 1080; x_wconf 78' lang='grc' dir='ltr'><strong>ΗΛΙΩ.</strong></span> <span class='ocrx_word' id='word_1_127' title='bbox 918 1041 1165 1080; x_wconf 72' lang='grc' dir='ltr'><strong>ΜΕΓΑΛΩ.</strong></span> <span class='ocrx_word' id='word_1_128' title='bbox 1194 1041 1495 1089; x_wconf 68' lang='lat' dir='ltr'><em>ZAPAHIA13</em></span> <span class='ocrx_word' id='word_1_129' title='bbox 1523 1043 1563 1077; x_wconf 86' lang='lat' dir='ltr'><strong>et</strong></span> <span class='ocrx_word' id='word_1_130' title='bbox 1594 1035 1707 1089; x_wconf 85' lang='lat' dir='ltr'><strong>quod</strong></span> 
     </span>
     <span class='ocr_line' id='line_1_16' title="bbox 233 1094 1707 1151; baseline -0.002 -14"><span class='ocrx_word' id='word_1_131' title='bbox 233 1099 276 1137; x_wconf 84' lang='lat' dir='ltr'><strong>in</strong></span> <span class='ocrx_word' id='word_1_132' title='bbox 307 1098 394 1136; x_wconf 85' lang='lat' dir='ltr'><strong>aliis</strong></span> <span class='ocrx_word' id='word_1_133' title='bbox 418 1097 465 1148; x_wconf 80' lang='grc' dir='ltr'><strong>ὁ)</strong></span> <span class='ocrx_word' id='word_1_134' title='bbox 495 1098 671 1151; x_wconf 82' lang='lat' dir='ltr'><strong>pertinet</strong></span> <span class='ocrx_word' id='word_1_135' title='bbox 699 1097 751 1136; x_wconf 83' lang='lat' dir='ltr'><strong>ad</strong></span> <span class='ocrx_word' id='word_1_136' title='bbox 779 1097 979 1147; x_wconf 81' lang='lat' dir='ltr'><strong>Mithram,</strong></span> <span class='ocrx_word' id='word_1_137' title='bbox 1009 1095 1214 1135; x_wconf 80' lang='lat' dir='ltr'><strong>Persicum</strong></span> <span class='ocrx_word' id='word_1_138' title='bbox 1245 1095 1344 1135; x_wconf 76' lang='lat' dir='ltr'><strong>Solis</strong></span> <span class='ocrx_word' id='word_1_139' title='bbox 1371 1108 1530 1145; x_wconf 88' lang='lat' dir='ltr'><strong>nomen,</strong></span> <span class='ocrx_word' id='word_1_140' title='bbox 1557 1094 1707 1135; x_wconf 76' lang='grc' dir='ltr'><em>ΗΛΙΩ</em></span> 
     </span>
    </p>

    <p class='ocr_par' dir='ltr' id='par_1_6' title="bbox 230 1206 1714 2167">
     <span class='ocr_line' id='line_1_17' title="bbox 349 1206 1710 1261; baseline -0.004 -11"><span class='ocrx_word' id='word_1_141' title='bbox 349 1211 430 1250; x_wconf 79' lang='lat' dir='ltr'><strong>Aut</strong></span> <span class='ocrx_word' id='word_1_142' title='bbox 465 1209 500 1248; x_wconf 84' lang='lat' dir='ltr'><strong>si</strong></span> <span class='ocrx_word' id='word_1_143' title='bbox 530 1209 619 1261; x_wconf 85' lang='lat' dir='ltr'><strong>quis</strong></span> <span class='ocrx_word' id='word_1_144' title='bbox 656 1209 768 1248; x_wconf 82' lang='lat' dir='ltr'><strong>malit</strong></span> <span class='ocrx_word' id='word_1_145' title='bbox 796 1209 928 1260; x_wconf 89' lang='lat' dir='ltr'><strong>legere</strong></span> <span class='ocrx_word' id='word_1_146' title='bbox 957 1211 1111 1249; x_wconf 89' lang='grc' dir='ltr'><em>ΒΑΑΛ</em></span> <span class='ocrx_word' id='word_1_147' title='bbox 1139 1211 1296 1258; x_wconf 80' lang='grc' dir='ltr'><em>ΔΙΟΥ,</em></span> <span class='ocrx_word' id='word_1_148' title='bbox 1332 1207 1376 1246; x_wconf 83' lang='lat' dir='ltr'><strong>id</strong></span> <span class='ocrx_word' id='word_1_149' title='bbox 1406 1206 1607 1260; x_wconf 74' lang='lat' dir='ltr'><strong>aliquibus</strong></span> <span class='ocrx_word' id='word_1_150' title='bbox 1635 1219 1710 1244; x_wconf 80' lang='lat' dir='ltr'><strong>au-</strong></span> 
     </span>
     <span class='ocr_line' id='line_1_18' title="bbox 230 1262 1709 1318; baseline -0.003 -12"><span class='ocrx_word' id='word_1_151' title='bbox 230 1267 488 1307; x_wconf 79' lang='lat' dir='ltr'><strong>ctoritatibus</strong></span> <span class='ocrx_word' id='word_1_152' title='bbox 519 1265 682 1309; x_wconf 80' lang='lat' dir='ltr'><strong>defendi</strong></span> <span class='ocrx_word' id='word_1_153' title='bbox 711 1271 856 1318; x_wconf 84' lang='lat' dir='ltr'><strong>potest.</strong></span> <span class='ocrx_word' id='word_1_154' title='bbox 913 1265 1012 1304; x_wconf 89' lang='lat' dir='ltr'><strong>Nam</strong></span> <span class='ocrx_word' id='word_1_155' title='bbox 1044 1271 1197 1303; x_wconf 86' lang='lat' dir='ltr'><strong>certum</strong></span> <span class='ocrx_word' id='word_1_156' title='bbox 1227 1271 1288 1303; x_wconf 85' lang='lat' dir='ltr'><strong>est</strong></span> <span class='ocrx_word' id='word_1_157' title='bbox 1316 1263 1390 1303; x_wconf 84' lang='lat' dir='ltr'><strong>sub</strong></span> <span class='ocrx_word' id='word_1_158' title='bbox 1414 1264 1602 1303; x_wconf 84' lang='lat' dir='ltr'><strong>Romanis</strong></span> <span class='ocrx_word' id='word_1_159' title='bbox 1632 1262 1709 1301; x_wconf 84' lang='lat' dir='ltr'><strong>lm·</strong></span> 
     </span>
     <span class='ocr_line' id='line_1_19' title="bbox 234 1319 1710 1378; baseline -0.003 -16"><span class='ocrx_word' id='word_1_160' title='bbox 234 1323 510 1378; x_wconf 84' lang='lat' dir='ltr'><strong>peratoribus,</strong></span> <span class='ocrx_word' id='word_1_161' title='bbox 541 1329 756 1375; x_wconf 84' lang='lat' dir='ltr'><strong>postquam</strong></span> <span class='ocrx_word' id='word_1_162' title='bbox 789 1321 940 1361; x_wconf 75' lang='lat' dir='ltr'><strong>Severus</strong></span> <span class='ocrx_word' id='word_1_163' title='bbox 972 1321 1152 1360; x_wconf 73' lang='lat' dir='ltr'><strong>Coloniam</strong></span> <span class='ocrx_word' id='word_1_164' title='bbox 1181 1321 1319 1373; x_wconf 83' lang='lat' dir='ltr'><strong>Syriae</strong></span> <span class='ocrx_word' id='word_1_165' title='bbox 1347 1321 1562 1372; x_wconf 78' lang='lat' dir='ltr'><strong>Heliopolim</strong></span> <span class='ocrx_word' id='word_1_166' title='bbox 1590 1319 1710 1358; x_wconf 80' lang='lat' dir='ltr'><strong>fecis-</strong></span> 
     </span>
     <span class='ocr_line' id='line_1_20' title="bbox 235 1377 1708 1434; baseline -0.003 -15"><span class='ocrx_word' id='word_1_167' title='bbox 235 1388 320 1431; x_wconf 86' lang='lat' dir='ltr'><strong>set,</strong></span> <span class='ocrx_word' id='word_1_168' title='bbox 361 1381 446 1434; x_wconf 88' lang='lat' dir='ltr'><strong>ejus</strong></span> <span class='ocrx_word' id='word_1_169' title='bbox 475 1380 684 1432; x_wconf 87' lang='lat' dir='ltr'><strong>Templum</strong></span> <span class='ocrx_word' id='word_1_170' title='bbox 715 1392 861 1418; x_wconf 88' lang='lat' dir='ltr'><strong>nomen</strong></span> <span class='ocrx_word' id='word_1_171' title='bbox 888 1379 985 1418; x_wconf 76' lang='lat' dir='ltr'><strong>Jovis</strong></span> <span class='ocrx_word' id='word_1_172' title='bbox 1015 1377 1224 1428; x_wconf 83' lang='lat' dir='ltr'><strong>habuisse,</strong></span> <span class='ocrx_word' id='word_1_173' title='bbox 1266 1377 1397 1428; x_wconf 84' lang='lat' dir='ltr'><strong>magni</strong></span> <span class='ocrx_word' id='word_1_174' title='bbox 1437 1378 1708 1416; x_wconf 86' lang='lat' dir='ltr'><strong>Romanorum</strong></span> 
     </span>
     <span class='ocr_line' id='line_1_21' title="bbox 236 1433 1710 1489; baseline -0.003 -13"><span class='ocrx_word' id='word_1_175' title='bbox 236 1437 332 1487; x_wconf 87' lang='lat' dir='ltr'><strong>Dei,</strong></span> <span class='ocrx_word' id='word_1_176' title='bbox 375 1436 446 1489; x_wconf 88' lang='lat' dir='ltr'><strong>qui</strong></span> <span class='ocrx_word' id='word_1_177' title='bbox 485 1437 519 1475; x_wconf 91' lang='lat' dir='ltr'><strong>ei</strong></span> <span class='ocrx_word' id='word_1_178' title='bbox 549 1449 726 1475; x_wconf 87' lang='lat' dir='ltr'><strong>summos</strong></span> <span class='ocrx_word' id='word_1_179' title='bbox 757 1437 858 1475; x_wconf 83' lang='lat' dir='ltr'><strong>Deos</strong></span> <span class='ocrx_word' id='word_1_180' title='bbox 889 1435 1058 1474; x_wconf 79' lang='lat' dir='ltr'><strong>aliarum</strong></span> <span class='ocrx_word' id='word_1_181' title='bbox 1086 1434 1295 1485; x_wconf 88' lang='lat' dir='ltr'><strong>regionum</strong></span> <span class='ocrx_word' id='word_1_182' title='bbox 1325 1433 1633 1481; x_wconf 56' lang='lat' dir='ltr'><strong>assimili-abant,</strong></span> <span class='ocrx_word' id='word_1_183' title='bbox 1669 1438 1710 1472; x_wconf 77' lang='lat' dir='ltr'><strong>et</strong></span> 
     </span>
     <span class='ocr_line' id='line_1_22' title="bbox 236 1489 1710 1546; baseline -0.004 -14"><span class='ocrx_word' id='word_1_184' title='bbox 236 1494 307 1546; x_wconf 86' lang='lat' dir='ltr'><strong>qui</strong></span> <span class='ocrx_word' id='word_1_185' title='bbox 336 1501 427 1532; x_wconf 87' lang='lat' dir='ltr'><strong>ante</strong></span> <span class='ocrx_word' id='word_1_186' title='bbox 456 1493 688 1532; x_wconf 80' lang='lat' dir='ltr'><strong>Aurelianum</strong></span> <span class='ocrx_word' id='word_1_187' title='bbox 715 1506 797 1531; x_wconf 87' lang='lat' dir='ltr'><strong>non</strong></span> <span class='ocrx_word' id='word_1_188' title='bbox 825 1491 1014 1530; x_wconf 87' lang='lat' dir='ltr'><strong>videntur</strong></span> <span class='ocrx_word' id='word_1_189' title='bbox 1042 1491 1252 1545; x_wconf 88' lang='lat' dir='ltr'><strong>publicum</strong></span> <span class='ocrx_word' id='word_1_190' title='bbox 1282 1490 1436 1530; x_wconf 82' lang='lat' dir='ltr'><strong>cultum</strong></span> <span class='ocrx_word' id='word_1_191' title='bbox 1464 1497 1533 1530; x_wconf 77' lang='lat' dir='ltr'><strong>aut</strong></span> <span class='ocrx_word' id='word_1_192' title='bbox 1561 1489 1611 1528; x_wconf 78' lang='lat' dir='ltr'><strong>ad</strong></span> <span class='ocrx_word' id='word_1_193' title='bbox 1630 1489 1710 1529; x_wconf 51' lang='lat' dir='ltr'><strong>mi*</strong></span> 
     </span>
     <span class='ocr_line' id='line_1_23' title="bbox 234 1545 1710 1602; baseline -0.001 -13"><span class='ocrx_word' id='word_1_194' title='bbox 234 1550 387 1590; x_wconf 88' lang='lat' dir='ltr'><strong>nimum</strong></span> <span class='ocrx_word' id='word_1_195' title='bbox 429 1549 640 1602; x_wconf 88' lang='lat' dir='ltr'><strong>Templum</strong></span> <span class='ocrx_word' id='word_1_196' title='bbox 681 1548 780 1588; x_wconf 66' lang='lat' dir='ltr'><strong>Solis</strong></span> <span class='ocrx_word' id='word_1_197' title='bbox 820 1548 1019 1589; x_wconf 84' lang='lat' dir='ltr'><strong>habuisse.</strong></span> <span class='ocrx_word' id='word_1_198' title='bbox 1080 1548 1183 1586; x_wconf 88' lang='lat' dir='ltr'><strong>Hinc</strong></span> <span class='ocrx_word' id='word_1_199' title='bbox 1224 1553 1284 1586; x_wconf 81' lang='lat' dir='ltr'><strong>est</strong></span> <span class='ocrx_word' id='word_1_200' title='bbox 1324 1546 1432 1599; x_wconf 86' lang='lat' dir='ltr'><strong>quod</strong></span> <span class='ocrx_word' id='word_1_201' title='bbox 1469 1547 1511 1586; x_wconf 89' lang='lat' dir='ltr'><strong>in</strong></span> <span class='ocrx_word' id='word_1_202' title='bbox 1541 1545 1710 1587; x_wconf 77' lang='lat' dir='ltr'><strong>diversis</strong></span> 
     </span>
     <span class='ocr_line' id='line_1_24' title="bbox 234 1602 1712 1656; baseline -0.003 -10"><span class='ocrx_word' id='word_1_203' title='bbox 234 1607 540 1646; x_wconf 85' lang='lat' dir='ltr'><strong>numismatibus</strong></span> <span class='ocrx_word' id='word_1_204' title='bbox 571 1606 722 1655; x_wconf 79' lang='lat' dir='ltr'><strong>Severi,</strong></span> <span class='ocrx_word' id='word_1_205' title='bbox 753 1606 968 1646; x_wconf 82' lang='lat' dir='ltr'><strong>caracallae</strong></span> <span class='ocrx_word' id='word_1_206' title='bbox 997 1611 1036 1643; x_wconf 89' lang='lat' dir='ltr'><strong>et</strong></span> <span class='ocrx_word' id='word_1_207' title='bbox 1067 1604 1252 1656; x_wconf 75' lang='lat' dir='ltr'><strong>Philippi,</strong></span> <span class='ocrx_word' id='word_1_208' title='bbox 1282 1604 1411 1656; x_wconf 86' lang='lat' dir='ltr'><strong>patris</strong></span> <span class='ocrx_word' id='word_1_209' title='bbox 1437 1609 1478 1642; x_wconf 84' lang='lat' dir='ltr'><strong>et</strong></span> <span class='ocrx_word' id='word_1_210' title='bbox 1503 1602 1596 1652; x_wconf 86' lang='lat' dir='ltr'><strong>filii,</strong></span> <span class='ocrx_word' id='word_1_211' title='bbox 1634 1616 1712 1656; x_wconf 84' lang='lat' dir='ltr'><strong>po·-</strong></span> 
     </span>
     <span class='ocr_line' id='line_1_25' title="bbox 235 1658 1712 1717; baseline -0.004 -14"><span class='ocrx_word' id='word_1_212' title='bbox 235 1666 374 1703; x_wconf 85' lang='lat' dir='ltr'><strong>sticam</strong></span> <span class='ocrx_word' id='word_1_213' title='bbox 405 1669 559 1717; x_wconf 85' lang='lat' dir='ltr'><strong>partem</strong></span> <span class='ocrx_word' id='word_1_214' title='bbox 589 1662 795 1702; x_wconf 83' lang='lat' dir='ltr'><strong>videamus</strong></span> <span class='ocrx_word' id='word_1_215' title='bbox 823 1663 970 1715; x_wconf 88' lang='lat' dir='ltr'><strong>pulcro</strong></span> <span class='ocrx_word' id='word_1_216' title='bbox 1000 1661 1152 1715; x_wconf 85' lang='lat' dir='ltr'><strong>templo</strong></span> <span class='ocrx_word' id='word_1_217' title='bbox 1183 1666 1386 1710; x_wconf 82' lang='lat' dir='ltr'><strong>ornatam,</strong></span> <span class='ocrx_word' id='word_1_218' title='bbox 1416 1673 1507 1699; x_wconf 87' lang='lat' dir='ltr'><strong>cum</strong></span> <span class='ocrx_word' id='word_1_219' title='bbox 1535 1659 1614 1699; x_wconf 84' lang='lat' dir='ltr'><strong>hac</strong></span> <span class='ocrx_word' id='word_1_220' title='bbox 1641 1658 1712 1697; x_wconf 49' lang='lat' dir='ltr'><strong>in*-</strong></span> 
     </span>
     <span class='ocr_line' id='line_1_26' title="bbox 236 1712 1713 1772; baseline -0.003 -13"><span class='ocrx_word' id='word_1_221' title='bbox 236 1720 458 1772; x_wconf 84' lang='lat' dir='ltr'><strong>scriptione</strong></span> <span class='ocrx_word' id='word_1_222' title='bbox 498 1720 610 1758; x_wconf 89' lang='lat' dir='ltr'><strong>COL.</strong></span> <span class='ocrx_word' id='word_1_223' title='bbox 640 1719 754 1758; x_wconf 81' lang='lat' dir='ltr'><strong>HEL.</strong></span> <span class='ocrx_word' id='word_1_224' title='bbox 784 1719 815 1757; x_wconf 93' lang='lat' dir='ltr'><strong>I.</strong></span> <span class='ocrx_word' id='word_1_225' title='bbox 846 1719 893 1758; x_wconf 92' lang='grc' dir='ltr'><strong>Ο.</strong></span> <span class='ocrx_word' id='word_1_226' title='bbox 926 1718 976 1756; x_wconf 92' lang='grc' dir='ltr'><strong>Μ.</strong></span> <span class='ocrx_word' id='word_1_227' title='bbox 1009 1718 1056 1757; x_wconf 90' lang='grc' dir='ltr'><strong>Η.</strong></span> <span class='ocrx_word' id='word_1_228' title='bbox 1089 1718 1237 1757; x_wconf 85' lang='lat' dir='ltr'><strong>Colonia</strong></span> <span class='ocrx_word' id='word_1_229' title='bbox 1265 1717 1486 1770; x_wconf 79' lang='lat' dir='ltr'><strong>Heliopolis,</strong></span> <span class='ocrx_word' id='word_1_230' title='bbox 1524 1715 1639 1755; x_wconf 83' lang='lat' dir='ltr'><strong>JOVI</strong></span> <span class='ocrx_word' id='word_1_231' title='bbox 1665 1712 1713 1768; x_wconf 63' lang='lat'><strong>⁶)</strong></span> 
     </span>
     <span class='ocr_line' id='line_1_27' title="bbox 237 1772 1714 1827; baseline -0.003 -12"><span class='ocrx_word' id='word_1_232' title='bbox 237 1777 434 1815; x_wconf 87' lang='lat' dir='ltr'>OPTIMO</span> <span class='ocrx_word' id='word_1_233' title='bbox 465 1773 680 1815; x_wconf 85' lang='lat' dir='ltr'><strong>MAXIMO</strong></span> <span class='ocrx_word' id='word_1_234' title='bbox 709 1775 1148 1814; x_wconf 86' lang='lat' dir='ltr'><strong>HELIOPOLITANO.</strong></span> <span class='ocrx_word' id='word_1_235' title='bbox 1202 1774 1252 1813; x_wconf 89' lang='lat' dir='ltr'><strong>Et</strong></span> <span class='ocrx_word' id='word_1_236' title='bbox 1268 1780 1484 1827; x_wconf 87' lang='lat' dir='ltr'><strong>propterea</strong></span> <span class='ocrx_word' id='word_1_237' title='bbox 1495 1772 1714 1812; x_wconf 8' lang='lat' dir='ltr'><strong>,Macrobius</strong></span> 
     </span>
     <span class='ocr_line' id='line_1_28' title="bbox 236 1827 1713 1885; baseline -0.003 -13"><span class='ocrx_word' id='word_1_238' title='bbox 236 1833 322 1872; x_wconf 91' lang='lat' dir='ltr'><strong>Lib.</strong></span> <span class='ocrx_word' id='word_1_239' title='bbox 343 1833 372 1871; x_wconf 90' lang='grc' dir='ltr'><strong>Ι.</strong></span> <span class='ocrx_word' id='word_1_240' title='bbox 396 1847 430 1872; x_wconf 88' lang='lat' dir='ltr'><strong>c.</strong></span> <span class='ocrx_word' id='word_1_241' title='bbox 450 1835 514 1875; x_wconf 79' lang='lat'><strong>23.</strong></span> <span class='ocrx_word' id='word_1_242' title='bbox 546 1832 719 1885; x_wconf 86' lang='lat' dir='ltr'><strong>probare</strong></span> <span class='ocrx_word' id='word_1_243' title='bbox 738 1832 878 1872; x_wconf 83' lang='lat' dir='ltr'><strong>volens</strong></span> <span class='ocrx_word' id='word_1_244' title='bbox 905 1833 1022 1870; x_wconf 81' lang='lat' dir='ltr'><strong>Jovem</strong></span> <span class='ocrx_word' id='word_1_245' title='bbox 1052 1837 1092 1870; x_wconf 90' lang='lat' dir='ltr'><strong>et</strong></span> <span class='ocrx_word' id='word_1_246' title='bbox 1122 1830 1241 1871; x_wconf 87' lang='lat' dir='ltr'><strong>Solem</strong></span> <span class='ocrx_word' id='word_1_247' title='bbox 1271 1830 1442 1870; x_wconf 83' lang='lat' dir='ltr'><strong>eundem</strong></span> <span class='ocrx_word' id='word_1_248' title='bbox 1463 1827 1548 1870; x_wconf 78' lang='lat' dir='ltr'><strong>esse</strong></span> <span class='ocrx_word' id='word_1_249' title='bbox 1570 1829 1713 1878; x_wconf 88' lang='lat' dir='ltr'><strong>Deum,</strong></span> 
     </span>
     <span class='ocr_line' id='line_1_29' title="bbox 241 1886 1712 1941; baseline -0.003 -13"><span class='ocrx_word' id='word_1_250' title='bbox 241 1889 341 1929; x_wconf 88' lang='lat' dir='ltr'><strong>dicit</strong></span> <span class='ocrx_word' id='word_1_251' title='bbox 372 1890 512 1941; x_wconf 73' lang='lat' dir='ltr'><strong>Syros,</strong></span> <span class='ocrx_word' id='word_1_252' title='bbox 555 1895 594 1927; x_wconf 87' lang='lat' dir='ltr'><strong>et</strong></span> <span class='ocrx_word' id='word_1_253' title='bbox 622 1888 665 1927; x_wconf 85' lang='lat' dir='ltr'><strong>in</strong></span> <span class='ocrx_word' id='word_1_254' title='bbox 694 1888 833 1941; x_wconf 85' lang='lat' dir='ltr'><strong>primis</strong></span> <span class='ocrx_word' id='word_1_255' title='bbox 861 1888 1146 1940; x_wconf 81' lang='lat' dir='ltr'><strong>Heliopolitanos</strong></span> <span class='ocrx_word' id='word_1_256' title='bbox 1177 1888 1301 1927; x_wconf 86' lang='lat' dir='ltr'><strong>Deum</strong></span> <span class='ocrx_word' id='word_1_257' title='bbox 1330 1900 1446 1926; x_wconf 85' lang='lat' dir='ltr'><strong>suum</strong></span> <span class='ocrx_word' id='word_1_258' title='bbox 1473 1899 1620 1928; x_wconf 77' lang='lat' dir='ltr'><strong>vocare</strong></span> <span class='ocrx_word' id='word_1_259' title='bbox 1647 1886 1712 1924; x_wconf 75' lang='lat' dir='ltr'><strong>Jo-</strong></span> 
     </span>
     <span class='ocr_line' id='line_1_30' title="bbox 237 1941 1712 1997; baseline -0.003 -12"><span class='ocrx_word' id='word_1_260' title='bbox 237 1960 314 1986; x_wconf 86' lang='lat' dir='ltr'><strong>vem</strong></span> <span class='ocrx_word' id='word_1_261' title='bbox 351 1945 677 1997; x_wconf 81' lang='lat' dir='ltr'><strong>Heliopolitanum‚</strong></span> <span class='ocrx_word' id='word_1_262' title='bbox 716 1945 786 1996; x_wconf 92' lang='lat' dir='ltr'><strong>qui</strong></span> <span class='ocrx_word' id='word_1_263' title='bbox 820 1944 976 1983; x_wconf 90' lang='lat' dir='ltr'><strong>nullum</strong></span> <span class='ocrx_word' id='word_1_264' title='bbox 1015 1944 1127 1983; x_wconf 84' lang='lat' dir='ltr'><strong>aliud</strong></span> <span class='ocrx_word' id='word_1_265' title='bbox 1169 1957 1315 1982; x_wconf 87' lang='lat' dir='ltr'><strong>numen</strong></span> <span class='ocrx_word' id='word_1_266' title='bbox 1353 1948 1438 1983; x_wconf 83' lang='lat' dir='ltr'><strong>erat</strong></span> <span class='ocrx_word' id='word_1_267' title='bbox 1472 1956 1593 1994; x_wconf 86' lang='lat' dir='ltr'><strong>quam</strong></span> <span class='ocrx_word' id='word_1_268' title='bbox 1632 1941 1712 1981; x_wconf 90' lang='lat' dir='ltr'><strong>Sol.</strong></span> 
     </span>
     <span class='ocr_line' id='line_1_31' title="bbox 238 1998 1713 2055; baseline -0.004 -12"><span class='ocrx_word' id='word_1_269' title='bbox 238 2005 383 2055; x_wconf 75' lang='lat' dir='ltr'><strong>Assyrii</strong></span> <span class='ocrx_word' id='word_1_270' title='bbox 410 2015 544 2054; x_wconf 79' lang='lat' dir='ltr'><strong>quoque</strong></span> <span class='ocrx_word' id='word_1_271' title='bbox 573 2002 706 2040; x_wconf 81' lang='lat' dir='ltr'><strong>Solem</strong></span> <span class='ocrx_word' id='word_1_272' title='bbox 733 2002 797 2040; x_wconf 74' lang='lat' dir='ltr'><strong>sub</strong></span> <span class='ocrx_word' id='word_1_273' title='bbox 825 2004 962 2040; x_wconf 86' lang='lat' dir='ltr'><strong>nomine</strong></span> <span class='ocrx_word' id='word_1_274' title='bbox 987 2000 1120 2050; x_wconf 86' lang='lat' dir='ltr'><strong>Jovis,</strong></span> <span class='ocrx_word' id='word_1_275' title='bbox 1161 2013 1260 2052; x_wconf 80' lang='lat' dir='ltr'><strong>quem</strong></span> <span class='ocrx_word' id='word_1_276' title='bbox 1297 1999 1382 2038; x_wconf 81' lang='lat' dir='ltr'><strong>DIA</strong></span> <span class='ocrx_word' id='word_1_277' title='bbox 1413 1998 1713 2041; x_wconf 55' lang='lat' dir='ltr'>HEL10POL1÷</span> 
     </span>
     <span class='ocr_line' id='line_1_32' title="bbox 236 2054 1712 2108; baseline -0.003 -10"><span class='ocrx_word' id='word_1_278' title='bbox 236 2059 338 2098; x_wconf 84' lang='lat' dir='ltr'><strong>TEN</strong></span> <span class='ocrx_word' id='word_1_279' title='bbox 369 2061 638 2108; x_wconf 77' lang='lat' dir='ltr'><strong>cognominant,</strong></span> <span class='ocrx_word' id='word_1_280' title='bbox 663 2059 830 2097; x_wconf 74' lang='lat' dir='ltr'><strong>maximis</strong></span> <span class='ocrx_word' id='word_1_281' title='bbox 857 2059 1053 2097; x_wconf 72' lang='lat' dir='ltr'><strong>cerimoniis</strong></span> <span class='ocrx_word' id='word_1_282' title='bbox 1077 2058 1248 2096; x_wconf 84' lang='lat' dir='ltr'><strong>celebrant</strong></span> <span class='ocrx_word' id='word_1_283' title='bbox 1263 2058 1302 2095; x_wconf 87' lang='lat' dir='ltr'><strong>in</strong></span> <span class='ocrx_word' id='word_1_284' title='bbox 1321 2058 1486 2105; x_wconf 74' lang='lat' dir='ltr'><strong>civitate,</strong></span> <span class='ocrx_word' id='word_1_285' title='bbox 1515 2069 1606 2108; x_wconf 81' lang='lat' dir='ltr'><strong>quae</strong></span> <span class='ocrx_word' id='word_1_286' title='bbox 1624 2054 1712 2106; x_wconf 63' lang='lat' dir='ltr'><strong>HE.</strong></span> 
     </span>
     <span class='ocr_line' id='line_1_33' title="bbox 238 2111 1713 2167; baseline -0.003 -12"><span class='ocrx_word' id='word_1_287' title='bbox 238 2115 476 2155; x_wconf 80' lang='lat' dir='ltr'><strong>LIOPOLIS</strong></span> <span class='ocrx_word' id='word_1_288' title='bbox 506 2119 744 2167; x_wconf 81' lang='lat' dir='ltr'><strong>nuncupatur.</strong></span> <span class='ocrx_word' id='word_1_289' title='bbox 773 2135 831 2144; x_wconf 89' lang='lat'><strong>—-·</strong></span> <span class='ocrx_word' id='word_1_290' title='bbox 867 2114 1014 2153; x_wconf 77' lang='lat' dir='ltr'><strong>Vehitur</strong></span> <span class='ocrx_word' id='word_1_291' title='bbox 1037 2116 1128 2153; x_wconf 88' lang='lat' dir='ltr'><strong>enim</strong></span> <span class='ocrx_word' id='word_1_292' title='bbox 1159 2114 1387 2152; x_wconf 80' lang='lat' dir='ltr'><strong>simulacrum</strong></span> <span class='ocrx_word' id='word_1_293' title='bbox 1420 2112 1506 2152; x_wconf 82' lang='lat' dir='ltr'><strong>DEI</strong></span> <span class='ocrx_word' id='word_1_294' title='bbox 1535 2111 1713 2151; x_wconf 78' lang='lat' dir='ltr'>HELIO-</span> 
     </span>
    </p>
   </div>
   <div class='ocr_carea' id='block_1_3' title="bbox 238 2168 1795 2222">
    <p class='ocr_par' dir='ltr' id='par_1_7' title="bbox 238 2168 1795 2222">
     <span class='ocr_line' id='line_1_34' title="bbox 238 2168 1795 2222; baseline -0.002 -12"><span class='ocrx_word' id='word_1_295' title='bbox 238 2171 484 2211; x_wconf 83' lang='lat' dir='ltr'><strong>POLITANI</strong></span> <span class='ocrx_word' id='word_1_296' title='bbox 512 2170 684 2220; x_wconf 86' lang='lat' dir='ltr'><strong>Ferculo,</strong></span> <span class='ocrx_word' id='word_1_297' title='bbox 715 2173 773 2210; x_wconf 86' lang='lat' dir='ltr'><strong>uti</strong></span> <span class='ocrx_word' id='word_1_298' title='bbox 798 2171 989 2221; x_wconf 72' lang='lat' dir='ltr'><strong>vehuntur,</strong></span> <span class='ocrx_word' id='word_1_299' title='bbox 1017 2173 1061 2210; x_wconf 84' lang='lat' dir='ltr'><strong>in</strong></span> <span class='ocrx_word' id='word_1_300' title='bbox 1095 2169 1232 2222; x_wconf 84' lang='lat' dir='ltr'><strong>Pompa</strong></span> <span class='ocrx_word' id='word_1_301' title='bbox 1261 2170 1449 2208; x_wconf 84' lang='lat' dir='ltr'><strong>Ludorum</strong></span> <span class='ocrx_word' id='word_1_302' title='bbox 1482 2168 1712 2219; x_wconf 71' lang='lat' dir='ltr'><strong>Circensium,</strong></span> <span class='ocrx_word' id='word_1_303' title='bbox 1792 2175 1795 2178; x_wconf 76' lang='grc'><strong><em>’</em></strong></span> 
     </span>
    </p>
   </div>
   <div class='ocr_carea' id='block_1_4' title="bbox 238 2228 1713 2394">
    <p class='ocr_par' dir='ltr' id='par_1_8' title="bbox 238 2228 1713 2394">
     <span class='ocr_line' id='line_1_35' title="bbox 238 2228 624 2269; baseline -0.003 -1"><span class='ocrx_word' id='word_1_304' title='bbox 238 2230 392 2269; x_wconf 72' lang='lat' dir='ltr'><strong>Deorum</strong></span> <span class='ocrx_word' id='word_1_305' title='bbox 419 2228 624 2267; x_wconf 75' lang='lat' dir='ltr'><strong>simulacra.</strong></span> 
     </span>
     <span class='ocr_line' id='line_1_36' title="bbox 355 2279 1712 2337; baseline -0.004 -14"><span class='ocrx_word' id='word_1_306' title='bbox 355 2284 467 2324; x_wconf 87' lang='lat' dir='ltr'><strong>Idem</strong></span> <span class='ocrx_word' id='word_1_307' title='bbox 506 2296 673 2336; x_wconf 85' lang='lat' dir='ltr'><strong>prorsus</strong></span> <span class='ocrx_word' id='word_1_308' title='bbox 707 2295 905 2323; x_wconf 79' lang='lat' dir='ltr'><strong>nomena</strong></span> <span class='ocrx_word' id='word_1_309' title='bbox 934 2281 1173 2337; x_wconf 67' lang='lat' dir='ltr'><strong>quibusdam</strong></span> <span class='ocrx_word' id='word_1_310' title='bbox 1201 2295 1332 2335; x_wconf 87' lang='lat' dir='ltr'><strong>nuper</strong></span> <span class='ocrx_word' id='word_1_311' title='bbox 1359 2282 1402 2321; x_wconf 89' lang='lat' dir='ltr'><strong>in</strong></span> <span class='ocrx_word' id='word_1_312' title='bbox 1429 2279 1539 2320; x_wconf 81' lang='lat' dir='ltr'><strong>hunc</strong></span> <span class='ocrx_word' id='word_1_313' title='bbox 1577 2280 1712 2319; x_wconf 82' lang='lat' dir='ltr'><strong>locum</strong></span> 
     </span>
     <span class='ocr_line' id='line_1_37' title="bbox 238 2337 1713 2394; baseline -0.005 -13"><span class='ocrx_word' id='word_1_314' title='bbox 238 2341 316 2381; x_wconf 78' lang='lat' dir='ltr'><strong>iter</strong></span> <span class='ocrx_word' id='word_1_315' title='bbox 351 2340 588 2382; x_wconf 84' lang='lat' dir='ltr'><strong>facientibus</strong></span> <span class='ocrx_word' id='word_1_316' title='bbox 623 2341 667 2381; x_wconf 84' lang='lat' dir='ltr'><strong>in</strong></span> <span class='ocrx_word' id='word_1_317' title='bbox 703 2340 842 2381; x_wconf 82' lang='lat' dir='ltr'><strong>Latina</strong></span> <span class='ocrx_word' id='word_1_318' title='bbox 873 2339 1136 2394; x_wconf 86' lang='lat' dir='ltr'><strong>inscriptione</strong></span> <span class='ocrx_word' id='word_1_319' title='bbox 1180 2344 1384 2393; x_wconf 85' lang='lat' dir='ltr'><strong>repertum</strong></span> <span class='ocrx_word' id='word_1_320' title='bbox 1423 2343 1506 2387; x_wconf 84' lang='lat' dir='ltr'><strong>est,</strong></span> <span class='ocrx_word' id='word_1_321' title='bbox 1528 2390 1532 2394; x_wconf 91' lang='lat'><strong>.</strong></span> <span class='ocrx_word' id='word_1_322' title='bbox 1554 2337 1597 2376; x_wconf 91' lang='lat' dir='ltr'><strong>in</strong></span> <span class='ocrx_word' id='word_1_323' title='bbox 1632 2349 1713 2389; x_wconf 75' lang='lat' dir='ltr'><strong>qua</strong></span> 
     </span>
    </p>
   </div>
   <div class='ocr_carea' id='block_1_5' title="bbox 241 2439 517 2446">
    <p class='ocr_par' dir='ltr' id='par_1_9' title="bbox 241 2439 517 2446">
     <span class='ocr_line' id='line_1_38' title="bbox 241 2439 517 2446; baseline 0 830"><span class='ocrx_word' id='word_1_324' title='bbox 241 2439 517 2446; x_wconf 95' lang='lat' dir='ltr'><strong> </strong></span> 
     </span>
    </p>
   </div>
   <div class='ocr_carea' id='block_1_6' title="bbox 231 2491 1715 2913">
    <p class='ocr_par' dir='ltr' id='par_1_10' title="bbox 231 2491 1715 2913">
     <span class='ocr_line' id='line_1_39' title="bbox 245 2491 1715 2554; baseline -0.004 -21"><span class='ocrx_word' id='word_1_325' title='bbox 245 2494 248 2495; x_wconf 43' lang='lat'><em>⁷</em></span> <span class='ocrx_word' id='word_1_326' title='bbox 287 2500 336 2546; x_wconf 83' lang='lat' dir='ltr'><strong>l)</strong></span> <span class='ocrx_word' id='word_1_327' title='bbox 349 2543 359 2554; x_wconf 88' lang='lat'><strong>.</strong></span> <span class='ocrx_word' id='word_1_328' title='bbox 382 2497 482 2553; x_wconf 64' lang='lat' dir='ltr'><strong>Licet</strong></span> <span class='ocrx_word' id='word_1_329' title='bbox 503 2496 615 2532; x_wconf 78' lang='lat' dir='ltr'><strong>media</strong></span> <span class='ocrx_word' id='word_1_330' title='bbox 637 2496 768 2552; x_wconf 46' lang='lat' dir='ltr'><strong>vocal-is</strong></span> <span class='ocrx_word' id='word_1_331' title='bbox 791 2508 859 2532; x_wconf 80' lang='lat' dir='ltr'><strong>non</strong></span> <span class='ocrx_word' id='word_1_332' title='bbox 880 2497 1008 2543; x_wconf 87' lang='lat' dir='ltr'><strong>ubique</strong></span> <span class='ocrx_word' id='word_1_333' title='bbox 1031 2499 1124 2532; x_wconf 84' lang='lat' dir='ltr'><strong>esset</strong></span> <span class='ocrx_word' id='word_1_334' title='bbox 1153 2493 1294 2537; x_wconf 79' lang='lat' dir='ltr'><strong>eadem,</strong></span> <span class='ocrx_word' id='word_1_335' title='bbox 1326 2491 1526 2540; x_wconf 78' lang='lat' dir='ltr'><strong>quibusdam</strong></span> <span class='ocrx_word' id='word_1_336' title='bbox 1558 2502 1715 2539; x_wconf 85' lang='lat' dir='ltr'><strong>pronun·</strong></span> 
     </span>
     <span class='ocr_line' id='line_1_40' title="bbox 287 2543 1327 2636; baseline -0.009 -9"><span class='ocrx_word' id='word_1_337' title='bbox 287 2543 658 2636; x_wconf 53' lang='lat' dir='ltr'><strong>2)tm¹1¹tttib¹(¹3⁸hgiii,c⁸olii</strong></span> <span class='ocrx_word' id='word_1_338' title='bbox 682 2543 1052 2631; x_wconf 44' lang='lat' dir='ltr'><strong>fflugulgielsgggigozgt</strong></span> <span class='ocrx_word' id='word_1_339' title='bbox 1074 2585 1135 2621; x_wconf 75' lang='lat' dir='ltr'><strong>alii</strong></span> <span class='ocrx_word' id='word_1_340' title='bbox 1157 2587 1327 2620; x_wconf 79' lang='lat' dir='ltr'><strong>auctores.</strong></span> 
     </span>
     <span class='ocr_line' id='line_1_41' title="bbox 231 2634 754 2682; baseline -0.013 -7"><span class='ocrx_word' id='word_1_341' title='bbox 231 2647 234 2651; x_wconf 91' lang='grc'><strong><em>’</em></strong></span> <span class='ocrx_word' id='word_1_342' title='bbox 287 2638 339 2682; x_wconf 82' lang='lat'><strong>3)</strong></span> <span class='ocrx_word' id='word_1_343' title='bbox 385 2634 476 2670; x_wconf 81' lang='lat' dir='ltr'><strong>Hist.</strong></span> <span class='ocrx_word' id='word_1_344' title='bbox 499 2636 541 2672; x_wconf 89' lang='lat' dir='ltr'><strong>L.</strong></span> <span class='ocrx_word' id='word_1_345' title='bbox 563 2634 612 2672; x_wconf 91' lang='lat'><strong>11.</strong></span> <span class='ocrx_word' id='word_1_346' title='bbox 634 2646 670 2681; x_wconf 83' lang='lat' dir='ltr'><strong>p.</strong></span> <span class='ocrx_word' id='word_1_347' title='bbox 694 2634 754 2669; x_wconf 83' lang='lat'><strong>46.</strong></span> 
     </span>
     <span class='ocr_line' id='line_1_42' title="bbox 276 2672 1712 2732; baseline -0.008 -12"><span class='ocrx_word' id='word_1_348' title='bbox 276 2682 342 2729; x_wconf 70' lang='lat'><strong>4)</strong></span> <span class='ocrx_word' id='word_1_349' title='bbox 391 2683 531 2718; x_wconf 77' lang='lat' dir='ltr'><strong>Gruter.</strong></span> <span class='ocrx_word' id='word_1_350' title='bbox 576 2692 611 2728; x_wconf 77' lang='lat' dir='ltr'><strong>p.</strong></span> <span class='ocrx_word' id='word_1_351' title='bbox 642 2690 730 2732; x_wconf 59' lang='lat' dir='ltr'><strong>xxti.</strong></span> <span class='ocrx_word' id='word_1_352' title='bbox 761 2690 797 2714; x_wconf 87' lang='grc' dir='ltr'><strong>ιι.</strong></span> <span class='ocrx_word' id='word_1_353' title='bbox 829 2681 887 2717; x_wconf 98' lang='grc'><strong>10.</strong></span> <span class='ocrx_word' id='word_1_354' title='bbox 920 2680 977 2716; x_wconf 78' lang='lat'><strong>11.</strong></span> <span class='ocrx_word' id='word_1_355' title='bbox 1019 2689 1053 2725; x_wconf 86' lang='lat' dir='ltr'><strong>p.</strong></span> <span class='ocrx_word' id='word_1_356' title='bbox 1087 2677 1190 2713; x_wconf 85' lang='lat'><strong>1010.</strong></span> <span class='ocrx_word' id='word_1_357' title='bbox 1220 2687 1256 2711; x_wconf 85' lang='lat' dir='ltr'><strong>n.</strong></span> <span class='ocrx_word' id='word_1_358' title='bbox 1290 2676 1346 2711; x_wconf 87' lang='lat'><strong>11.</strong></span> <span class='ocrx_word' id='word_1_359' title='bbox 1379 2673 1516 2710; x_wconf 84' lang='lat' dir='ltr'><strong>Reines.</strong></span> <span class='ocrx_word' id='word_1_360' title='bbox 1550 2672 1712 2720; x_wconf 75' lang='lat' dir='ltr'><strong>Inscript-</strong></span> 
     </span>
     <span class='ocr_line' id='line_1_43' title="bbox 291 2725 1686 2819; baseline -0.008 -9"><span class='ocrx_word' id='word_1_361' title='bbox 291 2740 371 2817; x_wconf 48' lang='lat' dir='ltr'><strong>5)P·</strong></span> <span class='ocrx_word' id='word_1_362' title='bbox 390 2725 528 2808; x_wconf 45' lang='lat' dir='ltr'><strong>{ii-{len</strong></span> <span class='ocrx_word' id='word_1_363' title='bbox 556 2783 591 2819; x_wconf 80' lang='lat' dir='ltr'><strong>p.</strong></span> <span class='ocrx_word' id='word_1_364' title='bbox 614 2781 735 2807; x_wconf 74' lang='lat' dir='ltr'><strong>xxxin.</strong></span> <span class='ocrx_word' id='word_1_365' title='bbox 757 2782 790 2806; x_wconf 87' lang='lat' dir='ltr'><strong>n.</strong></span> <span class='ocrx_word' id='word_1_366' title='bbox 813 2773 850 2808; x_wconf 87' lang='lat'><strong>9.</strong></span> <span class='ocrx_word' id='word_1_367' title='bbox 871 2771 981 2806; x_wconf 67' lang='lat' dir='ltr'><strong>limet.</strong></span> <span class='ocrx_word' id='word_1_368' title='bbox 1005 2767 1104 2803; x_wconf 81' lang='lat' dir='ltr'><strong>Rein.</strong></span> <span class='ocrx_word' id='word_1_369' title='bbox 1130 2767 1184 2802; x_wconf 86' lang='lat' dir='ltr'><strong>cl.</strong></span> <span class='ocrx_word' id='word_1_370' title='bbox 1207 2765 1237 2802; x_wconf 92' lang='lat'><strong>1.</strong></span> <span class='ocrx_word' id='word_1_371' title='bbox 1261 2777 1295 2801; x_wconf 86' lang='lat' dir='ltr'><strong>u.</strong></span> <span class='ocrx_word' id='word_1_372' title='bbox 1318 2767 1417 2802; x_wconf 54' lang='lat'><strong>292„</strong></span> <span class='ocrx_word' id='word_1_373' title='bbox 1676 2808 1686 2818; x_wconf 50' lang='lat'><strong>·</strong></span> 
     </span>
     <span class='ocr_line' id='line_1_44' title="bbox 274 2808 1711 2866; baseline -0.008 -10"><span class='ocrx_word' id='word_1_374' title='bbox 274 2821 342 2864; x_wconf 88' lang='grc'><strong>’6)</strong></span> <span class='ocrx_word' id='word_1_375' title='bbox 389 2820 545 2861; x_wconf 77' lang='lat' dir='ltr'><strong>Quocum</strong></span> <span class='ocrx_word' id='word_1_376' title='bbox 578 2817 738 2854; x_wconf 80' lang='lat' dir='ltr'><strong>convenit</strong></span> <span class='ocrx_word' id='word_1_377' title='bbox 771 2828 909 2863; x_wconf 84' lang='lat' dir='ltr'><strong>quoque</strong></span> <span class='ocrx_word' id='word_1_378' title='bbox 941 2816 1069 2861; x_wconf 79' lang='lat' dir='ltr'><strong>Aquila</strong></span> <span class='ocrx_word' id='word_1_379' title='bbox 1091 2825 1168 2849; x_wconf 78' lang='lat' dir='ltr'><strong>eum</strong></span> <span class='ocrx_word' id='word_1_380' title='bbox 1192 2811 1477 2866; x_wconf 62' lang='lat' dir='ltr'><strong>⁰¹⁶⁸.⁶²P⁶⁷⁸⁸⁸‘⁸².</strong></span> <span class='ocrx_word' id='word_1_381' title='bbox 1492 2808 1711 2857; x_wconf 77' lang='lat' dir='ltr'><strong>frontispicio</strong></span> 
     </span>
     <span class='ocr_line' id='line_1_45' title="bbox 338 2858 1551 2913; baseline -0.007 -11"><span class='ocrx_word' id='word_1_382' title='bbox 338 2865 458 2913; x_wconf 74' lang='lat' dir='ltr'><strong>templi</strong></span> <span class='ocrx_word' id='word_1_383' title='bbox 473 2864 667 2913; x_wconf 73' lang='lat' dir='ltr'><strong>inaculpta,</strong></span> <span class='ocrx_word' id='word_1_384' title='bbox 685 2864 730 2900; x_wconf 75' lang='lat' dir='ltr'><strong>ab</strong></span> <span class='ocrx_word' id='word_1_385' title='bbox 754 2863 909 2901; x_wconf 84' lang='lat' dir='ltr'><strong>omuibus</strong></span> <span class='ocrx_word' id='word_1_386' title='bbox 930 2861 1088 2898; x_wconf 73' lang='lat' dir='ltr'><strong>itinerum</strong></span> <span class='ocrx_word' id='word_1_387' title='bbox 1111 2859 1343 2908; x_wconf 71' lang='lat' dir='ltr'><strong>scriptoribus</strong></span> <span class='ocrx_word' id='word_1_388' title='bbox 1367 2858 1551 2904; x_wconf 72' lang='lat' dir='ltr'><strong>descripta.</strong></span> 
     </span>
    </p>
   </div>
  </div>
 </body>
</html>
