1884 3262
315 209 413 256 110
637 206 879 277 SEtEcTA
905 206 978 249 AD
1013 189 1503 252 ILLUSTRATIONEM

448 291 454 309 Ι

311 327 428 370 tuea,
468 318 678 367 Amerina,
714 317 882 366 Zadiar,
924 317 1146 368 Samuhel,*
1175 317 1355 367 Evexia,
1387 316 1612 367 Melchius‚
1641 317 1779 368 Salon,

312 376 521 416 comorius
534 406 547 426 ,
565 374 792 423 Barracim,
811 374 1026 425 Soffonias,
1048 375 1220 423 Maxses,
1242 374 1396 413 celcius
1409 404 1419 423 ‚
1439 374 1561 423 Buzi,
1583 373 1779 414 Ezechiel.

422 434 522 472 Item
542 432 618 470 alia
645 431 799 484 patria,
827 431 936 471 unde
967 431 1058 471 Heli
1088 431 1308 481 Sacerdos,
1338 430 1453 483 cujus
1479 431 1555 469 filii
1578 430 1719 469 Finees
1739 437 1779 469 et

311 490 402 529 Ofin
428 488 636 541 rapiebant
659 488 992 528 immolationem:
1028 488 1220 541 Princeps
1255 488 1408 540 patriae
1434 487 1485 526 de
1510 487 1621 526 Filiis
1651 487 1777 536 Gaad,

310 545 591 596 Achimelech,
619 544 862 596 Habiathar,
897 545 1015 595 Uriu,
1045 545 1225 594 Nathan,
1255 544 1356 584 Heli.

422 602 521 641 Item
542 602 673 654 patria
691 602 912 641 Leviticum
926 634 937 652 ,
966 602 1075 640 unde
1091 602 1168 640 fuit
1183 595 1379 639 Samuhel
1398 598 1624 653 Propheta:
1648 598 1779 639 Chore

311 660 382 712 qui
398 659 546 699 restitit
564 659 684 698 Mosi:
717 659 822 698 filius
840 658 960 712 hujus
987 659 1185 708 Helcana,
1214 659 1349 696 Sufem
1371 664 1410 696 et
1431 657 1574 707 Abiar,
1601 657 1778 707 Zeraam,

309 716 564 766 Chelchanu,
590 717 762 757 Samuel.
818 716 924 755 Huic
950 716 1115 756 suerunt
1142 715 1222 754 duo
1253 715 1324 754 filii
1351 727 1562 754 munerum
1589 719 1779 766 accepta-

307 780 416 814 tores
428 803 440 824 ,
468 772 582 812 Johel
598 779 637 812 et
655 772 794 811 Habia.
1074 771 1079 777 '

422 829 587 869 Initium
609 829 762 882 patriae
790 829 1043 878 Levitarum,
1072 828 1181 868 unde
1204 834 1299 867 sunt
1319 827 1579 876 Sacerdotes,
1608 825 1781 865 ministri

310 894 349 927 et
374 887 547 927 Levitae.
607 886 794 925 Ambram
830 886 937 924 filius
970 885 1131 925 Cahaad
1150 914 1163 934 ,
1205 885 1312 934 filius
1341 884 1458 935 Levi,
1499 882 1605 922 filius
1643 882 1780 922 Jacob.

308 944 407 984 Levi
437 943 574 996 genuit
597 943 752 981 Gerson
780 949 820 982 et
847 943 1027 992 Cahaad,
1058 949 1098 982 et
1123 942 1280 982 Merari.
1338 942 1432 980 Filii
1460 947 1593 980 autem
1626 940 1782 978 Gerson

311 1001 439 1041 Semei
472 1007 511 1039 et
540 999 721 1039 Emeher.
778 999 830 1038 Hi
865 999 938 1039 filii
974 1001 1133 1039 Levitae
1167 1004 1207 1038 et
1247 999 1320 1038 filii
1351 997 1535 1046 cahaad,
1577 996 1782 1042 Ambram,

312 1059 438 1098 Esaar
460 1057 628 1107 cefron,
657 1056 785 1095 Odiel.
843 1056 1033 1095 Ambram
1055 1056 1191 1108 genuit
1212 1056 1376 1109 Moysen
1395 1061 1434 1094 et
1449 1055 1608 1103 Aaron,
1638 1059 1679 1092 et
1696 1053 1782 1092 Ma-

312 1115 427 1155 riam.
484 1113 618 1153 Aaron
644 1113 782 1164 genuit
815 1126 866 1152 ex
893 1113 1097 1153 Helisabet
1134 1127 1273 1152 sorore
1309 1113 1511 1158 Naasson‚
1545 1110 1711 1158 Nadab,
1745 1115 1783 1148 et

312 1171 466 1220 Abiud,
506 1177 547 1209 et
575 1170 762 1220 Eleazar,
803 1175 843 1209 et
866 1169 1051 1209 Ithamar.
1108 1170 1259 1209 Mortui
1290 1176 1384 1208 sunt
1415 1174 1546 1207 autem
1577 1166 1716 1206 Nadab
1744 1172 1786 1206 et

311 1227 445 1268 Abiud
475 1227 685 1277 offerentes
715 1227 846 1278 ignem
876 1227 1059 1266 alienum.
1117 1227 1213 1266 Post
1234 1227 1385 1276 Aaron,
1415 1225 1581 1264 Eleazar
1611 1223 1786 1276 suscepit

312 1285 617 1334 Sacerdotium,
648 1290 742 1335 post
761 1284 1014 1332 Eleazarum,
1043 1283 1198 1323 Finees.
1257 1282 1433 1321 ithamar
1463 1287 1595 1321 autem
1617 1287 1658 1320 et
1679 1281 1786 1319 filius

314 1342 419 1395 ejus:
461 1342 570 1380 Isaar
602 1347 738 1379 autem
775 1340 899 1379 frater
928 1340 1123 1393 Ambram*
1155 1346 1195 1379 et
1231 1339 1320 1392 ipse
1351 1339 1510 1379 Levita..
1562 1337 1688 1389 Hujus
1713 1337 1788 1376 filii

314 1398 448 1437 Chore
470 1404 509 1437 et
532 1396 678 1435 Nabith
705 1402 743 1435 et
765 1396 916 1435 Gazer:
953 1403 991 1435 et
1010 1396 1081 1435 filii
1102 1395 1232 1435 Chore
1252 1396 1325 1435 Air
1342 1402 1382 1434 et
1404 1395 1577 1434 Helcana
1600 1401 1641 1434 et
1659 1394 1788 1433 Abia-

314 1470 400 1509 sap.
456 1454 533 1493 Hic
554 1453 684 1493 Chore
707 1453 858 1493 restitit
881 1453 1076 1493 adversus
1095 1453 1260 1505 Moysen
1275 1459 1325 1492 -et
1347 1452 1504 1502 Aaron,
1536 1457 1575 1491 et
1590 1450 1699 1490 Chao
1716 1451 1788 1490 ab-

315 1518 479 1565 sorptus
510 1516 570 1549 est
604 1511 645 1549 in
673 1510 856 1551 Viriseel.
917 1511 1077 1550 Cebron
1112 1511 1238 1550 frater
1275 1510 1455 1559 Amram,
1492 1507 1688 1558 Aercius,
1717 1508 1790 1547 filii
1841 1538 1851 1545 ,

314 1570 399 1623 ejus
419 1567 609 1617 Misahel,
639 1566 901 1620 Elisaphath‚
931 1573 971 1606 et
1003 1568 1127 1616 Setis,
1159 1573 1199 1606 et
1229 1566 1325 1606 Dile.
1383 1566 1434 1605 Hi
1460 1565 1620 1604 Levitae
1650 1565 1790 1605 traditi

314 1632 421 1666 sunt.
482 1625 631 1663 Omnes
652 1629 785 1662 autem
813 1624 950 1663 Aaron
981 1629 1023 1664 et
1054 1624 1145 1662 Filii
1175 1623 1260 1676 ejus
1290 1624 1419 1662 Areae
1450 1623 1714 1672 Testamenti,
1742 1628 1792 1661 ut

311 1683 587 1722 ministrarent
613 1680 676 1730 ei,
714 1687 752 1720 et
780 1681 970 1721 tollerent
996 1694 1105 1730 eam,
1145 1687 1184 1719 et
1210 1681 1316 1720 facta
1342 1687 1404 1720 est
1431 1680 1487 1719 eis
1515 1693 1609 1732 pars
1636 1678 1790 1719 decima

169 1747 201 1784 V
223 1748 293 1787 337
317 1738 603 1779 Sacerdotibus
620 1737 797 1788 initiata,
829 1744 870 1777 et
890 1737 1178 1791 primogenita,
1209 1743 1250 1776 et
1268 1751 1370 1789 quae
1390 1737 1435 1775 in
1451 1735 1658 1776 sacrificiis
1680 1750 1790 1776 con-

313 1797 479 1847 stituta,
511 1801 551 1836 et
575 1794 863 1847 primogenito,
903 1800 945 1834 et
978 1794 1173 1834 destinata
1198 1794 1346 1833 Levitis
1375 1793 1483 1832 dicta
1520 1798 1582 1832 est
1613 1794 1683 1833 lex
1700 1823 1713 1845 ,
1741 1797 1790 1833 ut

314 1865 593 1908 quaecumque
614 1851 844 1903 acciperent
862 1866 884 1889 a
903 1852 1057 1904 populo
1077 1865 1126 1890 ex
1147 1851 1332 1900 decimis,
1364 1850 1536 1890 decimas
1553 1849 1696 1890 darent
1713 1851 1789 1889 Sa..

316 1905 568 1959 cerdotibus,
595 1914 642 1947 ut
665 1909 962 1948 existimaretur
990 1909 1046 1947 eis
1062 1915 1258 1961 tanquam
1279 1906 1442 1947 oblatio.
1500 1906 1620 1946 Initio
1649 1920 1790 1947 eorum

314 1967 488 2008 traditae
512 1971 607 2004 sunt
625 1965 707 2003 illis
726 1967 843 2005 etiam
863 1965 1044 2004 civitates
1063 1965 1311 2017 refugiorum
1332 1978 1406 2003 sex
1418 1993 1429 2012 ,
1447 1970 1487 2004 et
1506 1963 1651 2003 harum
1670 1971 1790 2019 prata

316 2023 503 2063 sementia
521 2022 565 2061 in
587 2022 764 2062 circuitu
786 2021 980 2074 cujusque
1002 2021 1177 2062 civitatis
1209 2022 1338 2061 cubiti
1365 2021 1447 2060 duo
1476 2020 1625 2070 millia,
1654 2027 1695 2060 et
1712 2020 1790 2061 hae

317 2081 499 2121 civitates
515 2093 615 2118 an.
640 2079 933 2118 Sacerdotibus'
944 2079 1107 2132 quidem
1127 2079 1261 2118 decem
1273 2109 1285 2128 ,
1313 2078 1465 2118 Levitis
1483 2091 1580 2117 vero
1600 2091 1693 2117 xm.

431 2138 534 2176 Puto
552 2137 674 2176 latius
696 2150 770 2175 nos
791 2135 961 2186 dixisse,
983 2150 1103 2188 quam
1123 2135 1548 2189 speravimuntamen
1566 2134 1792 2175 necessaria

316 2208 391 2248 pro
421 2192 485 2232 his
518 2193 588 2245 qui
615 2194 892 2246 scrupulosius
919 2193 1126 2245 requirere
1154 2193 1321 2242 volunt,
1359 2198 1400 2232 et
1428 2192 1555 2230 multa
1586 2192 1792 2244 legerunts

317 2264 418 2303 quos
449 2249 635 2290 existimo
666 2251 784 2290 facile
815 2251 1047 2303 percipere,
1079 2263 1180 2302 quae
1209 2249 1360 2302 scripta
1389 2254 1503 2288 sunt:
1547 2249 1620 2288 sed
1649 2255 1690 2288 et
1717 2248 1791 2300 illi,

318 2308 390 2359 qui
410 2320 538 2360 pauca
559 2307 764 2358 legerunt,
788 2307 947 2346 facilius
973 2307 1024 2345 ad
1044 2307 1291 2346 intellectum
1311 2311 1480 2359 possunt
1509 2305 1718 2357 pervenire
1740 2318 1792 2345 ex

317 2364 422 2415 illis,
453 2376 554 2416 quae
572 2378 596 2401 a
617 2364 731 2403 nobis
749 2378 824 2416 per
849 2364 1071 2403 breviatam
1090 2364 1388 2416 inquisitionem
1409 2362 1611 2402 declarata
1631 2368 1742 2404 sunt.

409 2483 424 2492 -
470 2463 798 2504 MACEDONUM
826 2466 994 2505 REGES
1024 2465 1189 2504 JUXTA
1217 2447 1635 2506 ALEXANDRINOS.

379 2567 384 2570 .
434 2530 678 2571 Ammona
706 2531 815 2571 filius
833 2531 1037 2584 Philippi,
1066 2538 1160 2585 post
1186 2531 1348 2571 Darium
1369 2530 1482 2570 annis
1497 2544 1572 2572 vn.

433 2589 686 2628 Ptolemaeus
709 2589 804 2640 Lagi
825 2602 959 2637 socer,
990 2589 1103 2627 annis
1131 2601 1205 2629 ιιι.

435 2645 683 2685 Ptolemaeus
699 2645 827 2696 filius,
857 2645 1085 2695 Philadelfi,
1118 2658 1207 2686 ann.
1229 2656 1405 2683 xxxvnr.

434 2703 682 2742 Ptolemaeus
701 2702 827 2751 filius,
856 2703 1088 2753 Evergetes,
1118 2701 1230 2740 annis
1249 2714 1348 2740 xxx.

437 2760 706 2810 Ptolemaeus,
736 2760 949 2811 Evergetae
971 2758 1102 2808 filius,
1134 2758 1245 2797 annis
1262 2769 1362 2797 xxv.

436 2816 686 2856 Ptolemaeus
703 2815 960 2869 Philopator,
992 2815 1102 2854 annis
1123 2828 1226 2857 xvu.

434 2872 688 2914 Ptolemaeus
707 2873 854 2925 frater,
886 2873 999 2913 annis
1016 2885 1139 2915 xxm.
