1820 3276
82 518 112 552 P
139 521 209 556 572

73 2225 102 2257 V
125 2226 195 2262 503

239 181 337 228 408
811 187 1136 231 ΝΟΤΑΕ

238 293 492 331 Consulatum
522 295 698 346 pertinet
731 295 840 334 illius
871 297 1099 349 Diptychon
1133 299 1372 351 consulare,
1411 315 1432 340 a
1471 303 1583 342 nobis
1623 318 1698 343 ex-

235 351 426 401 plicatum
464 350 507 387 in
549 351 677 389 Gloss.
715 354 816 391 med.
858 354 925 394 Gr.
967 354 1010 392 in
1049 369 1088 396 v.
1126 353 1265 409 Κόμης
1293 362 1367 398 τοῦ
1397 357 1579 401 σταύλου.
1634 355 1696 400 De

235 406 445 451 Anthemio
481 413 609 446 autem
641 408 868 447 Stilichonis
905 411 1054 460 collega
1094 414 1362 454 consulendus
1392 415 1627 456 sirmondus
1655 419 1696 456 in

233 463 347 501 Notis
376 464 425 500 ad
455 463 661 502 Sidonium
689 466 731 503 in
764 466 904 516 Paneg.
934 467 1130 506 Anthemii
1158 483 1196 509 v.
1227 471 1293 513 94.

347 519 441 569 Pag.
472 522 565 564 569.
598 525 662 563 10.
722 519 985 577 Πρανδιάρα]
1018 526 1357 579 constantinopol.
1390 526 1534 566 Christ.
1563 529 1633 567 lib.
1652 543 1696 568 π.

233 582 330 616 sect.
350 590 404 616 VI.
437 590 475 614 n.
498 591 523 615 1.
555 591 645 628 pag.
672 581 765 620 138.

345 633 440 671 Ibid.
499 634 706 685 Εμβολοι]
747 635 902 683 Quibus
938 637 1204 676 instaurandis
1233 652 1326 676 mox
1355 639 1541 679 incubuit
1570 641 1698 680 Arca-

232 689 320 727 dius
352 689 426 726 sub
464 703 636 728 mensem
667 692 878 731 Novembr.
913 700 958 732 ut
987 695 1191 746 colligitur
1221 709 1271 734 ex
1299 696 1389 747 Leg.
1419 710 1514 736 XLV.
1546 704 1586 736 et
1613 699 1695 751 seq.

231 745 327 785 eod.
356 745 508 785 Theod.
542 746 591 784 de
627 748 790 799 Operib.
827 749 938 788 Publ.
1270 786 1272 792 .

193 807 196 811 “
344 802 440 852 Pag.
477 804 571 846 569.
614 807 676 846 13-
738 807 1068 865 Χαλκηᾷονησίας
1113 802 1290 859 σκάλας]
1354 808 1695 862 constantinopol.

232 858 377 897 Christ.
406 858 475 898 lib.
504 873 532 897 1.
562 866 659 898 sect.
687 874 808 900 xvlu.
837 876 875 902 n.
906 877 966 901 111.

345 919 443 966 Pag.
472 916 564 958 569.
600 917 667 959 15.
724 919 970 971 Λνθημίου]
1023 919 1146 971 Cujus
1197 920 1344 971 passim
1394 922 1539 961 mentio
1588 923 1696 976 apud

231 971 578 1023 chrysostomum,
610 974 839 1025 Synesium‚
870 976 1099 1024 Sidonium,
1130 977 1353 1025 Socratem,
1386 984 1423 1016 et
1454 979 1563 1017 alios.

342 1029 438 1079 Pag.
469 1029 563 1071 569.
596 1034 659 1073 16.
716 1031 986 1083 Αἰμιλιανοῦ]
1027 1032 1145 1070 Istius
1182 1034 1558 1074 Aemiliani Praef.
1596 1037 1695 1079 Urb.
1767 1017 1771 1021 μ

227 1083 308 1122 hoc
336 1099 438 1123 anno
467 1086 614 1124 mentio
650 1092 708 1125 est
739 1088 780 1125 in
813 1088 900 1140 Leg.
931 1102 1047 1128 κων.
1078 1102 1168 1127 XLV.
1201 1096 1240 1128 et
1268 1103 1384 1130 xum.
1417 1091 1514 1132 Cod.
1545 1092 1694 1132 Theod.

228 1140 278 1180 de
309 1141 428 1192 Oper.
457 1142 572 1180 Publ.

341 1198 437 1247 Pag.
468 1197 564 1242 569.
599 1202 662 1242 19.
723 1200 805 1240 Ινδ.
838 1196 901 1252 ε’.]
934 1200 1103 1238 Indictio
1132 1214 1189 1239 1v.
1219 1207 1384 1240 notatur
1412 1203 1455 1242 in
1485 1205 1574 1256 Leg.
1608 1219 1696 1246 vm.

227 1253 324 1291 Cod.
353 1253 503 1292 Theod.
530 1254 584 1292 <le
611 1255 770 1307 Indulg.
801 1256 970 1294 debitor.
1000 1271 1111 1296 more
1139 1257 1467 1310 Karthaginensi‚
1507 1262 1569 1300 uti
1606 1263 1696 1302 vult

226 1309 532 1349 Gotthofredus.

340 1368 437 1417 Pag.
467 1370 562 1410 569.
593 1371 659 1409 21.
720 1366 1067 1421 Κυϊνκυεννᾶλια]
1101 1370 1318 1411 Marcellin.
1342 1373 1492 1415 Comes.
1535 1374 1696 1429 Quippe

226 1437 329 1462 anno
360 1438 500 1464 ccccii.
530 1424 706 1462 Januarii
739 1439 778 1462 x.
810 1440 831 1463 a
860 1433 974 1477 patre
1006 1427 1226 1479 Imperator
1258 1429 1389 1468 dictus
1420 1437 1491 1470 est.

341 1481 436 1530 Pag.
469 1484 566 1523 570.
600 1482 639 1523 4.
700 1482 893 1536 Σεισμῷ]
947 1484 1032 1521 Duo
1079 1485 1330 1535 potissimum
1381 1492 1513 1526 terrae
1561 1495 1720 1529 motus·

225 1538 429 1588 contigere
469 1537 834 1589 Constantinopoli,
879 1539 1053 1577 Arcadio
1100 1540 1348 1592 imperante,
1398 1557 1501 1582 anno
1539 1545 1695 1585 scilicet

226 1607 406 1633 cccxcvi.
437 1594 487 1632 de
518 1608 597 1646 quo
629 1594 884 1634 Marcellinus
917 1596 1077 1635 Comes:
1115 1611 1181 1648 quo
1209 1602 1243 1636 et
1271 1600 1401 1637 coelum
1428 1602 1555 1639 ardere
1582 1605 1697 1642 visum

225 1656 300 1700 est,
343 1651 442 1690 adeo
467 1658 513 1689 ut
542 1653 593 1688 sit
622 1650 689 1688 ille
719 1658 849 1690 terrae
879 1659 1030 1702 motus,
1078 1653 1127 1691 de
1158 1668 1238 1705 quo
1274 1655 1518 1706 Augustinus
1546 1658 1614 1697 lib.
1645 1659 1697 1699 de

223 1708 394 1746 Excidio
427 1708 540 1746 Urbis
575 1709 718 1745 Romae
748 1722 836 1760 cap.
863 1722 919 1747 VI.
948 1710 989 1747 in
1021 1723 1100 1761 quo
1129 1712 1317 1750 videbatur
1344 1714 1519 1752 horrenda
1539 1717 1696 1766 flamma

218 1766 390 1815 pendere,
428 1778 491 1802 nec
527 1765 612 1802 odor
649 1764 801 1815 sulfuris
843 1766 975 1804 deerat.
1048 1767 1097 1804 Et
1137 1769 1281 1806 Paulus
1320 1769 1487 1808 Orosius
1523 1771 1592 1810 lib.
1630 1787 1699 1811 111.v

224 1834 311 1871 cap.
342 1835 406 1858 111.
446 1824 484 1859 in
523 1835 590 1871 quo
627 1822 774 1872 desuper
813 1822 942 1872 defusa
981 1824 1124 1860 coelitus
1155 1827 1310 1876 flamma
1344 1827 1494 1876 pendere
1521 1830 1601 1867 visa
1629 1834 1692 1869 est.

223 1877 335 1915 Alter
366 1883 424 1915 est
454 1877 568 1925 cujus
599 1876 675 1914 hoc
703 1879 795 1915 loco
827 1879 1006 1916 meminit
1037 1881 1189 1919 Auctor
1219 1881 1418 1921 Chronici.
1476 1885 1574 1923 Nam
1603 1891 1693 1924 ter-

222 1947 290 1971 rae
321 1940 453 1971 motus
480 1934 546 1971 ille
576 1934 733 1983 ingens,
765 1934 814 1972 de
844 1948 924 1985 quo
956 1936 1148 1985 Evagrius
1179 1938 1246 1975 lib.
1277 1951 1305 1975 1.
1335 1953 1420 1990 cap.
1448 1954 1549 1981 xvn.
1579 1943 1692 1980 vide-

221 1997 290 2027 tur
320 1992 518 2042 pertinere
549 1990 599 2027 ad
629 2003 774 2028 annum
804 2005 905 2029 xxx.
936 1991 1152 2030 Theodosii
1179 1994 1269 2033 Jun.
1302 1995 1415 2046 cujus
1453 1997 1569 2036 etiam
1599 2013 1694 2038 me-

222 2047 424 2085 minerunt
453 2045 741 2098 Theophanes,
770 2048 994 2097 cedrenus,
1024 2054 1062 2086 et
1091 2049 1168 2087 alii.

339 2107 430 2153 Pag.
463 2106 556 2146 570.
587 2103 627 2144 5.
693 2101 772 2151 Τοές
796 2102 996 2158 κεράμους
1022 2102 1093 2153 τοὶς
1130 2104 1306 2158 χαλκοῖς]
1348 2110 1690 2164 Constantinopol.

221 2159 365 2197 Christ.
398 2160 462 2200 lib.
498 2174 541 2197 Η.
572 2175 610 2212 p.
642 2161 734 2202 115.
1539 2180 1542 2186 Α

334 2220 426 2266 Png.
456 2216 551 2258 570.
582 2220 618 2258 6.
680 2213 982 2270 Καινούπολιν]
1014 2218 1115 2258 Ibid.
1146 2219 1214 2259 lib.
1248 2233 1303 2259 iv.
1333 2228 1431 2261 sect.
1461 2236 1548 2263 vm.
1578 2237 1616 2263 n.
1648 2238 1688 2266 v.

335 2274 429 2314 lbz'd.
488 2273 775 2324 Καπετωλίου]
807 2274 909 2313 [bid.
940 2275 1006 2314 lib.
1024 2289 1070 2312 11.
1101 2283 1197 2315 sect.
1219 2290 1276 2315 1x.
1307 2291 1344 2319 n.
1366 2293 1411 2317 1¹.

334 2332 426 2378 Pag.
458 2323 552 2371 570.
585 2333 622 2371 9.
680 2327 940 2383 Αυαβάθρα]
971 2331 1071 2370 lbid.
1101 2333 1169 2371 lib.
1190 2347 1234 2372 11.
1264 2341 1356 2373 sect.
1378 2350 1407 2373 1.
1438 2349 1477 2385 n.
1498 2349 1542 2376 u.

339 2388 429 2435 Pag.
456 2386 550 2425 571.
582 2386 620 2426 5.
680 2384 964 2439 Πραιι-ὥριον]
996 2388 1097 2426 Ibid.
1130 2390 1197 2431 lib.
1216 2404 1259 2429 n.
1290 2397 1386 2430 sect.
1406 2405 1464 2431 1x.
1496 2406 1535 2430 n.
1555 2405 1612 2432 vr.

334 2442 428 2480 Ibid.
489 2441 731 2493 Μοναξίου]
762 2443 939 2481 Monaxii
961 2445 1152 2483 Praefecti
1170 2447 1264 2484 Urbi
1288 2447 1361 2485 sub
1388 2451 1480 2485 ann.
1500 2462 1684 2490 ccccvm.

221 2504 259 2536 et
279 2511 430 2536 ccccix.
462 2510 541 2534 non
573 2499 697 2535 semel
725 2500 874 2537 mentio
907 2502 1085 2539 occurrit
1122 2502 1163 2539 in
1206 2503 1301 2542 cod.
1333 2503 1483 2542 Theod.
1515 2506 1584 2556 qui
1613 2520 1698 2558 pom

219 2561 300 2591 stea
332 2554 558 2593 Praefectus
586 2555 786 2592 Praetorio
818 2562 855 2594 et
887 2558 974 2596 Cos.
1006 2558 1098 2596 fuit.

331 2609 426 2661 Pag.
459 2611 552 2652 571.
584 2613 623 2651 6.
682 2609 763 2649 Λιοέ
781 2610 855 2662 τήν
884 2613 1064 2664 ἔνδειαν]
1098 2614 1183 2652 Huc
1212 2616 1385 2666 pertinet
1420 2616 1499 2654 Lex
1525 2631 1552 2659 1.
1583 2618 1698 2661 Coei.-

220 2666 371 2706 Theod.
402 2668 452 2705 de
481 2667 614 2708 Frum.
644 2667 756 2704 urbis
787 2668 1127 2721 constantinopol.

338 2727 429 2773 Pag.
461 2726 556 2766 571.
595 2726 632 2764 8.
706 2726 794 2763 Τῶν
823 2726 1031 2776 Δομνίνου
1071 2722 1277 2778 ἐμβόλων]
1338 2729 1682 2783 Constantinopot.

219 2778 366 2820 Christ.
398 2779 466 2818 lib.
492 2794 535 2817 11.
567 2786 662 2818 sect.
694 2794 751 2820 111.
783 2794 820 2818 n.
851 2795 906 2821 v1.
