1884 3262
140 2577 168 2611 P
191 2576 260 2613 545

311 203 413 255 346
691 237 694 244 -
876 206 1197 249 NOTAE

310 317 404 356 alios
431 314 592 365 suffecit:
618 314 669 353 ad
698 327 816 367 quem
846 315 1107 355 Consulatum
1135 331 1199 357 111.
1227 315 1444 356 Alexandri
1471 317 1585 356 illum
1615 317 1776 369 quidam

311 373 518 421 referunt,
558 385 674 424 quem
706 371 955 412 Gordianum
983 373 1187 413 Seniorem
1225 386 1318 412 cum
1347 387 1394 412 eo
1422 376 1587 424 gessisse
1614 375 1776 428 Capito-

311 430 418 468 linus
446 427 586 470 tradit.

428 488 521 535 Pag.
551 484 650 527 499.
675 489 746 528 20.
805 482 1062 539 Κλήμεντος]
1101 486 1168 525 Sic
1195 486 1302 524 Fasti
1329 485 1520 526 ldatiani:
1550 499 1667 538 quem
1695 486 1776 527 cte-
1850 529 1851 532 ,

310 545 502 582 merdinum
531 542 601 580 alii
628 548 788 584 vocant.
846 543 1136 582 Priscillianum
1166 557 1242 595 pro
1273 543 1473 584 Clemente
1502 543 1642 595 legunt
1669 543 1776 582 Fasti

310 598 529 638 Savilliani.
587 600 788 652 Prosper,
823 599 1060 649 Victorius,
1097 601 1298 648 Senator,
1333 599 1556 650 Marianus,
1595 600 1774 652 wigorn.

309 655 390 695 hoc
418 670 523 694 anno
555 657 662 695 Coss.
693 655 949 707 describunt,
981 658 1137 696 thum
1158 661 1192 695 et
1217 656 1416 696 Seleucum.

425 716 520 763 Pag
550 713 646 758 500.
679 716 719 755 1.
778 712 860 754 Καὶ
889 712 1188 777 Πελιγμοανοῦ]
1229 713 1292 752 lta
1330 713 1451 752 editio
1487 712 1631 764 Soalig.
1674 711 1775 752 Peli*

306 772 479 820 giunum,
527 770 636 810 Fasti
669 770 839 809 matiani
876 762 986 811 MSS.
1043 767 1332 824 Πελιγνιανᾶν,
1369 769 1578 808 Savilliani
1613 770 1772 821 leguntz

306 826 456 866 rectius
486 827 556 865 alii
583 826 816 866 Felicianum.

423 886 517 934 Pag.
546 884 643 927 500.
672 888 712 927 7.
769 884 966 936 Μαξίμου
986 881 1032 924 τό
1051 878 1115 935 ς’.]
1143 883 1314 922 Notatur
1340 882 1408 922 hic
1438 883 1604 922 Maximi
1631 887 1772 926 sextus

305 941 548 979 Consulatus
576 941 619 979 iu
647 941 899 979 Testamenta
939 940 1183 980 Hildevarae
1216 940 1385 980 illustris
1415 940 1585 980 feminae
1614 940 1774 978 Raven-

303 1011 379 1035 nae
407 1002 569 1036 exarato
600 1011 737 1036 coram
773 997 951 1050 ejusdem
990 997 1172 1036 Civitatis
1214 997 1417 1036 Ecclesiae
1453 997 1681 1048 Episcopo,
1720 1007 1773 1036 ex

302 1053 406 1093 Bibl.
441 1055 541 1105 Reg.
584 1054 741 1107 pridem
780 1054 1002 1107 publicato.
1079 1053 1190 1092 Fasti
1224 1053 1413 1092 Idatiani:
1452 1053 1620 1092 Maximo
1645 1066 1711 1092 ιιι.
1739 1057 1774 1092 et

301 1111 485 1162 Africano.
545 1111 665 1163 Apud
694 1111 918 1150 Victorium
947 1111 1060 1149 deest
1088 1116 1185 1149 nota
1212 1111 1379 1149 numeri.
1438 1111 1613 1162 Prosper
1635 1115 1674 1148 et
1703 1110 1773 1149 Se·

303 1174 420 1208 nator
449 1166 693 1206 Maximinum
720 1168 880 1219 legunt,
910 1168 977 1206 cui
1006 1168 1110 1206 forte
1139 1167 1332 1205 suffectus
1360 1167 1552 1206 Maximus
1579 1166 1714 1206 fuerit.

421 1227 515 1274 Pag.
545 1223 641 1266 500.
668 1227 708 1266 8.
767 1227 828 1265 Πε
830 1223 1001 1278 enimv]
1039 1224 1099 1262 Ita
1129 1224 1226 1263 edit.
1254 1224 1399 1275 Sealig.
1455 1224 1533 1262 Sed
1560 1223 1637 1273 leg.
1673 1226 1774 1276 Περ.

301 1277 478 1321 πετούου
502 1279 571 1320 καὶ
592 1281 846 1334 Κορνηλίου,
886 1294 1005 1332 quem
1035 1280 1139 1319 Fasti
1179 1280 1774 1330 [datiani,savi11iani,Pro-

302 1337 432 1388 speri,
463 1343 540 1377 etc.
573 1337 816 1376 Cornelianum
844 1343 1004 1378 vocant.
1063 1336 1143 1376 Sed
1181 1337 1347 1376 tuibant
1384 1335 1464 1375 hoc
1503 1338 1594 1375 loco
1636 1337 1773 1376 Savil-

301 1394 420 1432 liani:
461 1393 676 1446 Perpetuum
716 1395 822 1433 enim
858 1395 1053 1446 Africano:
1101 1394 1226 1443 Pium,
1265 1396 1337 1432 seu
1374 1394 1538 1445 Ulpium
1566 1393 1774 1433 Cornelimo

299 1464 512 1503 perperam
542 1451 777 1502 adjungunt.
834 1451 982 1490 Eodem
1013 1451 1129 1489 etiam
1160 1464 1265 1489 anno
1298 1451 1387 1489 Cos.
1416 1451 1497 1489 fuit
1522 1450 1662 1489 Juuins
1682 1449 1771 1503 syl-

301 1508 440 1557 lanus,
472 1507 665 1547 suffectus
696 1509 825 1557 sorte,
857 1508 908 1548 de
939 1522 1023 1560 quo
1053 1507 1304 1559 Capitolinus
1333 1507 1378 1546 in
1406 1506 1647 1546 Maximinis.

418 1567 513 1615 Pdg·
543 1565 641 1608 500.
672 1569 739 1607 10.
799 1537 1051 1628 1,(υπριανος]
1071 1564 1181 1603 Haec
1191 1577 1400 1617 perperam
1420 1564 1596 1604 intrusa:
1620 1534 1772 1617 quippe

300 1621 495 1673 Cypriani
524 1621 761 1674 Martyrium
798 1625 958 1661 rursum
999 1621 1125 1661 refert
1153 1621 1309 1660 Auctor
1347 1621 1399 1660 ad
1437 1633 1586 1665 aunum
1613 1621 1771 1661 11.Va-.-

298 1678 459 1728 lei-iani,
491 1679 602 1729 quod
633 1678 685 1718 ad
712 1679 889 1732 primum
917 1679 1025 1718 Fasti
1053 1678 1246 1730 Idatiani,
1275 1677 1328 1717 ad
1347 1691 1408 1717 111.
1434 1677 1664 1717 Chronicon
1684 1677 1771 1717 Eu-

300 1734 401 1772 sebii
431 1735 626 1774 referunt.

416 1795 510 1841 Pag.
542 1793 639 1834 500.
670 1794 736 1833 11.
794 1791 882 1833 Eut
900 1787 1079 1844 τούτων]
1100 1792 1227 1830 Immo
1250 1791 1380 1831 Severo
1398 1795 1433 1829 et
1455 1791 1652 1834 Quintiano
1672 1790 1769 1831 Coss.

296 1853 345 1885 ut
372 1854 432 1885 est
460 1848 565 1899 apud
596 1848 832 1897 Eusebium,
861 1850 1092 1887 Senatorem
1124 1855 1164 1888 et
1191 1848 1314 1898 alios,
1344 1861 1450 1886 anno
1471 1846 1569 1887 Chr.
1584 1860 1768 1890 ncxxxv.

297 1903 399 1942 Vide
427 1911 585 1956 praeter
614 1904 1144 1956 Scaligerum,‘Petavium‚
1172 1904 1441 1954 Eucherium,
1470 1909 1546 1943 etc.
1588 1909 1630 1943 et
1665 1917 1768 1956 quae

295 1959 551 1999 observamus
579 1961 620 1998 in
651 1961 818 1999 Praefat.

412 2020 504 2067 Pag.
535 2018 631 2060 500.
665 2021 731 2060 12.
791 2020 855 2058 Εν
876 2016 1173 2073 Μογοντιακῷ]
1203 2015 1267 2056 Ex
1295 2015 1446 2056 chron.
1481 2015 1666 2068 Eusebii,
1695 2017 1766 2057 ubi

295 2073 483 2124 Scaliger.

408 2129 509 2180 Pag.
535 2129 631 2173 600.
663 2132 734 2172 16.
790 2132 877 2182 Ετη
905 2125 970 2183 7'·]
1017 2130 1119 2169 Vide
1160 2130 1376 2182 capitolin.
1408 2136 1447 2169 et
1475 2129 1524 2170 al.
1554 2135 1763 2182 praeterea

295 2186 503 2226 Petavium
533 2186 583 2224 ad
614 2186 813 2239 Epiphan.
843 2200 932 2238 pag.
956 2186 1154 2231 40241δὶ
1184 2187 1235 2226 de
1264 2187 1377 2227 annis
1409 2186 1616 2227 Maximini
1645 2185 1737 2237 agit.

410 2243 728 2293 Pag.500.18.
791 2239 1037 2295 Οὔλπικίου]
1068 2244 1175 2282 Pium
1190 2244 1299 2282 Fasti
1317 2243 1512 2292 Idatiani,
1543 2242 1766 2294 saviniani,

294 2305 335 2337 et
371 2299 440 2337 alii
479 2306 647 2338 vocant.
697 2300 768 2339 sed
807 2300 884 2352 leg.
920 2296 1126 2351 Οὗλπίαυ,
1168 2306 1219 2340 ut
1252 2307 1314 2340 est
1350 2300 1461 2353 apud
1500 2299 1762 2340 Censorinum

295 2355 367 2408 qui
394 2354 475 2393 hoc
504 2370 609 2395 anno
637 2356 852 2397 scribebat.

411 2414 506 2462 Pag
534 2413 630 2455 500
662 2415 729 2454 19.
783 2408 990 2466 Λλβιόλα]
1021 2413 1184 2451 Rectius
1214 2413 1342 2452 editio
1370 2411 1560 2463 scaligeri
1588 2407 1760 2476 Αβιόλιαεξ

294 2468 362 2506 cui
391 2465 563 2508 Λιτικον
592 2469 786 2520 collegam
814 2483 1025 2522 perperam
1053 2469 1280 2522 adjungunt
1305 2469 1416 2509 Fasti
1434 2467 1660 2520 saviniani,
1690 2468 1761 2520 qui

291 2524 454 2564 biennio
481 2530 575 2577 post
604 2525 765 2565 demum
795 2527 884 2565 Cos.
913 2525 1002 2565 fuit.

410 2584 502 2632 Pag.
529 2582 626 2625 601.
658 2585 697 2624 1.
752 2583 965 2636 ΑλβίνουῙ
1008 2582 1074 2621 Sic
1103 2581 1210 2621 Fasti
1236 2581 1336 2620 Idat.
1395 2580 1574 2630 Caeteri,
1603 2586 1645 2620 et
1674 2581 1760 2621 Ca·-

290 2637 406 2690 pitol.
435 2637 478 2677 in
518 2637 729 2677 Gordiano
754 2653 815 2677 111.
868 2640 1020 2678 Vettium
1046 2638 1218 2677 Sabinum
1253 2643 1413 2678 vocant.
1470 2637 1649 2676 Arianum
1675 2638 1759 2677 Ve-

289 2700 410 2733 nusto
435 2693 659 2746 adjungunt
698 2696 892 2747 collegam
921 2695 1150 2746 Savilliani,
1188 2695 1260 2748 qui
1288 2694 1331 2733 in
1360 2693 1450 2733 aliia
1476 2693 1642 2734 biennio
1666 2699 1759 2747 posi

291 2750 378 2791 Cos.
403 2757 650 2795 recensetur.

407 2810 499 2859 Pag-
529 2808 628 2852 601.
652 2809 695 2852 3.
753 2808 833 2857 Εἰς
864 2804 1092 2860 Ακύλειαν]
1151 2807 1211 2849 Ex
1257 2804 1405 2847 chron.
1447 2806 1641 2857 Eusebii,
1685 2806 1755 2860 ubi
