1884 3262
575 188 843 233 CHRONICI
878 191 1183 234 PASCHALIS.
1515 191 1614 239 145

839 457 922 512 X.

120 544 1613 635 'EXSANCTOTHEODORITOTYRI

618 671 1128 734 EPISCOPO,

269 782 336 818 DE
371 783 619 821 BAPTISMO
651 785 962 820 SANCTORUM
994 786 1368 822 APOSTOLORUM
1403 766 1474 824 ET

741 853 1000 891 DEIPARAE.

243 977 342 1017 Cum
373 978 534 1031 quidam
566 980 821 1032 dubitarent,
852 995 900 1020 ac
928 981 1136 1032 dicerent,
1165 996 1190 1020 a
1218 996 1303 1034 quo
1332 983 1457 1035 igitur
1475 984 1614 1037 bapti-

132 1033 212 1072 zati
238 1041 331 1075 sunt
359 1036 576 1090 Apostoli,
610 1044 649 1077 et
678 1040 712 1077 si
740 1053 820 1078 non
854 1040 1017 1078 fuerunt
1045 1039 1265 1092 baptizati,
1296 1042 1501 1092 quomodo
1531 1042 1613 1080 ba-

128 1091 357 1144 ptizarunt:
389 1094 535 1133 deinde
564 1095 598 1133 si
628 1095 677 1134 ab
707 1096 845 1148 aliquo
874 1110 1017 1136 manus
1048 1096 1348 1149 impositionem
1378 1112 1460 1137 non
1490 1113 1614 1138 acce-

129 1157 300 1200 perunt,
341 1151 412 1202 qui
439 1151 528 1191 fieri
559 1159 711 1205 potest,
759 1160 807 1191 ut
837 1167 977 1192 manus
1005 1154 1301 1206 imposuerint?
1361 1155 1462 1194 Cum
1490 1157 1615 1208 igitur

128 1204 282 1246 hortati
312 1215 440 1248 essent
468 1215 647 1248 nostram
676 1209 947 1249 humilitatem
970 1240 980 1258 ‚
1022 1217 1070 1249 ut
1099 1211 1149 1250 de
1186 1210 1298 1250 hisce
1328 1219 1516 1252 accurate
1546 1215 1615 1252 in·

129 1262 402 1315 quireremus‚
431 1267 656 1306 invenimus
686 1267 730 1305 in
762 1268 897 1306 Sancti
915 1267 1133 1320 Sophronii
1151 1268 1477 1320 Commentariis,
1507 1270 1614 1309 inter

128 1320 206 1358 alia
234 1322 409 1373 plurima
440 1323 603 1375 quidem
631 1324 824 1363 memoria
858 1324 1004 1376 digna,
1047 1324 1152 1363 illud
1179 1326 1440 1377 praesertim,
1481 1328 1614 1366 solum

126 1377 319 1417 Sanctum
348 1380 512 1427 Petrum
533 1395 556 1419 a
579 1380 744 1420 Domino
775 1383 955 1434 propriis
984 1381 1169 1420 manibus
1199 1382 1321 1421 fuisse
1350 1383 1615 1435 baptizatum,

126 1434 330 1474 Andream
360 1449 456 1475 vero
486 1451 509 1476 a
538 1438 683 1488 Petro,
713 1437 907 1477 Jacobum
936 1444 975 1477 et
1002 1438 1194 1478 Joannem
1226 1439 1274 1477 ab
1306 1439 1479 1490 Andrea,
1508 1441 1615 1480 reli-

127 1504 229 1543 quos
265 1499 397 1532 autem
427 1507 564 1534 omnes
594 1494 813 1547 Apostolos
853 1495 902 1533 ab
940 1495 1128 1535 ,Ioannes
1163 1502 1370 1548 praeterea
1403 1497 1615 1536 Dominam

125 1555 304 1588 nostram
335 1550 547 1603 Deiparam
578 1566 600 1590 a
636 1551 787 1591 Joanne
816 1557 855 1590 et
882 1554 1028 1591 Sancto
1051 1554 1170 1592 Petro
1201 1553 1327 1592 fuisse
1356 1554 1613 1606 baptizatam.

125 1605 255 1646 Addit
282 1614 488 1659 praeterea
507 1607 782 1660 Theologum,
814 1609 974 1648 Domini
1002 1609 1132 1649 nostri
1162 1610 1254 1648 Jesu
1281 1609 1430 1650 Christi
1459 1625 1615 1650 secun-

127 1662 225 1702 dum
280 1678 440 1704 carnem
479 1665 604 1705 fuisse
650 1666 1006 1718 consanguineum.
1074 1666 1228 1706 Habuit
1268 1666 1376 1706 enim
1413 1667 1613 1720 Josephus

127 1721 321 1774 Deiparae
350 1735 523 1775 sponsus
553 1737 604 1762 ex
633 1737 763 1763 uxore
793 1736 864 1762 sua
894 1723 1095 1775 seculari,
1131 1723 1236 1763 filios
1263 1730 1441 1776 quatuor
1455 1724 1517 1777 *),
1547 1725 1612 1763 Ja-

126 1777 295 1829 cobum,
323 1778 524 1819 Simonem
542 1810 553 1831 ‚
583 1780 747 1830 Judam,
779 1786 819 1820 et
846 1780 958 1831 Jose,
987 1787 1153 1833 tresque
1182 1780 1309 1830 filias,
1339 1780 1478 1832 Ether‚
1498 1780 1612 1820 Tha-

126 1849 235 1886 mar,
274 1842 315 1875 et
345 1837 533 1876 Salomen
562 1837 702 1876 eodem
732 1850 814 1889 quo
846 1845 975 1878 mater
1003 1838 1163 1877 nomine
1192 1838 1436 1891 appellatam
1446 1839 1458 1888 3
1490 1852 1612 1891 quam

125 1891 299 1945 Josepho
329 1893 534 1934 Zebedaeo
565 1894 609 1933 in
637 1894 942 1934 matrimonium
971 1895 1105 1945 dedit,
1139 1909 1232 1935 cum
1262 1909 1342 1947 qua
1371 1896 1509 1947 genuit
1538 1896 1615 1934 Ze-

125 1947 305 1989 bedaeus
333 1950 525 1991 Jacobum
556 1958 597 1992 et
625 1953 817 1991 loannem
845 1952 1166 2004 Evangelistam,
1213 1952 1283 2004 qui
1311 1958 1393 1992 tres
1425 1952 1469 1991 in
1499 1958 1613 1991 terra

126 2013 274 2045 matres
302 2007 467 2059 habuit,
496 2009 685 2049 videlicet
705 2010 914 2060 Salomen,
944 2023 996 2049 ex
1016 2023 1097 2062 qua
1129 2009 1345 2049 carnaliter
1375 2015 1497 2048 natus
1528 2015 1612 2057 est;

126 2063 317 2116 alteram,
364 2071 414 2117 *ut
443 2066 512 2117 qui
544 2066 670 2105 Filius
700 2067 871 2106 tonitrui
911 2067 1242 2106 intellectualiter
1272 2081 1294 2105 a
1322 2066 1495 2105 Domino
1530 2079 1613 2118 ap-

125 2121 297 2173 pellatus
328 2128 410 2170 est3
440 2136 487 2161 ac
515 2124 700 2173 tertiam,
729 2131 908 2162 sanctam
932 2124 1144 2177 Deiparam
1176 2122 1464 2175 spiritualiter,
1494 2122 1611 2174 juxta

127 2178 239 2230 quod
269 2179 419 2218 dictum
451 2185 511 2219 est
539 2195 562 2219 a
593 2181 761 2219 Domino
791 2182 834 2219 in
865 2194 1008 2231 cruce,
1046 2181 1143 2220 Ecce
1171 2184 1286 2220 mater
1317 2183 1384 2219 tua
1393 2195 1408 2228 ‚-
1441 2185 1483 2220 et
1510 2192 1609 2218 rur-

127 2247 196 2274 sus
226 2235 277 2275 ad
305 2236 544 2290 Deiparam,
575 2237 672 2277 Ecce
688 2239 800 2290 filius
829 2242 924 2277 tuus.

197 2383 231 2427 ⁸)
266 2382 356 2419 Vide
379 2386 499 2419 notata
522 2382 568 2418 ad
593 2394 679 2428 pag.
703 2381 834 2417 Chron.
855 2381 937 2417 203.

192 2937 383 2973 Chronicon
412 2938 582 2974 Paschale
610 2941 680 2974 vol.
704 2939 753 2973 11.
1277 2933 1329 2971 10
