1820 3276
457 222 517 266 IN
551 223 882 269 CHRONICON
914 226 1204 270 PASCHALE.
1484 226 1584 275 403

112 343 243 381 niet-es,
273 329 503 383 Ammiano,
533 333 790 383 Marcellino,
832 341 872 374 et
900 334 1011 376 aliis:
1046 336 1226 385 Recimer,
1256 336 1474 390 Prospero,
1506 339 1587 378 Se-

111 389 266 439 natori,
304 396 382 428 etc.
420 391 624 441 Ita-himer,
661 392 858 443 Gregorio
897 393 1048 432 Turon.
1076 393 1241 434 dicitur.
1299 394 1402 435 Vide
1431 397 1584 435 Socrat.

110 445 180 487 lib.
210 457 250 484 v.
281 460 326 484 ca
358 477 369 487 .
400 461 475 487 ΧΠ.

229 460 446 553 Pag-p563-
477 507 541 546 10.
603 499 810 559 Οναῖριος]
850 504 910 544 Ita
939 506 1123 547 Socrates
1151 506 1246 546 loco
1274 507 1460 559 proxime
1492 508 1584 547 lau-

112 557 230 610 dato,
261 559 516 599 Marcellinus
545 561 707 610 Comes,
737 567 777 600 et
808 561 970 601 [datius.

226 616 321 667 Pag-
351 617 446 660 563.
481 622 545 661 12.
603 614 836 669 Βαύτονος]
866 618 1049 659 ΗοΙεῐευ.
1076 615 1307 667 Βαύὸωνος.

227 673 326 723 Pag·
356 675 452 716 563.
483 677 549 717 13.
610 671 788 728 Πρώτην
818 676 1018 728 γυναῖκα]
1070 676 1195 715 Immo
1233 674 1470 715 secundam:
1511 676 1586 715 ad·-

110 734 204 781 epto
239 730 343 768 enim
379 730 577 783 Imperio,
614 738 653 770 et
691 745 796 770 anno
833 738 927 784 post
963 732 1180 772 extinctam
1209 732 1438 772 Flaccillam
1468 733 1585 785 prio-

108 798 193 824 rem
223 799 404 835 uxorem,
433 788 587 826 Gallam
617 789 831 828 Placidiam
862 788 1131 828 Valentiniani
1159 789 1280 828 filiam
1312 802 1479 828 uxorem
1510 790 1586 828 du-

108 842 170 881 xit
199 842 460 883 Theodosius.
517 845 774 884 Marcellinus
804 845 968 887 Comes:
1009 847 1124 885 Galla
1155 847 1348 885 Theodosii
1374 846 1492 897 Regis
1527 847 1585 885 al-

107 903 185 938 tera
212 913 305 938 uxor
331 902 390 939 ln‘e
422 900 517 939 Coss.
549 902 885 954 Constantinopolim
911 905 1020 942 venit.
1079 903 1182 942 Vide
1208 902 1395 941 Familias
1415 904 1584 955 Byzant.

220 957 316 1006 Pag·
346 959 443 1000 563.
477 961 540 1000 18.
601 956 726 1000 Οἷκον
756 957 1006 1012 Πλακιδίας]
1038 959 1408 1013 Constantinopolis
1439 959 1586 1000 Christ.

106 1012 175 1051 lib.
195 1026 250 1066 ἱιι.
281 1020 377 1054 sect.
407 1027 462 1052 w.
493 1029 533 1053 n.
563 1029 591 1054 1.

221 1070 319 1120 Pag·
350 1071 446 1113 563.
479 1075 544 1115 19.
601 1071 827 1126 Δευτέραν]
860 1074 953 1124 Leg.
985 1072 1209 1129 Προτὲραν.
1264 1071 1359 1111 Fuit
1388 1072 1508 1123 enim,
1537 1077 1586 1112 ut

107 1125 213 1177 dixi,
247 1127 431 1165 Flaccilla
461 1128 590 1180 prima
621 1128 838 1169 Theodosii
867 1144 985 1172 uxor.

220 1183 315 1234 Pag.
347 1184 443 1227 564.
474 1189 514 1227 2.
575 1186 708 1235 Κτίζει
727 1185 1048 1241 Φλακιλλιανὸν]
1073 1186 1418 1239 Constantinopol.
1439 1184 1585 1226 Christ.

106 1240 174 1279 lib.
206 1254 252 1278 11.
282 1247 379 1279 sect.
410 1255 447 1280 v.
478 1256 517 1280 n.
545 1255 606 1280 111.

219 1297 315 1347 Pag-
344 1298 440 1341 564.
471 1302 510 1340 3.
570 1298 800 1353 Καίσαρος]
837 1300 899 1339 Ita
924 1299 1196 1340 Marcellinus.
1255 1299 1436 1349 Idatius,
1472 1298 1586 1339 Nobi-

106 1354 252 1394 lissima.
312 1354 409 1393 Cod.
448 1355 600 1396 Theod.
640 1356 722 1395 NB.
762 1357 806 1397 P.
843 1356 886 1396 id
925 1363 1007 1408 est,
1043 1356 1274 1397 Nobilissimo
1303 1356 1443 1406 Puero,
1483 1367 1586 1409 quae

92 1410 210 1450 'idem
243 1410 398 1451 sonant.

219 1467 315 1519 Pag.
347 1467 444 1510 564.
474 1465 515 1508 4.
578 1464 630 1509 Td
656 1464 718 1520 62]
748 1468 840 1519 Leg.
867 1466 915 1524 y'.
945 1483 997 1509 ex
1023 1469 1174 1508 Fastis:
1204 1469 1240 1508 is
1270 1469 1375 1509 enim
1401 1475 1461 1509 est
1482 1471 1585 1509 Con-

35 1516 39 1519 *
105 1524 263 1564 sulatus
301 1523 566 1563 Valentiniani
602 1538 692 1563 cum
730 1525 950 1579 Eutropio,
990 1533 1038 1566 ut
1067 1526 1195 1566 estin
1227 1526 1437 1577 matianis,
1473 1534 1512 1567 et
1541 1528 1584 1566 in

103 1581 196 1632 Leg.
228 1596 320 1621 vm.
350 1581 448 1620 Cod.
479 1581 631 1621 Theod.
663 1581 714 1620 de
753 1582 913 1633 Indulg.
944 1583 1067 1623 debit.
1102 1583 1173 1635 qui
1202 1583 1244 1622 in
1271 1596 1357 1623 x1v.
1387 1584 1586 1623 Indictio-

102 1642 194 1677 ne‘m
234 1638 376 1677 cadere
419 1638 578 1685 dicitur.
639 1639 754 1686 Quae
794 1640 955 1691 quidem
997 1640 1172 1679 Indictio
1203 1642 1324 1692 prima
1362 1640 1512 1680 dicitur
1540 1642 1584 1680 in

103 1696 207 1747 Lege
236 1710 296 1737 111.
327 1695 466 1734 eodem
496 1696 556 1735 tit.
587 1694 636 1733 ab
663 1695 752 1734 aliis
779 1709 848 1736 XV.
907 1698 967 1736 Ita
1004 1697 1178 1736 Indictio
1209 1710 1310 1748 quae
1338 1697 1584 1751 in'Honorii

102 1766 175 1792 vu.
218 1758 258 1791 et
295 1751 509 1791 Theodosii
546 1766 591 1790 11.
633 1752 893 1792 Consulatum
932 1754 1077 1793 incidit
1115 1754 1159 1792 in
1199 1754 1309 1792 dicta
1354 1754 1455 1806 Lege
1492 1768 1583 1795 vm.

104 1814 259 1860 quarta:
287 1809 329 1848 in
357 1809 460 1860 Lege
489 1822 548 1849 ix.
581 1814 621 1847 et
647 1823 687 1847 x.
718 1809 822 1848 infra
852 1825 873 1848 a
904 1810 1130 1851 Theodosio
1160 1809 1323 1850 Juniore
1352 1814 1503 1863 quinta:
1531 1812 1581 1851 ab

103 1865 192 1904 aliis
219 1870 323 1905 sexta
356 1866 594 1918 appellatur.
655 1865 767 1914 Quae
797 1866 960 1920 quidem
988 1868 1047 1907 ita
1077 1868 1290 1907 conciliare
1319 1875 1492 1907 conatur
1518 1868 1584 1907 Ja-

103 1922 195 1963 cob.
238 1922 491 1962 Gotthofred.
531 1922 581 1961 ad
622 1922 659 1961 d.
701 1923 790 1974 Leg.
828 1937 918 1963 V111.
957 1931 1004 1964 ut
1042 1924 1180 1964 Italica
1206 1925 1366 1964 Indictio
1393 1925 1444 1963 ab
1475 1939 1582 1964 anno

105 1993 247 2019 cccxn.
272 1979 466 2019 ducatur:
500 1978 845 2034 Karthaginiensis
875 1980 1034 2021 Africae
1064 1981 1366 2022 Proconsularis
1394 1982 1445 2021 ab
1477 1995 1583 2022 anno

103 2050 262 2078 cccxlv.
321 2037 484 2075 Africae
523 2037 760 2076 Dioeceseos
800 2034 974 2090 denique
1013 2038 1063 2077 ab
1101 2052 1207 2078 anno
1248 2051 1388 2078 cccxv.
1449 2039 1582 2088 Quam

102 2093 264 2145 quidem
293 2093 563 2132 Indictionum
592 2094 823 2133 varietatem
853 2094 902 2133 ab
931 2095 1104 2148 Imperio
1135 2094 1401 2136 Valentiniani
1429 2102 1472 2134 et
1499 2095 1582 2134 Va-

101 2150 221 2190 lentis
250 2151 291 2189 in
320 2151 416 2189 cod.
447 2149 600 2189 Theod.
633 2150 812 2190 obtinere
847 2152 958 2191 idem
994 2153 1194 2194 observat.
1255 2152 1355 2192 Vide
1394 2152 1582 2204 Scalige-

99 2220 190 2246 rum
219 2207 288 2246 lib.
318 2221 360 2247 v.
392 2207 441 2246 de
470 2206 674 2246 Emendat.
705 2208 843 2260 Temp.
873 2220 914 2260 p.
943 2209 1039 2252 504.

213 2263 310 2315 Pag.
338 2263 434 2306 564.
465 2265 504 2304 9.
564 2264 773 2315 Εστεψεν]
807 2265 925 2303 Errat
956 2265 1111 2304 Auctor
1140 2263 1345 2312 Chronici,
1376 2269 1424 2303 ut
1447 2269 1487 2303 et
1507 2265 1580 2317 Sy-

101 2333 217 2359 meon
249 2319 465 2372 Logotheta
501 2319 545 2357 in
575 2319 722 2358 chron.
753 2321 832 2361 MS.
863 2333 955 2361 cum
985 2322 1100 2360 aiunt
1127 2320 1347 2360 Honorium
1379 2322 1526 2360 Romae
1555 2337 1577 2360 a

99 2383 217 2431 patre
246 2378 422 2416 levatum
453 2376 675 2427 Augustum
714 2376 794 2415 hoc
825 2390 953 2427 anno,
993 2390 1074 2430 quo
1115 2378 1268 2417 scilicet
1306 2377 1579 2417 Theodosium
1644 2380 1646 2384 ’

19 2481 22 2484 ,
100 2435 269 2473 Romam
298 2435 497 2473 duntaxat
524 2433 704 2480 venisse,
745 2440 785 2471 et
815 2434 1061 2485 congiarium
1091 2432 1243 2487 populo
1274 2434 1450 2483 dedisse,
1480 2446 1578 2473 nar-

101 2498 191 2530 rant
219 2491 477 2530 Marcellinus
507 2491 647 2530 Comes
677 2497 715 2529 et
742 2490 910 2530 Idatius.
970 2491 1131 2544 Quippe
1167 2490 1398 2530 Theodosio
1433 2505 1496 2529 111.
1535 2496 1577 2530 et

101 2547 360 2587 Abundantio
390 2549 499 2588 Coss.
529 2546 753 2586 Honorium
781 2547 824 2592 in
853 2547 992 2587 eodem
1020 2549 1139 2598 loco,
1182 2560 1266 2600 quo
1296 2548 1461 2587 fratrem
1489 2546 1577 2598 eius

101 2604 329 2655 Arcadium,
357 2604 401 2643 id
433 2610 492 2643 est
520 2604 690 2657 septimo
721 2603 769 2642 ab
798 2604 908 2644 Urbe
936 2604 1146 2653 milliario,
1177 2606 1384 2643 Caesarem
1414 2603 1575 2642 demum

103 2660 257 2700 dictum
286 2676 309 2700 a
338 2659 566 2701 Theodosio
594 2667 784 2714 parente,
813 2661 956 2701 scribit
983 2661 1091 2701 idem
1120 2661 1389 2701 Marcellinus.

217 2718 311 2769 Pag.
341 2718 437 2761 564.
469 2721 535 2760 11.
594 2718 871 2771 Νεωτερίνου]
918 2718 979 2758 Ita
1024 2719 1143 2759 etiam
1188 2718 1311 2757 editio
1359 2716 1572 2768 scaligeri:

101 2773 171 2812 sed
198 2774 308 2814 Fasti
335 2787 472 2813 omnes
500 2773 707 2814 Neuter-ium
739 2781 900 2815 vocant.

216 2831 310 2882 Pag·
341 2829 438 2874 564.
470 2833 534 2874 13.
597 2829 680 2884 Τήν
724 2829 934 2885 κεφαλὴν]
985 2832 1073 2871 Hoc
1116 2831 1207 2871 loco
1246 2829 1400 2869 Auctor
1443 2830 1572 2881 tangit

101 2885 319 2926 Historiam
356 2886 511 2940 primae
546 2887 795 2929 Inventionis
830 2887 984 2941 Capitis
1011 2890 1052 2928 S.
1079 2887 1241 2929 Jonnnis
1265 2887 1468 2941 Baptistae
1496 2888 1573 2927 sub
