1884 3262
187 901 283 937 Pla

90 1851 222 1886 Illudne
241 1850 295 1885 vi-

90 1897 184 1932 derit.
204 1898 288 1931 scri-

92 1948 170 1987 ptor
188 1943 300 1978 Chro-

91 1988 159 2022 nici
165 1989 310 2023 Pascha-

120 2034 174 2069 lis.

190 2080 221 2113 V
247 2081 290 2116 12

297 223 363 268 22
832 211 1238 261 PRAEFArlo.

298 334 380 372 ταῖν
407 328 688 384 συγγραφέων,
727 325 786 368 ’ὅτι
825 324 899 367 οὔκ
945 326 1044 366 εἰσιν
1084 323 1176 367 οὔτε
1208 320 1416 378 δισμύριαι
1456 321 1666 377 μυριάδες,
1706 321 1762 371 οἷς

300 384 473 428 Πλάτων
493 387 593 438 ἔφη,
623 391 699 425 etc.
759 382 933 421 Eandem
964 389 1071 422 certe
1094 380 1323 420 methodum
1351 393 1397 419 ac
1414 379 1613 420 scribendi
1641 379 1762 419 ratio-

300 458 387 484 nem
427 449 604 482 secutum
637 445 839 478 auctorem
875 438 1073 477 Paschalis
1100 437 1310 486 Chronici,
1352 437 1462 488 quod
1498 436 1762 488 publicamus,

303 500 365 540 vel
385 499 480 537 hinc
507 503 693 551 apparet,
723 496 831 547 quod
855 508 934 534 non
953 495 1071 534 modo
1091 493 1337 533 Christianae
1363 492 1565 544 religionis
1591 493 1761 546 primor-

301 556 367 594 dia
386 569 431 594 ac
449 553 653 592 historiam
681 552 730 590 ab
755 552 843 605 ipsa
866 552 1004 590 mundi
1033 551 1232 591 creatione
1255 555 1435 602 repetat.
1466 562 1610 600 resque
1628 548 1763 588 Judai-

302 625 366 650 cas
396 606 606 661 diligenter
629 614 916 661 persequatur,
945 607 1015 646 sed
1047 607 1161 648 etiam
1186 620 1286 646 vana
1312 605 1526 646 Gentilium
1557 605 1662 644 circa
1692 617 1764 643 sua

301 667 481 706 Numina
511 665 696 707 traducat
727 671 766 704 et
794 670 946 705 evertat
982 669 1198 704 commenta
1221 661 1289 717 l),
1328 662 1424 700 dum
1461 661 1586 701 solide
1617 660 1765 713 probat

303 737 403 775 quos
426 722 643 761 adorabant
671 721 777 760 Deos
804 720 985 760 homines
1009 720 1130 759 fuisse
1159 719 1368 769 mortales,
1407 718 1590 757 indicatis
1620 716 1766 769 quibus

301 779 382 831 ipsi
409 780 546 819 vixere
583 777 772 825 saeculis,
815 776 1060 830 proindeque
1094 775 1322 827 religionem
1363 774 1585 824 Judaicam,
1625 788 1647 811 a
1688 786 1767 825 qua

303 835 523 874 Christiana
541 834 810 887 promanavit,
838 834 952 883 longe
979 838 1069 871 ante
1097 834 1312 870 Saturnum
1332 844 1378 868 ac
1408 831 1545 869 lovem
1575 829 1766 869 extitisse.

307 892 397 939 Quo
433 897 612 943 spectant
637 890 713 929 ista
748 888 959 942 Cypriani,
989 902 1061 927 seu
1094 888 1255 927 alterius
1285 887 1494 939 scriptoris
1523 887 1563 924 in
1586 885 1691 924 libro
1717 885 1768 924 de

303 948 486 988 Vanitate
503 947 726 985 Idolorum:
756 945 862 985 Deos
892 959 967 984 non
988 960 1065 984 esse
1084 959 1180 998 quos
1211 942 1308 983 colit
1324 941 1465 995 vulgus
1479 971 1491 991 ‚
1520 941 1611 981 hino
1633 951 1768 981 notum

304 1014 371 1042 est.
426 1001 553 1056 Reges
579 1002 672 1042 olim
695 1001 888 1058 fuerunt,
918 1002 987 1054 qui
1015 999 1064 1039 ob
1096 998 1260 1054 regalem
1287 1000 1513 1038 memoriam
1550 996 1630 1037 coli
1661 994 1770 1050 apud

303 1074 394 1100 suos
422 1057 670 1111 postmodum
708 1058 824 1097 eiiam
863 1058 904 1096 in
930 1066 1053 1096 morie
1085 1065 1310 1109 coeperunt.-
1348 1053 1439 1094 inde
1468 1053 1551 1094 illis
1589 1055 1772 1092 instituta

303 1113 471 1168 templa,
501 1113 592 1153 inde
614 1113 668 1154 acl
689 1112 959 1170 defunctorum
974 1110 1104 1151 vultus
1125 1128 1193 1164 per
1215 1112 1422 1164 imaginem
1451 1107 1675 1149 detinendos
1691 1123 1771 1147 ex-

301 1186 434 1224 pressa
467 1169 706 1210 simulacra.-
745 1183 837 1210 nam
874 1178 909 1209 et
948 1166 1207 1209 immolabant
1243 1167 1411 1211 hostias,
1459 1176 1495 1204 et
1530 1163 1614 1205 dies
1639 1164 1773 1221 festos

305 1224 440 1264 dando
464 1225 608 1265 honore
627 1224 883 1266 celebrabant.
943 1223 1041 1262 Inde
1064 1225 1230 1277 posteris
1244 1222 1372 1278 facia
1395 1232 1485 1262 sunt
1506 1236 1645 1269 sacra,
1674 1234 1774 1274 quae

301 1283 441 1335 primis
460 1281 631 1336 fuerant
661 1290 859 1333 assumpta
886 1278 1045 1320 solatia.
1110 1280 1208 1317 Cum
1247 1279 1370 1329 igitur
1396 1278 1497 1316 duae
1529 1291 1579 1316 ex
1607 1275 1773 1316 scientia

303 1344 527 1389 temporum
561 1345 666 1380 artes
699 1337 970 1383 efflorescant,
997 1335 1127 1386 inquit
1149 1334 1354 1383 petavius,
1384 1335 1509 1373 altera
1539 1347 1638 1385 quae
1666 1346 1774 1371 com..

304 1393 493 1445 putistica
513 1395 632 1444 vulgo
653 1393 900 1445 appellatur,
932 1397 971 1428 et
999 1390 1105 1428 circa
1130 1391 1309 1428 Canones
1334 1403 1380 1427 ac
1401 1390 1558 1439 regulas
1584 1389 1774 1427 ordinan-

305 1449 451 1487 dorum
471 1449 523 1487 ad
546 1449 703 1487 civilem
726 1461 839 1487 usum
868 1454 1094 1498 temporum
1122 1453 1327 1496 versatur,
1357 1445 1480 1484 altera
1511 1458 1628 1496 quam
1646 1444 1774 1483 Chro-

305 1504 502 1556 nologiam
530 1505 718 1553 dicimus,
756 1503 874 1544 certis
902 1503 1006 1543 notis
1046 1508 1085 1541 et
1114 1501 1275 1542 indiciis
1308 1501 1614 1553 praeteritarum
1642 1514 1775 1540 rerum

306 1564 533 1603 memoriam
572 1561 654 1600 suis
689 1559 937 1611 temporibus
976 1558 1163 1608 assignet,
1200 1564 1418 1609 utrumque
1455 1557 1691 1609 complexus
1717 1563 1777 1596 est

308 1624 448 1661 auctor
478 1617 702 1667 Paschalis,
738 1617 832 1655 dum
859 1615 998 1655 seriem
1033 1620 1282 1665 temporum,
1323 1613 1471 1665 quibus
1502 1613 1670 1653 subinde
1710 1626 1776 1652 res

307 1681 437 1725 gestas
475 1673 683 1720 adscribit,
721 1671 860 1711 sedulo
896 1670 1173 1723 prosequitur,
1203 1677 1243 1711 et
1281 1671 1460 1710 Canones
1500 1666 1778 1724 ἒορταστικοῦς

307 1728 599 1782 Paschalesque
620 1728 789 1769 subinde
808 1727 1018 1767 interserit.

422 1842 549 1882 XVII.
605 1842 806 1882 Incertum
835 1853 958 1892 porro
987 1853 1037 1878 an
1063 1838 1270 1891 Hippolyti
1294 1838 1520 1879 Chronicon
1549 1838 1655 1877 idem
1680 1838 1778 1877 scri..

311 1905 404 1951 ptor
428 1911 604 1950 unquam
631 1897 801 1946 viderit,
830 1897 894 1937 vel
918 1896 1079 1946 legerit,
1109 1895 1157 1932 ab
1195 1909 1320 1947 eoque
1353 1894 1545 1946 quaedam
1587 1893 1778 1946 hauserit,

314 1955 378 1993 vel
394 1969 488 1994 sane
506 1968 569 1994 res
586 1953 704 1994 hasce
728 1951 929 1993 tractandi
945 1951 1175 1991 methodum
1203 1952 1425 2003 exceperit,
1454 1951 1549 1989 dum
1579 1950 1778 1991 Paschalia

316 2011 542 2050 festivitatis
569 2009 862 2061 investigandae
889 2008 1104 2057 rationem,
1135 2021 1266 2047 rerum
1295 2014 1492 2058 gestarum
1511 2005 1779 2058 Chronologi-

314 2081 383 2106 cae
410 2066 669 2119 descriptioni
697 2065 960 2113 intermiscet,
1000 2065 1090 2103 licet
1124 2064 1385 2116 Hippolytum
1415 2064 1464 2103 ab
1496 2077 1542 2102 eo
1573 2063 1704 2102 visum
1728 2077 1780 2102 ex

312 2123 526 2176 praedictis
545 2123 728 2172 colligere
754 2123 922 2162 fortasse
950 2121 1088 2169 liceat,
1117 2120 1239 2171 idque
1261 2120 1427 2159 suadere
1449 2120 1694 2171 aliquatenus
1716 2120 1779 2159 vi-

313 2180 455 2219 deatur
477 2179 605 2231 ipsius
625 2178 813 2217 Cbronici
833 2177 997 2225 titulus,
1032 2176 1145 2229 cujus
1177 2176 1256 2214 duo
1281 2177 1519 2230 exemplaria
1549 2175 1592 2214 in
1620 2175 1779 2215 Scoria·

311 2235 414 2274 lensi
439 2235 556 2287 Regis
591 2234 783 2273 Catholici
807 2232 1052 2272 Bibliotheca
1084 2232 1258 2271 extitisse
1288 2232 1480 2272 docemur
1508 2245 1559 2270 ex
1589 2232 1777 2283 catalogo

314 2291 557 2330 Graecorum
587 2291 781 2329 Codicum
805 2289 1163 2342 manuscriptorum
1188 2288 1378 2338 necdum,
1417 2288 1457 2327 ni
1481 2288 1620 2338 fallor,
1659 2289 1778 2338 edito,

314 2360 485 2399 quorum
502 2347 615 2400 prior
636 2346 742 2385 hanc
767 2346 1065 2398 inscriptionem
1091 2346 1286 2397 praefert:
1317 2345 1600 2395 Μαρκελλίνου
1618 2344 1685 2385 καὶ
1709 2347 1780 2385 Ιπ-

314 2399 514 2451 πολύτου,
543 2401 634 2456 ἤτοι
653 2399 808 2456 ἀδήλου
832 2399 998 2454 ἐπιτομὴ
1026 2401 1183 2454 χρόνων
1218 2397 1299 2441 ἀπό
1325 2398 1446 2452 Αδᾶμ.
1474 2399 1585 2453 μέχρι
1610 2404 1684 2454 τῆς
1702 2403 1781 2441 Βα-

317 2460 464 2508 σιλείας
490 2459 715 2512 Ηρακλείου
741 2461 815 2500 τοῦ
840 2458 955 2507 νέου,
983 2457 1141 2498 καὶτοῦ
1169 2454 1296 2497 αὐτοῦ
1328 2459 1423 2498 υἷοῦ
1455 2458 1779 2499 Κωνσταντίνου.

317 2515 429 2554 Alius
454 2529 570 2554 vero:
619 2513 804 2567 Επιτομή
841 2511 992 2567 χρόνων
1023 2511 1104 2554 dud
1145 2510 1265 2564 Αδοῖμ,
1303 2512 1459 2564 Πέτρου
1493 2513 1781 2564 Αλεξανδρείας

320 2568 563 2625 Μόρτυρος,
605 2572 799 2611 Κελλίνου
840 2569 906 2611 καὶ
939 2566 1185 2618 Ιππολύτου,
1226 2567 1314 2621 ἤτοι
1343 2565 1492 2620 ἐδήλου
1527 2567 1639 2621 μέχρι
1668 2571 1781 2621 Ηρα-

318 2629 450 2668 κλείου
472 2630 546 2667 τοῦ
567 2626 684 2676 νέου,
714 2626 782 2667 καὶ
812 2626 1117 2666 Κωνσταντίνου
1141 2628 1215 2666 τοῦ
1232 2625 1327 2666 υἱοῦ
1347 2621 1484 2666 αὐτοῦ.
1546 2624 1621 2663 Ubi
1639 2625 1680 2662 in
1700 2625 1779 2676 pri·

318 2697 383 2722 mo
401 2698 475 2736 pro
500 2684 728 2732 Βασιλείας,
755 2682 964 2733 legendum
1001 2681 1162 2720 indubie
1191 2679 1405 2732 ὑπατείας,
1447 2682 1602 2720 tametsi
1627 2687 1781 2720 caetera

368 2861 406 2903 ¹)
432 2859 605 2906 Epiphan.
630 2860 662 2894 in
686 2861 810 2897 Ancor.
835 2871 867 2905 ι).
894 2861 968 2896 107.
995 2861 1071 2896 108.
