1820 3276
443 192 503 238 IN
537 192 868 239 CHRONICON
900 194 1192 240 PASCHALE.
1471 193 1573 245 489

98 302 220 355 nique
265 301 478 344 Consulem
520 304 798 345 renuntiatum
844 304 1001 357 tradat,
1049 306 1164 347 nullo
1200 311 1334 347 tamen
1369 306 1575 363 adscripto

97 360 181 400 fere
208 358 355 400 idoneo
382 362 577 414 temporis
605 361 929 404 characterismo.

214 419 309 468 Pag-
338 419 436 462 711·
469 422 534 462 11.
598 422 688 460 Τῶν
709 421 929 461 πολιτικῶν
954 416 1110 474 ὄῖρτων]
1154 420 1209 460 De
1236 419 1383 473 quibus
1412 421 1574 475 copiose

99 473 250 526 egimus
278 474 322 513 in
350 480 526 527 utroque
556 475 783 526 Glossario,
812 482 851 515 et
879 476 922 515 in
952 477 1300 531 Constantinopoli
1329 476 1474 518 Christ.
1502 478 1572 518 lib.

98 544 144 570 ιι.
175 535 271 570 sect.
300 545 375 571 ΧΠ.
432 531 596 572 Interim
634 546 684 572 ex
718 531 797 571 boc
831 532 925 572 loco
965 533 1178 574 observare
1214 534 1308 574 licet
1340 541 1499 590 tempus
1533 542 1574 575 et

99 600 248 628 annum
289 601 370 639 quo
403 602 523 641 panes
562 588 630 629 isti
658 589 816 643 politici
845 590 1145 643 possessoribus
1172 604 1243 631 seu
1276 591 1434 632 civibus
1461 592 1574 633 urbis

30 660 32 666 ·
99 644 561 697 Constantinopolitanae
587 646 774 701 praeberi
802 646 1019 688 desierunt.

214 704 307 753 Pag.
335 705 432 746 711.
464 706 530 747 12.
586 701 669 745 Διοὲ
701 703 903 758 γραφῶν]
952 704 1012 743 Ita
1059 704 1178 743 etiam
1224 705 1402 758 praefert
1449 706 1573 747 editio

99 757 316 810 Scaligeri:
359 765 402 798 at
439 760 654 800 Salmasius
683 760 734 799 ad
767 760 988 814 Vopiscum
1015 761 1221 812 emendat,
1250 758 1498 817 διέγραφον,
1528 770 1576 804 ut

98 815 347 867 intelligatur
382 820 557 869 capitatio
591 818 659 858 vel
696 818 877 858 tributum.
934 819 1020 870 Ego
1057 831 1157 858 vero
1193 819 1405 871 legendum
1433 828 1572 874 putem

99 869 169 914 διοῖ
202 869 462 927 διαγράφων,
502 888 556 914 ex
591 873 796 914 Anastasio
834 874 877 913 in
916 877 956 914 S.
988 874 1188 916 vitaliano
1217 877 1292 917 ΡΡ.
1321 881 1356 915 et
1384 879 1491 917 talem
1511 878 1574 932 af-

92 931 292 982 flictionem
313 934 438 983 posuit
459 933 497 971 in
521 932 653 984 populo
672 945 737 984 per
768 931 978 984 diagrapha
1011 945 1073 971 seu
1102 936 1245 985 capita,
1272 938 1380 986 atque
1403 938 1573 975 nautica-

98 989 209 1026 tiones
233 1000 300 1039 per·
326 999 437 1026 annos
457 989 650 1041 plurimos,
679 993 744 1028 etc.
773 989 838 1028 vel
866 989 1003 1041 potius
1034 986 1102 1030 6202
1130 991 1389 1045 διαγραφῶν·
1419 991 1575 1044 quippe

99 1040 302 1098 διαγραφή
340 1044 537 1100 eiusmodi
567 1045 760 1099 capitatio
791 1045 900 1098 apud
927 1046 1216 1097 Justinianum,
1261 1047 1504 1101 Procopium
1534 1054 1575 1088 et

100 1096 197 1139 alios
234 1100 403 1151 dicia‘ar,
440 1115 614 1154 quorum
650 1103 763 1142 locos
802 1102 986 1142 dedimus
1023 1104 1065 1143 in
1102 1110 1277 1156 utroque
1318 1105 1494 1145 Glossar.
1530 1105 1573 1144 in

98 1157 340 1210 Diagraplsa,
378 1158 421 1197 in
448 1159 675 1212 Descriptor,
714 1166 752 1199 et
789 1159 831 1199 in
860 1156 1092 1214 Διαγραφή.
1150 1161 1230 1200 Sed
1265 1167 1306 1200 et
1343 1162 1450 1201 idem
1487 1163 1574 1201 Sal-

98 1215 246 1253 masius
280 1228 356 1268 pro
396 1216 624 1270 νομίσματα
662 1212 708 1271 γ’.
746 1216 960 1268 legendum
999 1218 1092 1271 τρία
1129 1219 1309 1272 νουμμία
1353 1219 1573 1269 contendit,

98 1271 217 1324 quia,
259 1271 414 1324 inquit,
453 1269 630 1326 νόμισμα
657 1278 717 1312 est
747 1273 900 1312 solidus
929 1287 1086 1313 aureus.
1142 1275 1205 1314 Ita
1234 1288 1353 1326 sane,
1392 1282 1510 1329 atque
1538 1278 1574 1315 is

97 1334 264 1367 exactus
295 1342 376 1367 non
405 1343 481 1382 pro
512 1330 678 1380 singulis
706 1330 899 1383 panibus,
938 1330 1010 1369 sed
1044 1345 1120 1384 pro
1154 1331 1244 1385 jure
1273 1332 1432 1371 fruendi
1462 1332 1574 1386 pani-

97 1384 174 1424 bus
205 1385 391 1424 civilibus
423 1386 465 1425 in
494 1387 674 1438 singulos
702 1400 849 1440 panes:
889 1387 947 1426 ita
974 1393 1022 1427 ut
1051 1389 1121 1440 qui
1156 1389 1296 1441 plures
1331 1389 1574 1443 perciperet,

97 1441 263 1481 totidem
292 1448 429 1482 ternos
458 1457 601 1483 aureos
629 1458 705 1497 pro
731 1444 897 1496 singulis
927 1445 1176 1496 exsolveret,
1206 1460 1285 1485 non
1314 1459 1413 1486 vero
1443 1447 1574 1486 tribus

97 1499 230 1539 aureis
269 1499 450 1553 singulos
482 1515 608 1554 panes
640 1507 905 1555 compararet.
964 1501 1041 1541 Hic
1076 1516 1203 1556 porro
1234 1499 1302 1545 διαὶ
1336 1504 1574 1559 διαγραφῶν

96 1555 306 1596 edidimus.

215 1616 308 1665 Pag-
337 1617 434 1658 711.
466 1614 531 1657 14.
587 1611 847 1671 Ανῃρτήθη]
883 1615 977 1668 Leg.
1018 1612 1227 1673 ἀνῃρέθη,
1267 1623 1314 1657 ut
1351 1617 1447 1657 olim
1488 1631 1574 1657 mo-

97 1671 272 1710 nuimus.
331 1671 429 1711 cod.
463 1671 591 1712 vatic.
624 1668 828 1726 οἷνηρτίθη
857 1672 968 1725 legit.

214 1730 308 1778 Pag.
337 1732 434 1771 711.
466 1731 530 1772 19.
589 1725 658 1770 vv'.
694 1727 930 1783 Ολυμπιοῖς]
984 1729 1096 1779 Quae
1132 1729 1321 1785 deinceps
1358 1738 1574 1772 narrantur

98 1784 148 1824 ab
178 1799 281 1824 anno
312 1797 384 1826 vn.
416 1785 616 1844 ngaclii,
646 1799 773 1839 usque
802 1786 853 1825 ad
882 1801 1030 1826 annum
1052 1800 1122 1827 xv.
1150 1795 1433 1842 praeterquam
1462 1788 1575 1843 quod

98 1841 270 1881 duorum
300 1855 495 1881 annorum
528 1842 827 1883 characterismi
856 1843 1112 1894 omittuntur,
1141 1852 1404 1899 praepostero
1434 1846 1575 1887 ordine

98 1898 274 1938 describi
297 1906 463 1938 constat.
523 1900 644 1949 Quod
671 1901 774 1940 enim
805 1901 854 1940 ‹le
883 1900 1059 1952 Chagani
1087 1902 1263 1941 consiliis
1289 1904 1477 1955 refertur,
1510 1917 1576 1943 re-

100 1962 164 1994 cte
206 1969 312 1994 anno
360 1956 532 1996 Heraclii
572 1972 628 2000 ix.
680 1958 916 1998 adscribunt
961 1958 1227 2012 Theophanes
1275 1967 1316 2000 et
1355 1961 1576 2002 Cedrenus.

101 2012 271 2052 Proinde
299 2013 474 2066 idipsum
504 2014 800 2068 adjungendum
830 2015 966 2055 statim
997 2022 1091 2069 post
1128 2016 1229 2056 haec
1268 2017 1413 2069 verba,
1458 2021 1578 2060 Κων-

99 2070 312 2111 σταντίνου
357 2069 443 2121 ἔτος
482 2067 529 2121 ζ’.
577 2086 706 2126 usque
746 2073 796 2112 ad
837 2087 978 2112 vocem
1015 2068 1359 2124 ἀντιστατοῦντος.
1417 2074 1577 2115 Exhinc

99 2133 182 2166 tres
212 2135 501 2179 consequentes
532 2129 622 2168 anni
655 2130 830 2169 Heraclii
858 2143 900 2170 x.
923 2144 987 2170 xl.
1018 2136 1057 2169 et
1085 2145 1161 2170 xu.
1190 2131 1365 2171 debuere
1388 2132 1577 2184 describi,

98 2183 316 2236 praemissa
348 2199 472 2227 eccm.
502 2186 754 2239 Olympiade.
811 2187 914 2226 Tum
951 2187 1151 2240 profectio
1187 2187 1361 2228 Heraclii
1401 2190 1442 2228 in
1474 2190 1575 2229 Per·
1597 2199 1629 2234 P
1651 2199 1721 2236 618

100 2240 250 2290 sidem,
292 2255 395 2293 quae
425 2256 527 2281 anno
555 2243 682 2296 ipsius
710 2243 880 2294 Augusti
910 2257 987 2285 ΧΠ.
1015 2244 1208 2297 contigit,
1245 2251 1292 2284 ut
1319 2251 1429 2286 recte
1458 2246 1578 2286 etiam

101 2297 316 2337 observant
353 2297 615 2352 Theophanes
660 2306 698 2339 et
738 2300 963 2351 Cedrenus,
1011 2301 1082 2354 qui
1122 2301 1354 2342 Heraclium
1395 2303 1576 2351 tradunt,

100 2362 263 2407 peracta
291 2368 348 2394 lv.
380 2356 527 2409 Aprilis
557 2356 793 2396 solennitate
822 2357 1026 2408 paschali,
1069 2359 1267 2411 postridie
1300 2359 1397 2399 feria
1426 2375 1472 2400 11.
1502 2361 1575 2400 sub

100 2425 308 2464 vesperam
339 2425 542 2464 egressum
572 2427 656 2453 esse
692 2414 734 2453 in
772 2415 911 2453 Persas
942 2415 1236 2467 expeditionem
1274 2424 1577 2470 suscepturum:

103 2481 184 2520 quo
214 2469 378 2520 quidem
408 2484 514 2509 anno
546 2470 699 2510 Pascha
727 2485 871 2511 revera
900 2484 955 2512 ιν.
982 2472 1130 2525 Aprilis
1160 2474 1339 2526 contigit.
1397 2475 1479 2513 Nec
1497 2475 1575 2513 dis-

102 2525 224 2564 sentit
261 2526 422 2565 omnino
458 2526 641 2581 Scriptor
682 2527 898 2579 chronici,
948 2529 1126 2569 scribens
1163 2544 1262 2570 xxv.
1300 2531 1433 2570 Martii
1477 2530 1575 2570 urbe

103 2594 307 2632 egressum
335 2583 585 2634 Heraclium,
615 2598 662 2624 ac
687 2585 805 2638 juxta
833 2586 1104 2626 Nicomediam
1133 2587 1318 2626 Paschali
1347 2593 1487 2627 exacta
1516 2588 1574 2626 fe-

103 2638 278 2678 stivitate
314 2639 393 2679 iter
430 2641 670 2694 arripuisse,
709 2648 748 2682 et
785 2649 925 2682 contra
953 2644 1095 2683 Persas
1132 2644 1366 2698 perrexisse.
1422 2643 1575 2684 Huicce

106 2695 267 2736 demum
303 2698 522 2737 narrationi
552 2698 855 2752 subjungendus
889 2713 1016 2740 annus
1046 2715 1139 2740 xm.
1172 2700 1365 2750 Heraclii,
1408 2714 1498 2739 cum
1526 2701 1577 2740 iis

106 2765 209 2803 quae
237 2752 288 2792 de
317 2754 455 2805 Sergio
483 2754 716 2795 Patn'arcba
745 2758 1000 2804 referuntur,
1037 2771 1165 2811 usque
1195 2756 1245 2795 ad
1273 2770 1412 2796 vocem
1441 2759 1577 2811 Αλλη-

106 2805 236 2850 todia.
294 2810 397 2849 Tum
434 2812 622 2864 ponenda
655 2813 864 2867 Olympias
898 2828 1022 2854 eccm.
1060 2828 1150 2853 cum
1192 2827 1296 2852 anno
1325 2827 1414 2854 xus.
1443 2813 1576 2855 Hera-

107 2865 197 2917 clii,
238 2873 277 2906 et
306 2865 390 2919 ejus
421 2866 763 2923 charactefismss,
804 2870 1008 2923 quomodo
1045 2870 1143 2910 haec
1174 2870 1304 2910 omnia
1332 2870 1578 2912 restituenda
