1820 3276
459 209 518 252 IN
553 209 882 254 CHROMCON
914 210 1204 255 PASCHALE.
1458 208 1557 257 441

206 321 299 370 Pag.
328 320 422 361 608.
454 317 520 361 15.
581 318 718 374 Φόρου
757 322 1103 374 Κωνσταντίνου]
1147 321 1250 363 lbid.
1288 321 1358 361 lib.
1389 331 1425 361 ἰ.
1463 328 1560 362 sect.

90 388 204 414 xxxv.
235 389 275 414 n.
302 391 332 415 1.
360 391 408 415 11.
437 381 512 414 etc.

129 484 132 485 ⁷
209 434 303 482 Pag.
331 433 425 474 608.
459 435 525 476 18.
584 430 844 488 Πλάτωνος]
903 435 1026 488 Cujus
1075 434 1256 474 meminit
1302 435 1562 474 Marcellinus

91 488 230 528 Comes
250 488 332 527 'sub
363 489 624 529 Consulatum
654 491 769 530 Pauli
799 498 839 530 et
867 492 1082 542 Musciani,
1122 499 1162 531 et
1196 492 1339 531 Victor
1375 493 1563 533 Tuunun.

89 558 193 584 anno
236 559 317 597 seq.
378 546 476 584 Nam
512 547 616 585 alius
655 548 733 589 fuit
769 547 881 587 Plato
922 548 1158 599 Eunuchus,
1205 549 1275 601 qui
1311 550 1564 602 temporibus

88 602 268 642 Basilisci
299 609 496 642 crematus
527 603 629 653 fuit,
654 604 703 643 de
734 617 814 657 quo
843 605 984 645 Suidas
1013 605 1055 644 in
1086 602 1341 661 Προκόπιος,
1373 613 1414 646 et
1444 606 1563 645 Codi-

90 671 168 698 nus
195 660 238 697 in
263 658 374 710 Orig.
405 660 754 713 Constantinopol.

203 716 299 766 Pag.
331 719 446 759 608..
465 719 530 759 19.
587 715 708 758 Meto?
743 715 789 759 τὸ
827 717 1142 773 περιγενέσθαι]
1190 718 1312 771 Atqui
1352 719 1562 759 Persicum

90 772 241 811 bellum
275 773 325 811 ad
358 772 599 813 Indictiones
630 774 826 813 duntaxat
852 790 893 816 x.
930 790 988 814 xr.
1021 782 1060 815 et
1090 789 1165 815 xn.
1196 783 1359 815 revocat
1387 777 1563 815 Marcel-

89 830 212 868 linus:
241 829 504 882 Theophanes
534 845 632 870 vero
663 838 702 870 et
733 831 936 871 Cedrenus
974 832 1026 871 ad
1063 846 1152 872 ann.
1187 847 1276 872 xm.
1306 847 1389 872 ΧΠ.
1421 839 1460 873 et
1489 846 1562 872 xv.

90 886 298 927 Anastasii.
359 886 532 926 Proinde
560 886 660 926 haec
686 888 897 928 referenda
926 889 976 928 ad
1007 903 1157 927 annum
1188 890 1366 942 ejusdem
1391 890 1564 942 Augusti

90 956 192 983 xvn.
224 943 428 995 quomodo
457 945 638 983 referunt
660 945 780 984 iidem
811 945 1078 999 Theophanes
1107 953 1147 984 et
1176 946 1395 987 Cedrenus.

203 999 299 1039 Ibid.
361 1002 434 1040 Οτι
468 1000 494 1042 ὅ
520 999 738 1054 Βασιλεὺς]
780 1003 873 1042 Vox
901 1000 962 1044 ὅτι
990 1002 1168 1056 praefixa
1207 1003 1303 1042 huic
1332 1003 1559 1056 periochae,

89 1057 184 1095 satis
212 1057 364 1095 indicat
402 1056 504 1097 haec
543 1059 744 1112 exscripta
783 1060 906 1099 fuisse
942 1073 993 1098 ex
1024 1060 1196 1112 quadam
1226 1060 1464 1100 collectione
1492 1060 1562 1099 hi-

89 1114 249 1153 storica.
308 1113 410 1153 Vide
441 1115 570 1154 Gloss.
599 1117 702 1154 med.
735 1116 909 1157 Graecit.
939 1117 981 1155 in
1012 1114 1085 1157 ὅτι.

203 1171 297 1221 Pag.
328 1173 424 1214 608.
462 1176 530 1214 20.
597 1170 649 1213 Td
687 1176 832 1227 Δώρας
861 1174 1009 1227 χωρίον
1044 1171 1167 1225 ὄντα]
1216 1174 1315 1214 cod.
1346 1173 1474 1214 vatic.
1512 1171 1558 1215 ‘to'

87 1224 364 1282 Δωρεχῶριον.
422 1228 525 1267 Edit.
564 1229 777 1281 Scaligeri‚
816 1227 860 1271 τὸ
890 1233 1070 1283 Δωραχῶ
1107 1228 1218 1270 ὅντα.
1278 1229 1358 1269 Sed
1396 1231 1474 1282 leg.
1513 1228 1559 1271 ‘td

87 1284 235 1338 χωρίον
268 1282 338 1335 ὃν,
375 1284 444 1323 ubi
473 1286 619 1340 χωρίον
648 1286 752 1324 idem
783 1287 891 1326 valet
921 1286 1030 1340 quod
1057 1289 1178 1336 vicus,
1210 1288 1395 1339 oppidum,
1425 1284 1559 1340 κώμη,

87 1340 148 1378 uti
172 1341 296 1380 Daras
328 1341 555 1394 appellatur
584 1357 604 1381 a
624 1343 826 1396 Procopio
856 1343 924 1382 lib.
949 1359 996 1381 11.
1027 1343 1075 1381 de
1097 1343 1225 1382 Aedis.
1244 1343 1387 1382 sustin.
1418 1358 1505 1396 cap.
1529 1360 1560 1384 1.

87 1397 283 1449 siquidem
316 1405 428 1436 antea
459 1399 653 1452 oppidum
681 1401 746 1438 vel
776 1401 889 1439 vicus
920 1406 1026 1448 erat,
1074 1400 1233 1438 tametsi
1271 1400 1423 1439 scribat
1461 1402 1563 1439 Eva-

88 1455 221 1505 grius,
253 1454 294 1504 ἐξ
325 1452 453 1510 ἆγροῦ
482 1452 602 1496 πόλιν
632 1457 792 1495 factam.
852 1457 964 1496 Idem
1006 1457 1227 1509 Procopius
1255 1457 1322 1499 lib.
1354 1473 1383 1496 1.
1413 1458 1561 1498 Persic.

89 1524 177 1564 cap.
206 1525 254 1550 x:
279 1511 330 1550 de
361 1512 591 1552 Anastasio:
619 1510 735 1555 πόλιν
767 1513 949 1566 ἐδείματο
982 1513 1025 1554 ἓν
1045 1515 1177 1569 χωρίῳ
1201 1511 1362 1568 Δᾶρας,
1394 1511 1564 1568 ἰσχυράν

88 1583 130 1608 τε
146 1567 388 1623 ὑπερφυῶς,
418 1569 486 1610 καὶ
510 1567 631 1624 λόγου
662 1567 799 1621 (ἰξίας,
820 1567 947 1611 αὐτοῦ
965 1570 1167 1619 Βασιλέως
1185 1568 1414 1623 ἐπώνυμον.
1448 1572 1563 1611 Dicta

90 1624 196 1664 enim
232 1623 626 1676 Αναστασιούπολις,
669 1634 716 1666 ut
753 1634 814 1666 est
854 1627 964 1680 apud
993 1627 1229 1666 cedrenum.
1287 1628 1392 1666 Hinc
1426 1625 1563 1681 (Domi-

89 1697 178 1733 ριον
206 1683 461 1723 Αναστασίου
497 1680 651 1732 πόλεως
691 1683 895 1737 Stephano
935 1697 1006 1722 seu
1043 1685 1259 1723 Hermolao
1290 1691 1562 1737 nuncupatur.

88 1738 284 1790 Evagrius
313 1739 383 1779 lib.
412 1755 473 1777 111.
497 1754 583 1793 cap.
616 1755 784 1781 xxxvn.
814 1741 882 1780 ubi
918 1740 1018 1779 haec
1046 1742 1194 1790 refert,
1229 1743 1378 1795 χωρίου
1408 1743 1564 1795 pariter

87 1808 188 1834 voce
230 1796 379 1834 utitur:
419 1794 565 1850 Δάρας
587 1799 735 1852 χωρίον
773 1801 847 1851 τῆς
875 1797 1022 1850 Μέσης
1058 1801 1138 1839 τῶν
1171 1801 1378 1851 ποταμῶν.
1444 1799 1563 1838 Urbis

87 1851 210 1891 situm
241 1858 281 1891 et
310 1852 488 1892 aedificia
518 1855 703 1907 pluribus
733 1854 926 1894 describit
957 1855 1080 1894 variis
1109 1855 1212 1894 locis
1243 1856 1482 1908 Procopius,
1514 1868 1563 1894 ac

85 1910 321 1962 praesertim
350 1910 419 1950 lib.
450 1926 494 1948 11.
527 1911 576 1949 de
609 1912 770 1951 Aedifie.
799 1912 941 1952 Justin.
972 1925 1059 1964 cap.
1088 1928 1114 1950 1.
1146 1927 1190 1952 11.
1225 1918 1264 1951 et
1293 1928 1358 1954 111.
1418 1913 1564 1952 Subdit

87 1979 211 2018 porro
245 1967 434 2017 Evagrius
476 1968 626 2020 oppido
669 1983 811 2007 nomen
848 1969 1046 2019 inditum,
1086 1965 1184 2010 διότι
1211 1974 1386 2024 Δαρεῖον
1413 1966 1563 2011 αὐτόθι

86 2024 384 2076 κατηγωνίσατο
419 2021 678 2066 παντάπασιν
717 2026 971 2079 Αλέξανδρος
1001 2025 1026 2067 ὅ
1052 2024 1259 2067 Μακεδών
1289 2025 1310 2068 ὁ
1340 2029 1562 2068 Φιλίππου.

87 2079 141 2117 At
171 2093 261 2117 cum
292 2083 437 2134 Δώρας
466 2083 587 2121 semel
619 2097 665 2121 ac
693 2084 835 2122 iterum
865 2083 1009 2121 habeat
1040 2082 1120 2122 hoc
1147 2084 1239 2122 loco
1262 2084 1415 2122 Auctor
1435 2083 1562 2122 Chro-

88 2135 188 2185 nici,
234 2136 396 2176 videtur
434 2139 681 2179 existimasse
722 2140 814 2179 vico
851 2153 997 2178 nomen
1034 2140 1230 2189 inditum,
1267 2154 1348 2178 non
1381 2141 1429 2178 ab
1470 2141 1561 2193 ipso

90 2193 208 2231 Dario
240 2207 287 2231 eo
315 2195 359 2232 in
387 2195 479 2234 loco
509 2196 665 2245 deleto,
692 2196 761 2244 sed
796 2196 844 2235 ab
872 2196 1010 2245 hasta,
1042 2211 1159 2248 quam
1191 2192 1290 2249 δόρυ
1319 2197 1463 2236 Graeci
1485 2211 1563 2235 vo-

88 2256 199 2299 cant,
238 2264 316 2301 qua
348 2251 490 2290 Darius
523 2252 572 2291 ab
603 2253 829 2291 Alexandro
859 2266 1074 2306 percussus
1104 2259 1164 2291 est
1185 2283 1196 2302 ,
1234 2254 1391 2292 tametsi
1420 2250 1563 2306 Δάρης

87 2307 319 2357 reponendo
350 2321 488 2346 sensus
519 2316 676 2347 maneat
706 2310 869 2361 integer.
928 2309 1095 2348 Addunt
1123 2309 1389 2362 Theophanes
1419 2318 1459 2349 et
1490 2311 1563 2349 Ce-

90 2361 239 2401 drenus
281 2365 431 2416 oppido
472 2365 537 2416 jus
577 2366 751 2404 civitatis
782 2366 940 2405 dedisse
978 2366 1253 2416 Anastasium,
1285 2367 1393 2419 quod
1423 2374 1563 2420 postea

92 2433 113 2457 a
146 2420 353 2459 Saracenis
398 2420 549 2474 Ταυρὲς
589 2423 835 2474 appellatum
873 2423 1036 2461 invenio
1076 2424 1118 2461 in
1150 2423 1247 2469 Cod.
1278 2425 1372 2476 Reg.
1404 2438 1565 2464 mmccu.

91 2476 161 2515 fol.
194 2479 264 2517 99.
290 2491 327 2516 v.
364 2485 401 2517 et
430 2480 473 2517 in
500 2479 712 2531 Excerptis
743 2479 1027 2532 Geographicis
1057 2480 1258 2519 Vulcanii.

207 2533 302 2584 Pag-
331 2537 426 2577 609.
457 2540 495 2579 3.
555 2535 809 2588 Εκκλησίας]
854 2537 916 2575 Ex
948 2536 1093 2588 quibus
1131 2543 1378 2576 memoratur
1417 2551 1439 2575 a
1474 2538 1568 2576 Pro-

94 2588 212 2640 copio
254 2590 291 2629 d.
331 2604 416 2643 cap.
444 2607 491 2633 11.
540 2593 716 2632 Ecclesia
764 2596 802 2633 S.
849 2592 1158 2632 Bartholomaeo
1201 2594 1395 2645 Apostolo
1438 2608 1567 2645 sacra,

93 2644 268 2696 ejusdem
299 2647 408 2687 urbis
434 2648 516 2701 jam
546 2651 639 2689 olim
669 2650 866 2703 peculiari
895 2651 1091 2697 Patrono,
1122 2657 1168 2688 ut
1198 2657 1256 2689 est
1289 2650 1396 2702 apud
1430 2650 1568 2689 Theo-

93 2701 235 2740 dorum
272 2704 474 2744 hectorem
507 2707 591 2745 Ecl.
622 2722 667 2746 11.
703 2707 847 2746 Palatii
877 2706 1059 2747 Darensis
1098 2707 1280 2746 meminit
1314 2706 1419 2745 idem
1458 2708 1569 2747 Pro-

94 2759 234 2810 copius
263 2759 332 2799 lib.
360 2776 384 2798 1.
418 2763 563 2802 Persic.
595 2777 680 2816 cap.
715 2764 785 2805 ult.

207 2816 301 2854 nid.
362 2818 444 2859 Καὶ
475 2816 592 2873 ὅρια]
627 2820 793 2860 Publica
823 2819 976 2859 scilicet
1008 2819 1151 2858 horrea
1184 2826 1222 2857 et
1242 2820 1446 2872 militaria,
1467 2835 1568 2874 quae

98 2869 254 2911 Condita
280 2873 410 2913 Latini
438 2876 659 2929 vocabant,
687 2876 731 2916 in
761 2876 907 2930 quibus
939 2876 1109 2918 ἐπέτειοι
1126 2877 1274 2930 τροφαὶ
1292 2873 1568 2928 οἷποτίθενται,
