1884 3262
275 163 374 209 216
596 163 837 207 SELECTA
869 162 941 203 AD
972 161 1461 204 ILLUSTRATIONEM

277 275 415 326 σιτικῆς
433 269 583 325 ψήφου
607 289 662 313 τω
695 269 830 326 τρόπω
859 267 1001 327 τούτῳ.
1059 271 1165 313 Δέον
1198 273 1356 324 ζητεῖν’
1347 269 1444 339 ἱθτοῖς
1462 268 1636 319 ἐπακτας
1663 273 1739 311 τοῦ

276 331 326 381 Θ
347 329 504 381 καὶτῆς
523 329 568 376 Σ.
625 329 684 369 Αἰ
705 327 749 369 δὲ
770 328 936 370 ἐπακταὶ
951 330 1030 369 τοῦ
1049 328 1101 380 Θ
1121 327 1372 382 ευρίσκονται
1394 343 1530 375 ουτως.
1561 323 1644 368 οἷπδ
1664 329 1738 379 τῆς

276 386 371 427 νυνὶ
390 382 630 437 διελθούσης
651 380 686 425 α’
709 381 983 454 ἐπινεμήσεως
999 388 1071 425 τοῦ
1088 385 1256 452 τρίτου’
1243 384 1354 432 ε’τους
1369 387 1425 454 τῇ
1444 380 1607 439 ευδοκίᾳ
1631 386 1738 424 Θεοῦ

275 441 470 510 ’ἡμετέρας
497 442 720 494 βασιλείας,
765 441 859 483 δέον
887 437 1076 494 αριθμεῖν
1115 437 1271 489 πάντας
1307 456 1403 488 τους
1443 424 1739 506 συναγομένους

276 495 485 545 ἐνιαυτους
496 527 509 549 ,
540 495 672 551 ω’σπερ
688 500 767 539 νῦν
779 497 891 552 μέχρι
908 500 980 550 τῆς
998 496 1254 549 ἐνισταμένης
1271 512 1312 537 ια
1312 493 1601 549 ’ἐπινεμήσεως
1620 492 1737 537 συνά-

279 570 417 623 γονται
440 553 504 606 ἔτη
524 552 589 595 ια’.
649 554 732 594 Καὶ
749 554 841 596 δέον
866 556 1005 622 λαβεῖν
1031 551 1075 594 τδ
1105 551 1139 595 δ’
1164 568 1299 594 αυτων
1321 552 1390 594 καὶ
1409 557 1650 620 προσθεῖναι
1669 569 1739 593 αυ-

279 615 365 659 τοῖς
395 608 491 680 όπερ
522 610 604 652 ε’στι
632 608 737 652 δυό·
765 607 798 652 δ’
827 609 904 665 γοῖρ
929 607 1003 652 δυο
1029 611 1209 680 γίνονται
1226 606 1278 662 η’,
1310 606 1582 662 ἄπομενοῦσιν
1607 605 1654 663 γ’,
1680 624 1740 650 ων

280 683 404 708 τινων
423 682 471 708 ου
496 667 590 709 δέον
610 684 653 709 το
645 663 706 709 δ’
728 669 884 738 λαβεῖν
917 664 1018 708 advo}
1045 682 1122 720 γαρ
1150 683 1198 707 τα
1231 666 1322 719 τρία
1343 663 1392 706 τοὶ
1413 665 1586 719 μένοντα
1603 666 1742 718 σημαί-

281 736 399 765 νουσι
418 738 467 764 τα
483 726 575 778 τρία
598 723 664 793 ἔτη
689 740 738 764 τα
761 740 857 778 μετα
877 722 944 765 τὸν
971 724 1162 772 δι’σεξτον.
1226 725 1312 763 Οσα
1342 738 1420 777 γαρ
1449 721 1614 775 μένουσι
1642 719 1740 775 μετὰ

280 778 325 826 τὸ
351 781 488 833 λαβεῖν
511 779 556 822 τό
580 777 629 830 δ’,
659 780 735 821 εἴτε
763 782 834 830 ἓν,
865 780 941 821 εἴτε
971 776 1069 830 δύο,
1105 780 1180 821 εἴτε
1207 780 1319 834 τρία,
1351 778 1407 830 [εἰ
1422 777 1464 830 η]
1495 795 1544 819 τα
1569 777 1655 831 ε’τη,
1686 794 1742 827 ως

282 837 436 906 εἴρηται
455 853 504 876 τα
526 853 623 891 μετα
652 834 719 878 τὸν
750 838 927 887 δίσεξτον
945 837 1195 889 σημαίνουσι.
1228 836 1311 876 Καὶ
1330 831 1380 876 οὕ
1398 836 1463 876 δεῖ
1473 831 1624 876 τούτων
1645 838 1740 888 λαμ-

281 891 434 962 ssoivew’
458 891 502 934 τὸ
531 890 577 935 δ’.
634 894 741 934 Δέον
771 895 874 944 οὐν,
912 909 968 942 ως
995 893 1168 959 εἷ’,ρηται
1203 890 1248 934 τό
1282 888 1316 933 δ’
1344 907 1427 932 των
1459 891 1743 962 συναγομένων

278 949 379 991 ἐτῶν
408 945 486 990 απὸ
513 953 586 1019 τῆς
613 946 648 990 α’
676 947 944 1021 ἐπινεμήσεως
970 945 1139 991 πάντοτε
1163 947 1426 1019 προστιθέναι
1453 945 1578 1005 αὕτη,
1592 944 1742 1019 ω’σπερ

131 1012 161 1044 V
191 1008 261 1049 384
282 1009 362 1048 νῦν
378 1010 462 1054 τοῖς
490 1003 541 1047 ια’
563 1006 685 1056 ἔτεσι,
715 1004 761 1048 το“
781 1003 814 1047 δ’
835 1023 989 1057 αυτων,
1018 1005 1240 1056 τουτέστιν,
1272 1021 1321 1046 τα
1340 1002 1408 1074 β’,
1414 1005 1483 1045 καὶ
1504 1002 1601 1058 μετιὶ
1619 1002 1663 1054 τὸ
1680 1004 1743 1059 γέ·-

132 1410 162 1444 Ρ
184 1410 254 1445 478

76 2318 88 2331 ’
113 2316 164 2362 τῷ
185 2313 266 2358 εἰρι-

141 2350 244 2409 θμῷ.

78 2600 91 2614 ’
115 2595 266 2643 ἡμέρας

260 1067 426 1135 Χνεσθαι
449 1078 524 1115 την
544 1059 765 1133 πρόσθεσιν
790 1066 864 1104 τοῦ
883 1060 970 1111 ἓνὸς
986 1059 1032 1113 δ’,
1062 1062 1155 1104 δέον
1188 1077 1359 1103 παντοτε
1382 1058 1572 1116 ἀφαιρεῖν
1595 1063 1642 1103 ἓν
1673 1061 1743 1102 καὶ

279 1120 450 1189 μερίζειν
467 1120 524 1168 εἷς
541 1118 611 1160 τόν
634 1115 668 1168 ζ’
691 1117 887 1174 ἀριθμὸν,
922 1119 990 1160 καὶ
1009 1117 1058 1159 τὰ
1079 1115 1266 1174 γινόμενα
1281 1151 1292 1169 ,
1317 1116 1408 1171 η’τοι
1429 1118 1598 1187 μένοντα
1615 1117 1742 1172 λέγειν

278 1174 350 1225 τὰς
382 1174 555 1225 ἐπακτας
580 1173 684 1217 εἶναι
709 1179 785 1218 τοῦ
809 1176 874 1228 Θ.
934 1178 1075 1245 ,Ωσπερ
1105 1192 1184 1216 νυν
1215 1174 1291 1216 εἰσὶ
1320 1172 1371 1216 ια’
1399 1174 1464 1227 ε’τη
1494 1191 1542 1215 τα
1572 1171 1652 1216 οἶπὸ
1671 1177 1744 1228 τῆς

278 1229 442 1287 πρώτης
460 1229 748 1303 έπινεμήσεως,
777 1230 822 1274 ‘co'
845 1230 879 1273 δ’
897 1248 1051 1273 τουτων
1080 1229 1130 1284 β’,
1161 1231 1486 1286 προστιθεμένων
1515 1247 1596 1272 των
1624 1228 1660 1285 β’
1685 1233 1741 1285 γί-
1766 1271 1768 1274 ,

280 1305 416 1330 νονται
440 1286 500 1357 ιγ’.
557 1287 724 1340 Αφελδν
745 1286 780 1330 α’
801 1304 995 1339 παντοτε,
1027 1287 1215 1342 μένουσιν
1241 1284 1304 1341 ιβ’,
1333 1288 1401 1328 και
1435 1289 1657 1341 μερίζοντες
1686 1289 1743 1337 εἰς

280 1343 354 1387 τόν
374 1343 410 1394 ζ’
426 1341 628 1414 αριθμδν,
640 1347 710 1388 καὶ
733 1349 943 1394 ποιοῦντες
957 1346 1005 1386 ὲν
1026 1343 1077 1396 ζ’,
1098 1344 1334 1399 εὑρίσκομεν
1353 1343 1470 1385 πέντε
1483 1342 1554 1386 τόν
1573 1344 1744 1412 μένοντα

282 1399 483 1472 ἀριθμόν,
514 1402 584 1442 καὶ
604 1398 724 1443 αυταὶ
744 1402 846 1443 εἰσιν
863 1419 907 1443 αι
895 1401 1091 1444 ἐπακται
1109 1405 1182 1443 τοῦ
1199 1403 1266 1455 Θ,
1296 1403 1381 1471 τῆς
1389 1397 1440 1442 ια’
1463 1397 1743 1469 ἐπινεμήσεως.

283 1459 341 1500 Αἵ
360 1456 403 1499 δὲ
423 1458 589 1499 ἐπακταὶ
607 1475 679 1512 της
698 1459 729 1507 Σ
754 1458 1009 1514 ευρίσκονται
1029 1456 1168 1508 ου’τως
1227 1457 1333 1499 Δέον
1354 1454 1433 1499 απὸ
1457 1461 1529 1510 τῆς
1558 1454 1746 1528 ἐπινεμη-

286 1528 385 1563 σεως
415 1518 486 1568 τῆς
515 1514 581 1557 ἐπὶ
609 1516 849 1570 Μαυρικίου
878 1519 950 1557 τοῦ
980 1516 1023 1557 ἐν
1038 1512 1211 1584 ευσεβεῖ
1219 1531 1279 1581 τη
1301 1511 1432 1568 λήξει,
1463 1516 1634 1568 μερίζειν
1651 1531 1747 1564 τους

285 1568 480 1639 χρόνους,
513 1571 659 1622 οίτινές
677 1574 754 1614 εἰσι
774 1572 885 1627 μέχρι
907 1575 978 1626 τῆς
998 1589 1039 1613 ια
1038 1556 1329 1625 ’ἐπινεμήσεως
1347 1568 1414 1621 λδ’,
1443 1571 1510 1612 καὶ
1535 1571 1627 1612 δέον
1646 1568 1746 1613 πάν-

285 1643 371 1669 τοτε
395 1625 487 1669 όσαι
511 1629 969 1701 έννεακαιδεκαετηρίδες
996 1628 1195 1683 εὖρεθῶσι
1213 1628 1419 1678 ὖπεξελεῖν
1442 1628 1484 1669 ἐπ’
1503 1631 1560 1684 τῷ
1578 1641 1747 1695 συναγο-

287 1684 420 1738 μένων
453 1681 634 1754 χρόνων,
673 1686 742 1727 καὶ
779 1685 874 1735 τούς
906 1683 1182 1738 απομένοντας
1207 1681 1379 1754 χρόνους
1404 1670 1746 1726 πολλαπλασιάσαι

289 1742 347 1789 εἰς
366 1739 439 1782 τόν
458 1737 510 1782 ια’
531 1737 725 1796 α’ριθμόν·
755 1743 823 1784 καὶ
854 1743 947 1784 δέον
975 1740 1167 1814 αφαιρεῖν
1193 1740 1302 1790 όσοις
1333 1739 1385 1782 ἂν
1415 1739 1586 1812 ευρομεν
1614 1745 1749 1795 μῆνας

288 1794 371 1838 απὸ
398 1794 432 1837 λ’
450 1797 634 1851 ημερῶν·
671 1799 740 1840 καὶ
774 1799 995 1852 ευρίσκεται
1025 1797 1046 1841 ὁ
1072 1795 1472 1868 καταλιμπανόμενος
1504 1795 1676 1870 ἀριθμὸς
1705 1800 1751 1839 αἱ

290 1854 456 1895 ἐπακταὶ
474 1857 547 1907 τῆς
566 1855 609 1902 D.
669 1858 811 1910 ,Ωσπερ
830 1860 908 1897 νῦν
935 1853 1195 1924 λαμβανομεν
1215 1851 1296 1896 ano*
1323 1858 1396 1907 τῆς
1423 1851 1474 1907 η’,
1502 1870 1556 1903 ως
1583 1855 1749 1908 εἷ’,ρηται

289 1907 561 1979 έπινεμήσεως
586 1910 698 1965 μέχρι
707 1916 789 1980 τῆς
805 1912 1059 1965 ἐνισταμένης
1081 1909 1133 1953 ια’
1154 1907 1420 1965 ἐπινεμήσεως
1448 1910 1657 1960 ένιαυτοῦς
1672 1907 1748 1953 λδ’·

287 1966 357 2007 καὶ
377 1963 631 2036 ἀφαιροῦμεν
646 1965 802 2010 τούτων
821 1986 895 2022 την
915 1970 1011 2022 μίαν
1033 1967 1495 2038 ἐννεακαιδεκαετηρίδα,
1520 1968 1588 2009 καὶ
1609 1967 1749 2037 μένου-
1751 2007 1757 2009 ,

290 2036 354 2064 σιν
379 2023 444 2076 ε’τη
464 2020 520 2065 ιε’
555 2028 688 2065 Ταῦτα
712 2025 1121 2075 πολλαπλασιαζοντες
1147 2025 1212 2066 ἔπι
1230 2041 1305 2078 την
1325 2021 1375 2066 ια’
1400 2022 1644 2079 συνάγουσιν
1663 2021 1750 2080 ρξε’.

290 2083 557 2146 Αφαιροῦμεν
587 2077 653 2121 ἄπ’
680 2080 811 2123 αὐτῶν
837 2081 932 2131 τους
959 2080 1039 2124 duo*
1059 2079 1090 2123 λ’
1126 2081 1288 2154 ημερῶν
1323 2085 1474 2135 μῆνας,
1503 2082 1680 2124 τουτέστι
1700 2079 1750 2123 ελ’

292 2133 350 2188 ρν’
370 2136 523 2190 ημέρα,
546 2138 614 2178 καὶ
636 2138 825 2191 μένουσιν
844 2139 988 2193 ἡμέραι
1015 2135 1072 2190 ιε’,
1104 2140 1149 2179 αι’
1161 2138 1264 2187 τινές
1281 2138 1352 2179 εἶσι
1375 2139 1420 2179 αῖ
1445 2138 1609 2181 ἔπακται
1629 2142 1702 2191 τῆς
1717 2137 1750 2186 D

292 2192 361 2232 καὶ
391 2193 483 2234 δέον
510 2210 679 2236 παντοτε
705 2196 967 2249 προστιθέναι
994 2199 1067 2249 τῆς
1095 2195 1126 2244 D
1156 2192 1257 2236 ὀκτώ
1288 2193 1448 2249 ημέρας.
1507 2198 1648 2247 ,Ωσπερ
1676 2198 1752 2237 οὐν

270 2279 272 2285 1
294 2249 447 2301 ἔχοντες
475 2251 518 2291 ἒν
540 2253 592 2307 τῇ
610 2252 844 2320 ἐνισταμένη
875 2253 916 2293 ἐν
937 2250 987 2293 ια’
1006 2249 1237 2306 έπινεμησει
1254 2269 1324 2300 τας
1345 2250 1517 2301 ἐπακτᾶς
1535 2256 1608 2304 τῆς
1624 2252 1656 2300 D
1677 2249 1750 2305 ιβ’·

294 2294 574 2360 προστίθεμεν
595 2304 734 2358 αὐταῖς
758 2326 829 2357 τας
839 2306 895 2377 η’
920 2309 1117 2379 ημέρας,
1126 2310 1195 2350 καὶ
1222 2310 1402 2362 γίνονται
1422 2307 1535 2350 *των
1562 2306 1752 2362 οἷριθμων

296 2359 366 2415 κγ’.
426 2363 508 2403 Καὶ
529 2363 620 2404 δέον
636 2367 773 2418 λαβεῖν
792 2362 963 2407 πάντοτε
990 2369 1063 2407 τοῦ
1091 2361 1274 2432 αριθμοῦ
1297 2363 1440 2407 τούτου
1468 2363 1539 2406 τόν
1563 2368 1752 2407 λείποντα

298 2420 355 2466 εἷς
370 2434 440 2467 τας
457 2417 520 2471 μδ’
535 2420 687 2473 ημέρας
703 2419 901 2475 οἷριθμόν·
930 2422 1165 2477 εὑρίσκομεν
1182 2419 1373 2476 γινόμενα
1394 2420 1465 2463 τὸν
1481 2420 1662 2475 οἷριθμόν
1676 2419 1735 2463 κα’
1739 2456 1750 2473 ,

297 2474 367 2516 καὶ
403 2477 588 2529 σημαίνει
615 2476 674 2517 ’ὅτι
705 2476 765 2518 κα’
790 2478 978 2532 Μαρτίου
1010 2483 1082 2531 τῆς
1107 2479 1362 2548 ἐνισταμένης
1393 2475 1444 2518 ια’
1471 2476 1751 2531 ἐπινεμήσεως,

298 2532 449 2613 γίνεται
468 2550 494 2585 η
517 2529 567 2574 ιδ’
577 2537 648 2585 τῆς
667 2533 712 2581 D.
745 2535 836 2575 Εἴτι
853 2552 928 2589 γαρ
947 2532 1082 2577 ἐπάνω
1093 2533 1130 2588 η’
1143 2531 1336 2588 απομένοι
1355 2537 1587 2588 μεταλαβεῖν
1605 2536 1662 2583 εἰς
1681 2553 1753 2584 τας

300 2584 404 2639 μδ’*
412 2588 533 2643 μέρον
552 2605 622 2630 του
646 2593 836 2659 Μαρτίου
851 2592 945 2633 ἔστί.
1007 2591 1087 2632 Καὶ
1115 2589 1219 2632 ου’τω
1241 2594 1304 2632 δεῖ
1322 2595 1513 2660 τηρῆσαι
1517 2608 1592 2643 την
1611 2588 1660 2632 ιδ’
1680 2596 1752 2645 τῆς

296 2645 339 2692 D.
370 2646 450 2686 Ετι
480 2644 522 2686 δὲ
554 2663 675 2698 ηττον
693 2664 774 2689 των
795 2645 832 2701 η’
854 2648 1025 2703 εὑρεθῇ,
1058 2647 1205 2688 εἰδέναι
1234 2648 1326 2689 δέον
1355 2646 1416 2690 ότι
1439 2651 1513 2689 τοῦ
1531 2650 1752 2702 Απριλλίου
1783 2690 1786 2691 ⁷

301 2700 429 2752 ἐστιν,
457 2700 516 2744 ότι
532 2720 558 2755 η
550 2700 628 2744 ἰδ’
645 2721 726 2774 της*
730 2705 793 2752 Σ’
780 2705 871 2746 ἐστι.
903 2704 988 2745 Καὶ
1007 2702 1077 2746 ἕοῖν
1097 2704 1255 2745 ἔλαττον
1271 2721 1351 2745 των
1369 2701 1405 2756 η’
1424 2705 1504 2745 ἐστι
1522 2721 1594 2745 του
1580 2707 1751 2775 Απριλ-

302 2758 411 2806 λίου,
442 2759 534 2800 δέον
553 2760 592 2809 ἐξ
617 2777 750 2802 αυτων
773 2765 855 2802 τῶν
882 2776 1105 2814 μειναντων
1137 2762 1192 2810 εἰς
1211 2760 1276 2802 τόν
1308 2762 1494 2802 λείποντα
1521 2762 1577 2810 εἰς
1602 2759 1669 2803 τὸν
1689 2759 1753 2828 μδ’

290 2809 476 2869 ἀριθμὸν
499 2817 547 2857 ’ἓν
575 2814 744 2860 πάντοτε
771 2814 982 2874 αφαιρεῖν,
1010 2817 1078 2860 καὶ
1105 2817 1131 2860 o‘
1157 2814 1554 2873 καταλιμπανόμενος
1583 2815 1754 2901 ἄριθμός
