1884 3262
492 197 550 240 IN
585 198 913 241 CHRONICON
938 197 1226 240 PASCHALE.
1506 193 1607 239 305

256 311 347 359 Pag·
378 311 475 352 391.
503 310 572 350 20.
633 303 800 359 Ρούφου
826 307 895 348 καὶ
914 308 1201 361 Ρυυβελλίνου]
1218 304 1520 359 Expungendus
1539 304 1607 344 hic

140 365 401 413 Consulatus,
431 364 504 417 qui
531 363 636 403 idem
668 371 727 403 est
758 378 848 403 cum
880 365 1098 403 Consulatu
1128 365 1276 403 duorum
1304 364 1548 402 Geminorum.-
1579 363 1606 401 ii

140 423 265 471 enim,
296 428 342 460 ut
371 427 431 460 est
460 420 571 475 apud.
597 421 785 478 Dionem,
815 422 1124 473 appellabantur
1153 422 1192 461 C.
1211 421 1400 460 Rubellius
1422 420 1607 468 Geminus,

138 483 172 517 et
200 479 237 518 C.
263 478 396 518 Fusius
427 479 606 517 Geminus
663 479 786 517 Recte
822 484 953 517 autem
993 478 1100 516 Fasti
1138 477 1308 525 Idatiuni
1347 477 1607 515 Consulatum

140 536 312 575 duorum
345 535 628 584 Geminorum,
668 535 742 573 sub
774 548 856 586 quo
886 548 1026 586 passus
1057 541 1119 573 est
1147 533 1353 585 Chi-isius,
1382 532 1446 572 his
1474 533 1609 572 verbis

140 598 442 645 expresserunt,
470 592 577 643 Ruso
597 595 631 630 et
657 592 883 631 Rubellione:
929 584 1084 630 tametsi
1116 605 1189 642 pro
1218 591 1344 643 Ruso,
1384 596 1430 629 ut
1462 596 1502 628 et
1529 589 1608 628 hoc

138 650 231 688 loco
262 649 474 698 Chronici,
505 648 618 687 Fusio
644 648 854 698 legendum
884 648 946 689 sit.
1006 647 1156 687 Eodem
1187 649 1227 686 in
1258 661 1394 686 errore
1426 653 1608 685 versatus

139 712 202 744 est
229 705 477 758 Epiphanius
506 705 573 745 lib.
604 719 651 743 11.
686 712 827 744 contra
856 704 1048 744 Haereses
1079 718 1170 757 cap.
1192 718 1246 744 1.1.
1278 704 1346 743 ubi
1377 704 1481 742 inter
1500 705 1606 741 Con-

137 763 311 801 sulatum
347 764 520 802 duorum
563 762 846 811 Geminorum,
888 768 927 800 et
965 762 1224 800 Consulatum
1258 760 1400 799 Vinicii
1431 766 1470 799 et
1499 761 1610 798 Lon-

138 820 240 870 gini,
278 820 421 872 Rufum
452 823 486 857 et
511 819 759 858 Rubellionem
798 818 952 871 pariter
990 818 1265 871 interposuit,
1311 817 1423 869 quasi
1463 817 1611 855 diversi

136 876 288 915 suerint
308 891 329 914 a
355 876 514 915 duobus
540 876 729 914 Geminis.
787 876 869 914 Nec
897 875 1250 914 hallucinationem
1274 873 1451 912 advertit
1479 874 1609 911 Scali-

89 972 91 974 .
136 947 206 984 ger
234 933 304 973 lib.
338 947 391 972 vl.
424 933 472 972 de
506 932 669 985 Emend.
699 933 837 985 Temp.
872 945 963 985 pag.
991 932 1089 975 556.
1121 939 1159 970 et
1188 933 1283 975 557.
1322 931 1391 982 qui
1421 930 1611 968 suffectos

138 990 328 1028 Consules
358 990 479 1029 fuisse
511 989 774 1039 existimavit,
801 989 955 1028 tametsi
982 989 1154 1040 quibus,
1189 988 1329 1027 subdit
1357 987 1451 1036 ille,
1480 987 1611 1026 incer-

136 1053 234 1086 tum.
295 1047 382 1086 Vid.
403 1046 513 1086 'Lud.
546 1047 738 1086 d’Orleans
767 1046 817 1084 ad
850 1060 888 1084 v.
920 1045 1047 1084 Taciti
1078 1045 1217 1085 Annal.
1244 1058 1333 1098 pag.
1365 1043 1460 1087 409.
1498 1044 1607 1095 Peta-

136 1104 246 1142 vium
276 1104 327 1142 ad
358 1103 555 1157 Epiphan.
586 1117 625 1155 p.
655 1107 721 1147 96.
757 1108 796 1142 e't
830 1103 952 1143 Henr.
981 1102 1184 1142 Norisium
1223 1102 1268 1140 in
1298 1100 1422 1154 Epist.
1454 1102 1610 1139 Consu-

134 1160 210 1200 lari
239 1174 330 1212 pag.
361 1163 400 1204 8.
1021 1193 1023 1197 .

256 1221 349 1268 Pag.
380 1220 475 1261 392.
507 1220 573 1260 20.
634 1216 712 1264 Εἰς
735 1213 809 1266 τήν
837 1215 1014 1268 Κυρίου,
1045 1214 1114 1257 καὶ
1133 1213 1233 1257 zato?
1257 1211 1478 1268 ἀλήθειαν]
1504 1214 1609 1253 Haec

137 1275 319 1315 addititia
350 1274 484 1313 verbis
514 1274 646 1311 Lucae
674 1272 783 1311 haud
812 1273 932 1324 plana
962 1278 1070 1312 sunt.

253 1335 345 1382 Pag.
379 1333 474 1372 393.
505 1333 570 1373 12.
636 1327 970 1382 Τεσσαρακοστῶ]
1001 1328 1236 1367 Mendosum
1259 1342 1344 1367 esse
1365 1327 1499 1365 locum
1517 1340 1610 1364 con-

133 1389 219 1428 ficit
256 1387 443 1427 Petavius
487 1386 538 1424 ad
590 1385 785 1438 Epiphan.
825 1385 944 1425 Haer.
974 1399 1030 1423 1.1.
1075 1399 1165 1437 pag.
1193 1388 1291 1427 210.
1340 1384 1431 1436 quia
1471 1397 1610 1436 supra,

87 1489 99 1492 s
134 1461 223 1499 pag.
252 1445 407 1484 scilicet
441 1445 533 1486 192.
569 1456 692 1481 annos
719 1456 805 1481 Lvt.
841 1455 996 1481 menses
1026 1455 1082 1481 vi.
1132 1441 1313 1491 Augusto
1351 1440 1516 1487 tribuit,
1560 1453 1611 1478 ex

136 1503 283 1554 quibus
312 1515 400 1541 xw.
430 1507 526 1552 post
555 1498 704 1538 Christi
740 1499 924 1538 Natalem
960 1498 1088 1538 vixit:
1128 1499 1235 1537 unde
1264 1511 1363 1536 nn.
1391 1510 1506 1550 agere
1536 1496 1612 1536 de-

134 1560 245 1610 buit,
277 1572 357 1610 quo
387 1564 566 1609 tempore
595 1563 713 1595 natus
744 1562 804 1594 est
835 1555 1032 1597 christus.

251 1619 344 1666 Pag.
376 1616 471 1656 393.
505 1616 568 1656 16.
633 1609 1062 1667 Τριακοστοτετοὶρτης]
1092 1610 1153 1649 Ita
1184 1610 1285 1650 cod.
1316 1609 1498 1649 vatican.
1556 1610 1613 1647 At

134 1673 230 1713 Ant.
260 1672 428 1711 Allenus
455 1669 661 1709 'trecensis
691 1669 975 1720 consiliarius,
1003 1669 1068 1708 vir
1091 1667 1257 1716 doctus,
1288 1667 1499 1719 legendum
1521 1680 1614 1705 cen-

136 1730 248 1769 sebat
274 1723 721 1782 τετρακοστοτετᾶρτης,
752 1726 827 1765 sub
857 1726 1232 1779 quinquagesimum
1261 1738 1410 1763 annum
1441 1723 1613 1776 quadra-
1639 1729 1672 1764 V
1692 1726 1763 1764 440

135 1787 274 1839 gesimi
313 1785 444 1838 quarti
473 1783 654 1822 Jubilaei.
715 1784 836 1834 Nam,
875 1789 923 1821 ut
950 1782 986 1822 is
1016 1781 1176 1830 subdit,
1218 1796 1242 1820 a
1271 1795 1306 1820 v.
1338 1794 1548 1820 mnxxxvx.
1578 1781 1614 1819 si

135 1845 371 1883 auferantur
399 1856 459 1880 111.
480 1854 789 1881 mcccxxxvm.
819 1853 872 1880 ex
899 1845 1032 1879 mente
1061 1838 1251 1878 Auctoris
1279 1851 1354 1891 per
1371 1851 1408 1876 ι..
1438 1850 1613 1890 supera-

135 1900 197 1940 bit
215 1913 331 1941 xmn.
350 1896 408 1953 {²53

250 1960 344 2006 Pag.
374 1955 472 1999 394.
503 1956 570 1999 15.
620 1952 835 2006 Επακταὶ]
865 1952 980 1992 Hanc
1010 1965 1151 1992 vocem
1182 1950 1288 1990 delet
1309 1949 1553 1992 Holstenius.

250 2016 344 2064 Pag.
374 2011 468 2055 394.
501 2015 565 2055 17.
625 2008 843 2064 Επακτοῖς]
874 2010 988 2049 Hanc
1017 2010 1134 2049 etiam
1154 2007 1234 2046 hoc
1255 2008 1345 2046 loco
1363 2007 1469 2046 idem
1489 2008 1610 2047 delet.

250 2070 345 2120 Pag.
375 2068 470 2112 394.
500 2071 567 2111 20.
633 2068 783 2108 Ταῦταί
805 2068 932 2119 εἰσιν]
962 2067 1026 2106 Sic
1045 2066 1293 2106 restituimus
1315 2079 1365 2103 ex
1383 2064 1609 2115 Hulstenio,

136 2140 229 2166 cum
257 2139 380 2179 prave
410 2131 514 2164 esset
543 2125 716 2174 editum,
748 2127 874 2165 ταῦτα
895 2125 952 2172 εἰς
974 2120 1022 2173 ζ’.

251 2183 348 2234 Pag-
375 2181 471 2226 395.
500 2185 568 2225 22.
632 2184 692 2237 Τῇ
711 2177 772 2229 κζ’
793 2183 867 2222 τοῦ
890 2179 1109 2235 Μαρτίου]
1138 2179 1198 2218 Ita
1228 2176 1527 2218 emendavimus
1558 2190 1610 2216 ex

134 2240 368 2290 Holsteuio,
399 2251 490 2277 cum
519 2238 671 2278 editum
701 2244 805 2277 esset
835 2232 901 2286 ιζ’.
940 2278 941 2281 ,

147 2303 150 2305 ’
250 2297 344 2347 Pag-
374 2298 470 2339 396.
499 2298 538 2338 2.
602 2298 696 2342 Τοῖς
721 2289 879 2346 ,εφλς’.]
923 2292 991 2331 Sic
1027 2292 1180 2346 pariter
1219 2290 1417 2331 edidimus
1453 2303 1504 2328 ex
1536 2302 1610 2329 eo·

136 2353 226 2394 dem
255 2352 486 2401 Holstenio,
518 2365 609 2390 cum
638 2350 791 2389 editum
822 2356 924 2389 esset
951 2352 1036 2403 τῆς.

251 2410 347 2460 Pag.
375 2412 472 2452 397.
506 2413 542 2450 1.
599 2403 963 2460 Δευτερόπρωτον]
1006 2405 1106 2446 Vide
1136 2404 1266 2444 Gloss.
1296 2403 1403 2442 med.
1434 2401 1607 2442 Graecit.

251 2467 345 2517 Pag·
375 2469 471 2509 397.
504 2468 569 2508 19.
627 2461 720 2505 Avo}
742 2462 897 2517 μέσως]
938 2476 1036 2502 Lxx.
1066 2457 1147 2503 ἆνοέ
1165 2460 1303 2515 μέσον.
1362 2459 1482 2498 Hebr.
1516 2461 1610 2498 inter

139 2523 231 2563 duas
251 2524 427 2575 ‘ve-speras,

187 2574 189 2576 ¹
252 2582 344 2629 Pag.
376 2580 471 2622 399.
505 2580 540 2619 1.
597 2575 761 2628 Ανέβη]
793 2575 949 2614 'sextus
979 2574 1051 2612 Gr.
1070 2571 1191 2612 habet
1218 2571 1389 2624 κατέβη,
1421 2570 1609 2615 descendit,

254 2639 347 2686 Pag.
373 2637 469 2678 399.
498 2637 562 2677 10.
623 2632 744 2674 Εἰσὶν
773 2629 817 2672 δὲ
847 2633 929 2671 τῶν
962 2628 1206 2682 Μαθητῶν]
1249 2630 1305 2668 De
1333 2627 1533 2680 Apostolis
1558 2639 1609 2673 >ac

140 2691 288 2731 Christi
318 2691 536 2743 Discipulis
560 2689 679 2729 multi
708 2703 757 2728 ex
788 2687 956 2727 eruditis
982 2686 1178 2725 hactenus
1210 2698 1342 2736 egere,
1374 2697 1421 2721 ac
1448 2683 1492 2719 in
1519 2683 1608 2734 pri—

139 2749 214 2787 mis
252 2748 450 2790 Baronius
490 2761 554 2787 an.
584 2760 737 2786 xxxul.
776 2760 814 2784 n.
841 2759 910 2784 11..
951 2742 1210 2783 Combefisius
1250 2740 1303 2780 ad
1341 2739 1606 2792 Hippolytum

142 2804 193 2844 de
234 2818 307 2843 xu.
350 2804 577 2857 Apostolis,
612 2803 754 2842 Binius
785 2802 838 2840 ad
865 2800 1112 2840 Dorotheum
1151 2799 1201 2838 de
1229 2811 1304 2836 ΧΠ.
1333 2795 1537 2850 Apostolis
1567 2801 1608 2834 et

141 2873 243 2901 Lxx.
274 2860 489 2914 Discipulis
517 2866 573 2901 to.
604 2873 677 2900 vn.
716 2858 821 2898 Bibl.
860 2858 967 2898 Patr.
1004 2864 1044 2898 et
1080 2857 1236 2909 aliquot
1271 2853 1353 2893 alii.
1409 2852 1488 2892 Sed
1517 2860 1609 2890 cum

205 2932 398 2967 Chronicon
419 2932 590 2967 Paschale
618 2932 687 2966 vol.
710 2931 761 2969 ΙΙ.
1271 2924 1328 2964 20
