1884 3262
334 205 435 250 316
906 204 1229 248 NOTAE

450 317 542 364 Pag
572 314 667 358 459
708 314 774 357 14.
837 317 898 355 Εκ
927 317 1123 368 συσκευῆς
1154 318 1233 357 τῶν
1265 315 1490 368 Ιουδαίων]
1532 317 1640 356 Haec
1672 331 1721 356 ex
1752 318 1801 356 li-

330 372 414 411 bris
444 370 688 423 apocryphis
719 370 953 424 desumpta.

446 430 540 477 Pag·
570 428 769 498 459315.
828 430 893 476 ,Ως
916 428 1148 481 ἐκδίκησιν]
1178 428 1274 467 Cod.
1304 428 1432 466 Vatic.
1461 426 1606 471 καθότι
1635 425 1799 499 Πιλατῳ

329 480 636 550 ἄπεκεφάλησεν
661 500 717 532 ως
736 484 793 532 εἰς
813 483 1028 537 ἐκδίκησιν.
1086 485 1229 524 Radei.
1262 482 1426 525 Καθότε
1446 482 1627 527 Πιλάτου
1660 471 1800 527 ἐπεκε-

329 536 500 592 φᾶλισεν
531 557 586 589 ως
622 540 839 594 ἐκδίκησιν.
898 541 998 582 Vide
1029 556 1130 595 quae
1158 554 1280 594 supra
1322 547 1555 581 annotamus
1595 542 1644 581 de
1679 543 1799 582 Pilati

327 603 537 704 mortePag.
569 653 664 696 459.
699 656 760 696 16.
820 656 940 695 Ετων
967 650 1059 707 ξθῖ]
1090 654 1156 692 Sic
1186 654 1302 693 etiam
1335 653 1432 693 Cod.
1462 654 1589 694 Vatic.
1640 654 1718 694 Sed
1739 661 1800 695 est

325 724 439 749 error
467 710 509 749 in
539 723 725 750 numero:
775 710 874 750 obiit
903 711 1009 751 enim
1041 711 1146 750 Nero
1175 725 1311 752 xxxa.
1353 711 1491 750 aetatis
1525 725 1640 752 anno.
1697 713 1799 751 Sue-

326 768 475 806 tonius.

437 823 532 862 Ibid.
593 821 711 864 Μετα
742 823 938 892 Νέρωνα]
970 825 1030 865 Ex
1059 826 1218 865 Eusebii
1249 824 1461 864 Chronico.

444 879 661 931 Pag.459.
694 883 757 922 17.
816 878 891 930 σζ’.
923 878 994 934 σηῖ
1026 879 1102 923 σθ’.
1133 880 1193 924 σι’.
1225 879 1331 934 σια’.]
1385 881 1495 920 Haec
1525 887 1618 934 post
1655 895 1795 921 vocem

331 933 479 990 Ροὸμης
508 937 652 975 desunt
681 937 722 975 in
753 937 847 979 edit.
879 939 1091 991 Scaligeri,
1131 953 1256 992 eaque
1287 938 1513 988 omisimus,
1558 945 1678 990 atque
1708 941 1796 977 Ra-

329 995 449 1034 derus
478 994 591 1032 uncis
621 994 848 1034 incluserat

447 1053 539 1101 Pag.
570 1051 666 1093 459.
699 1054 764 1093 18.
822 1051 1031 1104 Εκαστος]
1082 1053 1136 1091 De
1167 1053 1279 1092 annis
1317 1051 1477 1104 Imperii
1509 1050 1684 1100 Galbae,
1716 1050 1796 1090 Vi-

328 1108 429 1147 tellii
460 1114 498 1146 et
529 1106 724 1158 Othonis,
776 1108 846 1159 qui
876 1109 972 1147 alias
1011 1110 1246 1160 pei-obscuri
1273 1116 1389 1159 sunt,
1431 1114 1596 1158 egerunt
1636 1114 1796 1160 praeter
1850 1163 1855 1167 ἣ

329 1165 568 1204 Clementem
609 1164 926 1203 Alexandrinum
965 1166 1138 1217 Scaliger
1181 1167 1252 1206 lib.
1280 1179 1319 1204 v.
1359 1166 1409 1204 de
1448 1165 1647 1204 Emendat.
1676 1171 1795 1217 temp.

176 1222 209 1258 V
234 1222 303 1261 447
327 1222 516 1261 Petavius
547 1220 597 1259 ad
628 1220 894 1273 Epiphanium
924 1235 963 1273 p.
993 1224 1089 1265 385.
1121 1230 1160 1262 et
1190 1222 1334 1274 Pagius
1359 1222 1400 1260 in
1431 1222 1587 1273 Prolog.
1621 1221 1672 1260 ad
1699 1222 1796 1260 Dis-

326 1284 421 1318 sert.
452 1278 600 1329 Hypat.
631 1291 669 1319 n.
698 1291 786 1316 xix.

442 1337 536 1383 Pag.
565 1334 661 1377 460.
694 1334 732 1376 4.
796 1335 993 1387 Ρωμαίων
1013 1331 1078 1387 ζ’.]
1109 1335 1296 1387 Plerique
1317 1334 1591 1388 Scriptorum,
1614 1335 1794 1384 Galbam,

325 1391 533 1431 Vitellium
565 1396 604 1429 et
634 1390 834 1430 Othonem
865 1393 907 1430 in
942 1392 1233 1444 Imperatorum
1275 1393 1375 1432 serie
1417 1393 1627 1441 omittunt,
1673 1391 1794 1443 quod,

323 1455 370 1487 ut
400 1448 456 1487 ait
481 1447 680 1499 Scaliger,
715 1449 757 1486 de
775 1451 823 1487 iis
838 1451 902 1487 vix
918 1450 1101 1500 quidpiam
1126 1450 1252 1499 colligi
1267 1452 1382 1500 possit
1405 1453 1549 1500 praeter
1571 1453 1795 1499 argumenta,

322 1508 521 1556 incertaque
549 1518 664 1543 eorum
698 1507 771 1543 sint
808 1507 937 1544 initia:
976 1506 1079 1545 adde
1117 1512 1157 1545 et
1195 1506 1306 1557 quod
1341 1506 1515 1558 arrepti,
1558 1506 1625 1544 vel
1660 1505 1794 1553 delati,

323 1561 527 1614 gestique
543 1561 704 1613 imperii
750 1575 823 1614 per
866 1563 1083 1601 tumultum
1134 1562 1332 1614 quendam
1378 1562 1589 1601 militarem
1632 1569 1794 1633 tempus

319 1618 597 1657 brevissimum
629 1618 761 1657 fuerit.
791 1619 904 1657 Unde
932 1626 1015 1658 tres
1044 1620 1119 1658 hos
1149 1620 1357 1671 Principes
1387 1616 1558 1668 ἀθλίους
1579 1618 1646 1659 καὶ
1664 1619 1793 1660 ἐνιαυ-

323 1677 436 1724 σίους
469 1673 662 1729 ἄρχοντας
701 1682 822 1714 vocat
863 1677 1068 1741 IEunapius
1107 1676 1147 1714 in
1180 1677 1399 1715 Prooemio.
1458 1676 1633 1715 Proinde
1664 1689 1713 1714 ex
1742 1676 1792 1715 iis

322 1737 417 1770 sunt
448 1745 547 1783 quos
579 1732 830 1784 Lampridius
860 1733 901 1771 in
932 1733 1192 1784 Heliogabalo
1223 1735 1285 1772 et
1290 1733 1330 1772 in
1365 1733 1596 1772 Alexandro
1628 1734 1790 1782 Severo,
1838 1730 1842 1732 ’

321 1792 497 1826 semestres
526 1793 560 1827 et
589 1792 651 1827 vix
681 1803 816 1827 annuos
845 1794 878 1827 et
919 1792 1047 1840 bimos,
1079 1791 1207 1828 Pollio
1242 1804 1339 1829 vero
1368 1790 1411 1828 in
1443 1790 1628 1839 Claudio,
1658 1790 1792 1828 tumul-

321 1848 461 1883 tuarios
487 1844 718 1896 Imperatores
738 1860 782 1884 ac
807 1847 948 1897 regulos
970 1847 1201 1899 appellant,
1230 1849 1311 1887 ταῖν
1331 1846 1374 1888 ἕν
1393 1851 1477 1894 τοῖς
1499 1843 1669 1900 ὀνείροις
1690 1862 1791 1897 φαν-

320 1913 472 1942 τασιων
495 1898 615 1942 ουὸὲν
642 1898 896 1957 ἀλλοιότερον
920 1900 1156 1957 γεγονότας,
1190 1910 1235 1942 ut
1265 1904 1380 1942 addit
1400 1903 1591 1941 Zosimus.
1633 1902 1684 1941 Iis
1714 1903 1791 1954 igi-

321 1964 412 2006 tur,
444 1964 490 1996 ut
521 1959 625 2006 dixi,
657 1959 832 2006 omissis,
862 1960 1012 1998 Neroni
1038 1960 1323 2012 Vespasianum
1354 1960 1486 1998 statim
1517 1960 1713 2009 subdunt,
1747 1966 1791 1998 ut

321 2014 477 2053 Auctor
508 2014 697 2054 Chroniei
725 2029 885 2054 rursum
922 2031 1011 2069 pag.
1044 2020 1135 2060 166.
1174 2017 1244 2054 ubi
1275 2017 1560 2069 Vespasianum
1591 2023 1684 2068 post
1712 2017 1789 2055 Ne·-

320 2085 460 2110 ronem
490 2071 704 2123 imperasse
734 2079 868 2111 exerte
899 2074 979 2124 ait,
1022 2073 1268 2126 Hippolytus
1299 2081 1339 2112 et
1368 2073 1564 2112 Eusebius
1593 2073 1634 2112 in
1655 2072 1788 2112 Chro-

321 2129 447 2177 nicis,
488 2128 592 2167 idem
632 2128 815 2167 Zosimus
854 2129 921 2169 lib.
958 2145 985 2171 1.
1042 2129 1293 2183 Epiphanius
1330 2132 1373 2168 in
1410 2131 1614 2169 Ancorato
1654 2143 1692 2171 n.
1723 2143 1787 2169 Lx.

321 2185 578 2224 Marcellinus
604 2186 765 2235 Comes,
796 2187 990 2236 Senator,
1028 2187 1204 2226 Mellitus
1233 2188 1275 2226 in
1305 2188 1419 2226 brevi
1448 2194 1674 2239 temporum
1705 2187 1785 2224 Ex·-

321 2242 522 2293 positione
553 2242 630 2282 MS.
664 2243 880 2294 Gregorius
909 2245 1059 2286 Turon.
1090 2243 1157 2283 lib.
1180 2258 1205 2282 ι.
1234 2244 1336 2284 Hist.
1370 2258 1456 2296 cap.
1476 2251 1787 2284 xxxluixxxlv.

319 2298 550 2348 Freculsus,
581 2300 736 2339 Auctor
767 2300 1020 2339 collectionis
1050 2300 1274 2340 Historicae
1304 2301 1410 2352 apud
1443 2300 1644 2339 canisium
1668 2307 1724 2338 to.
1741 2313 1786 2338 11.

319 2353 458 2406 Antiq.
492 2356 596 2394 Lect.
629 2363 668 2394 et
696 2357 852 2408 aliquot
882 2358 968 2408 alii,
998 2357 1068 2409 qui
1099 2358 1384 2410 Vespasianum
1413 2371 1485 2396 vu.
1517 2371 1566 2396 ex
1596 2356 1786 2396 Romanis

317 2410 630 2464 Imperatoribus
661 2413 779 2451 fuisse
809 2414 944 2461 aiunt,
982 2421 1162 2453 caeteros
1196 2414 1385 2466 deinceps
1417 2415 1639 2464 Augustos,
1671 2413 1786 2466 adje-

317 2473 382 2506 cto
412 2467 464 2505 ad
493 2468 703 2520 septimum
733 2483 899 2509 numero
927 2477 1204 2510 recensentes:
1242 2471 1352 2522 quod
1391 2470 1544 2508 scilicet
1574 2469 1785 2521 Vespasia-

174 2530 203 2564 P
226 2529 297 2566 530
317 2537 394 2563 nus
422 2524 554 2563 statim
585 2525 669 2564 fere
706 2533 800 2578 post
842 2533 1012 2566 mortem
1065 2527 1233 2567 Neronis
1278 2528 1501 2579 Imperator
1545 2526 1785 2565 acclamatus

315 2580 462 2632 fuerit,
490 2587 569 2620 trcs
600 2595 696 2620 vero
726 2583 791 2620 alii
820 2597 895 2635 pro
925 2585 1107 2635 tyrannis
1137 2583 1265 2628 habiti
1293 2584 1394 2632 sint,
1427 2596 1596 2634 quorum
1629 2582 1783 2621 Princi-

316 2644 478 2690 patum,
521 2652 602 2676 non
643 2638 881 2690 Imperium,
916 2640 985 2678 sed
1017 2641 1229 2679 rebellionem
1258 2640 1348 2678 ideo
1380 2647 1496 2678 vocat
1526 2638 1782 2691 Tranquillus

318 2695 361 2733 in
392 2693 530 2733 eodem
560 2695 801 2747 Vespasiano
832 2710 922 2748 cap.
942 2711 968 2735 1.
1001 2697 1180 2736 Clemens
1201 2696 1494 2735 Alexandrinus
1523 2696 1591 2734 lib.
1607 2710 1634 2733 1.
1665 2697 1782 2735 Stro-

320 2756 415 2790 mat.
450 2757 489 2790 et
519 2751 685 2790 Orosius
714 2752 780 2792 lib.
812 2765 884 2793 vn.
919 2766 1006 2806 cap.
1031 2767 1089 2791 ix.
1134 2752 1295 2791 Vitellio
1324 2759 1362 2793 et
1393 2752 1555 2792 Othone
1587 2753 1783 2797 duntaxat

320 2819 372 2845 ex
401 2807 689 2860 Imperatorum
721 2808 820 2848 serie
851 2809 1086 2860 segregatis,
1117 2809 1166 2847 ab
1198 2810 1400 2860 Augusto,
1431 2809 1496 2848 cui
1526 2806 1781 2847 Monarchiae

319 2861 521 2905 Romanae
550 2864 755 2906 inchoatae
783 2865 1004 2919 primordia
1033 2866 1266 2906 adscribunt
1293 2867 1498 2919 plerique,
1530 2871 1575 2905 ut
1595 2865 1782 2906 observat
