1884 3262
315 221 378 266 33
851 197 1260 257 PRAEFATIO.

310 334 439 366 vatam
466 333 638 374 tantum,
669 322 873 378 mysticam
893 326 999 365 illam
1019 333 1167 376 tamen,
1197 340 1360 367 coenam
1380 327 1596 366 comedisse
1607 332 1621 376 ,'
1653 333 1772 379 atque

311 398 362 423 ex
383 398 426 422 ea
449 383 653 434 discipulis
681 396 820 434 panem
843 389 882 421 et
905 383 1067 421 calicem
1093 384 1342 435 porrexisse,
1374 397 1474 434 quae
1505 385 1581 422 fuit
1604 384 1773 422 nonnul..

310 440 442 478 lorum
469 453 520 477 ex
556 441 622 479 SS.
654 439 832 477 Patribus
876 439 1087 477 sententia:
1132 440 1307 488 tametsi,
1355 438 1485 491 inquit
1525 439 1688 478 Photius
1707 437 1771 491 ¹),

307 496 417 536 Joan.
452 494 757 545 chrysostomus
784 501 824 533 et
842 495 1017 533 Ecclesia
1044 495 1260 546 legitimum
1281 495 1429 534 Pascha
1458 495 1671 548 perfecisse
1691 495 1775 534 do-

311 558 443 599 ceant,
480 557 688 601 antequam
708 552 912 602 mysticam
930 551 1154 590 institueret
1173 565 1349 591 coenam.
1408 552 1522 590 Prior
1542 552 1773 603 Anonymus

311 606 616 658 disputationem
645 607 890 658 potissimum
918 607 1092 646 instituit
1121 615 1258 646 contra
1284 608 1474 655 Jndaeos,
1511 621 1668 658 unaque
1688 620 1775 645 sen-

311 664 453 701 tientes
485 661 729 707 haereticos,
759 670 799 701 et
827 663 1222 714 Quartadecimanos,
1253 664 1321 715 qui
1345 665 1476 716 primo
1501 664 1775 702 Hebraeorum

312 733 445 757 mense
468 720 655 757 Sanctum
690 719 889 758 Paschatis
915 721 1073 758 Festum
1103 733 1182 758 non
1210 720 1474 759 celebrabant.
1531 720 1644 759 Alter
1669 719 1775 758 idem

312 776 436 814 ferme
466 776 575 825 quod
599 774 796 814 Paschalis
829 776 954 814 nostri
986 777 1160 827 scriptor
1191 784 1460 826 argumentum
1492 776 1775 828 prosequitur:

314 846 403 869 nam
424 830 472 869 de
490 832 672 869 Bissexto
693 838 731 870 et
750 845 881 870 mense
904 832 1150 881 intercalari,
1181 833 1361 884 Solisque
1382 847 1428 871 ac
1451 833 1581 871 Lunae
1603 831 1774 884 Epactis,

312 894 353 926 et
376 887 801 926 Decemnovennalibus
828 889 978 939 Cyclis,
1009 894 1049 926 et
1076 888 1124 926 de
1151 889 1304 927 ratione
1337 903 1382 927 ac
1410 888 1599 927 methodo
1628 887 1775 926 haecce

310 944 593 994 investigandi,
622 945 774 994 singula
806 944 1066 990 excutiendo,
1108 944 1284 983 dilucide
1306 945 1440 984 tradit.
1501 946 1555 983 De
1576 944 1775 982 mensibus

310 999 475 1050 perinde
494 1006 533 1038 et
563 1001 794 1047 Neomenia‚
825 1006 863 1038 et
879 1000 1148 1050 hebdomade,
1178 1001 1341 1052 ejusque
1370 1001 1530 1050 diebus,
1559 1006 1598 1039 et
1612 1000 1775 1051 quinam

314 1056 536 1094 Circulares
566 1056 658 1093 anni
689 1057 963 1108 appellantur,
1005 1057 1151 1107 quique
1184 1057 1442 1095 Embolimaei
1475 1070 1546 1095 seu
1577 1055 1775 1106 interjecti

310 1112 423 1160 anni,
452 1112 649 1162 disquirit.
685 1113 737 1150 De
761 1113 961 1151 curriculo
980 1119 1184 1164 praeterea
1205 1114 1307 1151 Solis
1330 1113 1648 1151 octodecennalis
1665 1111 1777 1163 Cycli

313 1168 414 1217 agit,
448 1174 487 1206 et
505 1167 873 1206 decemnovennalis
891 1170 1041 1217 Lunae,
1073 1175 1111 1207 et
1129 1169 1419 1221 decimaquarta
1439 1169 1625 1221 ejusdem.
1673 1169 1777 1206 Rur-

313 1237 401 1260 sum
421 1224 470 1262 de
491 1224 689 1262 mensibus
704 1225 910 1263 lunaribus
928 1231 965 1262 et
985 1225 1199 1274 solaribus,
1230 1231 1269 1263 et
1289 1226 1498 1263 Neomenia
1520 1224 1667 1263 mensis
1685 1237 1778 1262 cum
1813 1267 1816 1270 Δ

311 1279 486 1329 lunaris,
515 1287 600 1318 tum
631 1281 786 1328 solaris,
817 1282 885 1332 qui
911 1281 1044 1319 lunari
1071 1281 1123 1318 sit
1143 1295 1238 1332 par,
1269 1281 1396 1332 deque
1427 1295 1558 1319 mense
1581 1280 1778 1332 aequabili

312 1336 467 1384 Lunae,
497 1342 538 1373 et
565 1349 698 1374 mense
726 1344 889 1374 exacto:
931 1336 979 1374 de
1010 1349 1200 1374 annorum
1233 1337 1404 1388 denique
1427 1337 1562 1375 mundi
1582 1343 1778 1388 supputa*-

191 1385 220 1418 Ρ
243 1386 289 1421 25
313 1392 419 1429 tione
438 1392 560 1429 multa
587 1392 783 1441 congerit,
812 1393 853 1430 in
880 1406 959 1443 quo
983 1391 1141 1442 quidem
1173 1392 1300 1440 libro,
1333 1406 1448 1443 quem
1481 1399 1620 1431 auctor
1645 1392 1778 1430 Theo-

311 1447 413 1484 doro
434 1447 594 1485 cuidam
610 1448 824 1500 inscripsit,
855 1448 1021 1499 simplici
1042 1448 1215 1487 dictione
1239 1449 1422 1500 styloque
1445 1449 1690 1500 apertissimo
1707 1461 1777 1487 ex·-

313 1509 443 1550 arato,
475 1503 746 1542 Metrodorum
770 1518 886 1557 saepe
907 1503 1183 1556 reprehendit,
1220 1511 1266 1543 ut
1288 1511 1455 1543 testatur
1474 1505 1582 1544 idem
1600 1504 1777 1544 Photius.

95 1639 148 1672 De
158 1639 317 1677 Paschali
428 1637 574 1675 XXXI.
632 1638 853 1690 Scripserat
894 1645 1026 1678 autem
1067 1638 1318 1678 Metrodorus
1365 1638 1780 1679 decemnovennalium

96 1685 300 1725 Met1'0d01'i·
318 1693 521 1744 cyclorum
541 1694 679 1744 viginti
706 1701 794 1732 octo
812 1695 852 1733 in
873 1696 1045 1748 seipsum
1072 1696 1359 1734 recurrentium
1376 1703 1626 1747 computum,
1658 1697 1779 1734 ducto

314 1763 335 1786 a
357 1749 601 1788 Diocletiano
624 1751 810 1789 exordio:
838 1751 879 1789 in
902 1765 980 1803 quo
1006 1752 1307 1804 quingentorum
1330 1753 1490 1803 triginta
1509 1753 1628 1790 trium
1644 1765 1781 1790 anno-

313 1818 403 1842 rum
421 1805 504 1843 dies
528 1806 663 1844 Festos
683 1808 854 1858 colligit,
883 1808 1005 1859 idque
1033 1815 1224 1858 quantum
1254 1808 1434 1857 videtur,
1466 1808 1686 1847 secundum
1715 1821 1780 1846 ac-

318 1859 494 1899 curatam
513 1861 641 1910 illam,
673 1876 790 1913 quam
819 1870 989 1912 vocant,
1017 1863 1398 1910 Quartae-decimae
1421 1865 1550 1902 Lunae
1569 1870 1779 1916 computa-

315 1917 478 1956 tionem.
538 1919 599 1956 Ex
632 1919 717 1957 istis
739 1920 863 1970 igitur
882 1919 1082 1958 Photianis
1106 1921 1291 1970 colligere
1311 1921 1449 1958 saltem
1465 1921 1604 1967 liceat,
1634 1934 1678 1959 ea
1700 1933 1779 1971 qua

316 1973 530 2024 scriptores
559 1973 627 2011 isti
655 1975 704 2013 de
741 1975 929 2014 Paschate
955 1977 1257 2014 commentarios
1288 1976 1498 2015 ediderunt
1532 1982 1778 2028 tempestate,

316 2029 445 2067 varias
466 2029 516 2067 de
540 2029 664 2069 hacce
688 2031 900 2071 festivitate
937 2038 1042 2069 ortas
1063 2033 1305 2084 agitatasque
1328 2033 1447 2071 fuisse
1472 2035 1718 2084 quaestiones
1740 2037 1780 2070 et

316 2085 631 2135 controversias,
682 2100 783 2138 quae
815 2087 954 2126 harum
984 2088 1195 2140 scriptioni
1233 2089 1480 2127 occasionem
1511 2087 1779 2140 praebuerint,

315 2146 399 2178 tum
421 2141 470 2178 de
490 2155 611 2179 coena
635 2143 792 2181 Domini
810 2158 900 2183 xm.
925 2146 1081 2193 Lunae,
1112 2151 1197 2183 tum
1221 2145 1334 2183 etiam
1355 2144 1403 2182 de
1421 2150 1593 2195 utroque
1609 2143 1779 2182 Pascha-

312 2203 376 2245 te,
419 2198 555 2248 typico
585 2205 622 2239 et
654 2199 900 2249 Christiano,
937 2214 1032 2252 quas
1062 2201 1091 2238 ii
1118 2201 1229 2240 varia
1259 2200 1449 2239 methodo
1482 2200 1779 2253 pertractarint,

315 2258 435 2303 atque
464 2254 503 2290 in
533 2253 595 2291 his
628 2262 847 2305 postremus
885 2257 954 2295 ille
980 2256 1230 2308 Anonymus‚
1279 2257 1347 2308 qui
1373 2256 1478 2294 idem
1509 2263 1778 2308 argumentum

1856 2000 1878 2033 13³5

1863 2295 1869 2310 v«
1867 2252 1870 2259 .
1867 2219 1870 2229 -
1857 2044 1878 2186 ’Λβξτθκῂνι

316 2308 425 2358 quod.
449 2316 588 2347 auctor
608 2311 806 2351 Paschaiis
830 2312 1014 2351 Chronici
1035 2313 1139 2364 quod
1171 2313 1343 2362 edimus,
1375 2312 1492 2350 simili
1519 2312 1684 2365 perinde
1710 2327 1779 2351 ra-
1842 2311 1845 2316 ¹
1866 2314 1868 2318 '

315 2365 423 2402 tione
446 2371 504 2402 est
523 2375 778 2417 persecutus,
817 2375 1040 2421 temporum
1064 2383 1084 2406 a
1107 2369 1257 2407 mundo
1290 2369 1447 2407 condito
1471 2369 1779 2421 computatione,

314 2420 513 2471 rebusque
547 2422 715 2472 proinde
746 2425 832 2463 aliis
868 2425 1167 2476 Chronologicis
1203 2439 1283 2463 non
1311 2425 1478 2472 omissis.
1554 2425 1781 2472 Quinetiam

317 2482 444 2514 aetate
477 2477 715 2530 Metrodori,
754 2481 866 2532 cujus
894 2482 1071 2519 meminit
1096 2481 1281 2530 Photius,
1324 2482 1480 2532 cyclum
1509 2481 1778 2519 victorianum

315 2545 478 2570 nxxxn.
498 2546 689 2573 annornm
710 2538 813 2587 apud
828 2538 1047 2576 orientales
1067 2544 1270 2588 utcunque
1290 2538 1506 2575 obtinuisse
1521 2537 1613 2575 inde
1630 2537 1779 2588 pariter

317 2588 523 2626 advertere
552 2597 629 2628 est:
670 2605 787 2642 quem
815 2594 909 2630 alias
941 2600 1120 2632 secutum
1148 2599 1346 2630 auctorem
1366 2592 1565 2631 Paschalis
1590 2593 1778 2631 Chronici

317 2657 437 2696 supra
460 2646 695 2684 monuimus.
753 2648 839 2685 Hoc
870 2662 991 2699 porro
1016 2649 1230 2687 Metrodori
1260 2650 1417 2687 nomine
1447 2649 1601 2700 aliquot
1619 2649 1685 2687 alii
1708 2662 1778 2687 oc-

361 2811 400 2855 1)
428 2811 516 2845 Vide
541 2813 654 2848 Praef.
689 2814 866 2855 Auctoris,
914 2819 949 2850 et
982 2816 1176 2851 Caswuboni
1211 2816 1398 2851 Exercitat.
1433 2816 1467 2850 in
1490 2816 1612 2851 Baton.
1637 2827 1671 2862 p.
1694 2814 1774 2851 464.

407 2858 553 2890 Cedren.
578 2870 609 2902 p.
638 2861 712 2894 175.
740 2867 774 2894 ct
796 2861 941 2905 Glycam
966 2874 999 2907 p.
1023 2864 1101 2898 215.

1856 3125 1879 3171 ’ἔρξ’
