1820 3276
450 204 510 249 ΙΝ
537 203 867 250 cnRoNlcoN
894 204 1186 251 PASCHALE.
1464 202 1561 254 491

94 313 224 354 fectus
252 326 432 355 annonae
460 315 570 356 fuit?
609 326 702 355 nam
726 315 837 355 illius
865 329 985 356 curae
1011 316 1125 356 urbis
1156 313 1399 356 commeatus
1428 323 1469 357 et
1497 332 1569 358 an·

94 386 201 411 nona
229 371 391 426 publica
418 373 686 413 incumbebat.
733 373 885 413 Verum
914 387 990 414 cur
1015 374 1059 413 in
1087 374 1140 413 Μ.
1169 374 1347 414 Ecclesia
1375 376 1497 415 semel
1524 391 1570 417 ac

94 430 242 469 iterum
272 428 324 467 ob
350 430 553 482 sportulas
582 429 794 479 militares,
823 436 908 468 tum
932 445 955 469 a
987 430 1157 481 scholis,
1186 436 1274 470 tum
1304 446 1327 470 a
1356 432 1472 484 plebe
1502 441 1568 474 tu-

96 486 339 524 multuatum
369 486 506 539 potius
536 500 654 538 quam
682 487 726 524 in
755 486 1032 538 Circensibus,
1066 494 1114 526 ut
1146 488 1188 527 in
1218 485 1414 539 gravitate
1444 503 1571 530 anno-

95 556 174 582 nae
206 552 254 581 ac
291 543 396 582 fame
422 543 631 595 ingruente
668 542 755 582 fieri
785 544 948 583 solitum
977 545 1101 584 fuisse
1130 545 1278 584 docent
1306 546 1469 586 Tacitus
1496 548 1569 588 lib.

95 612 138 639 v.
165 598 308 639 Annal.
337 600 518 639 Zosimus
542 600 614 641 lib.
645 614 683 640 v.
712 601 942 640 Ammianus
969 602 1041 642 lib.
1068 615 1156 640 ΧῙΧ.
1186 603 1392 655 Eunapius
1420 604 1463 642 in
1492 604 1569 646 Ae-

96 656 231 705 desio,
272 662 312 695 et
348 656 536 697 Sidonius
572 657 644 696 lib.
674 671 704 698 1.
742 658 866 711 Epist.
894 672 934 697 Χ.
972 673 1057 698 non
1093 659 1214 712 plane
1243 665 1411 699 constat.
1469 662 1570 701 Vide

94 713 240 752 Notata
267 713 319 752 ad
348 728 439 753 ann.
466 728 507 754 v.
538 714 764 755 Justiniani.

212 769 308 821 Pag.
338 770 433 813 715.
463 774 531 816 20.
591 767 733 824 Κόμης
759 774 835 812 τοῦ
865 766 1070 840 ὄψαρίου]
1113 772 1226 812 Verti
1258 773 1378 813 Comes
1401 776 1568 826 piscium,

95 826 230 866 nescio
270 841 321 866 an
357 827 480 867 bene.
520 825 699 881 ὄψαριον
733 828 838 867 enim
879 835 940 867 est
970 831 1105 880 piscis,
1145 829 1258 882 quod
1296 831 1482 883 pluribus
1525 832 1569 870 in

97 884 303 922 Glossario
340 885 496 924 mediae
539 885 773 924 Graecitatis
813 885 1036 935 docemus,
1083 886 1141 924 ita
1189 893 1236 925 ut
1270 887 1461 926 Leontius
1500 889 1569 927 ille

94 941 322 993 praefectus
360 942 502 993 suerit,
538 956 620 981 non
659 943 907 995 piscaturae,
945 941 1016 981 sed
1057 943 1116 982 rei
1154 944 1368 995 piscariae,
1407 958 1480 983 seu
1510 946 1568 998 pi-

94 998 223 1037 scium
260 997 301 1036 in
339 998 441 1038 urbe
469 999 712 1038 venditioni.
753 998 858 1038 Galli
887 998 1091 1049 dicerent,
1133 1000 1165 1038 le
1194 1001 1314 1039 comte
1342 1002 1392 1040 du
1415 1004 1570 1053 poi-ison,

94 1068 262 1094 numero
295 1055 501 1109 singulari.
558 1057 774 1095 Plurimam
810 1064 943 1094 autem
971 1057 1096 1095 fuisse
1127 1057 1475 1111 Constantinopoli
1504 1059 1568 1111 pi-

95 1111 223 1151 scium
271 1112 427 1164 copiam
469 1113 769 1152 observavimus
807 1113 959 1166 pariter
995 1115 1038 1152 in
1078 1113 1310 1166 Originibus
1339 1115 1571 1168 Byzantinis

95 1175 193 1208 sect.
224 1182 284 1210 111.
316 1176 355 1209 et
382 1170 423 1208 in
453 1170 569 1209 Notis
600 1170 652 1209 ad
680 1170 913 1210 Alexiadem
936 1184 976 1223 p
1011 1174 1103 1214 167.
1135 1185 1216 1223 quo
1246 1178 1452 1241 praeterea
1484 1187 1572 1225 spe-

96 1232 207 1265 ctant
234 1225 309 1264 ista
341 1226 476 1279 Dionis
507 1227 712 1279 Chrysost.
741 1227 784 1265 in
813 1227 950 1280 priore
982 1227 1164 1266 Tarsica.
1194 1224 1287 1268 AM?
1308 1225 1417 1281 ὅμως
1436 1226 1572 1279 ουδεις

95 1279 148 1324 ἂν
182 1282 289 1324 εἶ’ποι
316 1280 383 1323 Bw?
410 1299 480 1324 τον
511 1283 635 1336 ἰχθυν
663 1280 908 1336 εὐδαίμονας
933 1285 1202 1335 Βυζαντίους,
1234 1286 1271 1326 εἰ
1296 1283 1352 1338 μή
1382 1285 1451 1326 καὶ
1476 1285 1572 1335 τούς

93 1336 275 1393 Λάρους.
334 1339 409 1379 Sed
433 1345 551 1380 tamen
570 1355 668 1380 nemo
686 1342 821 1380 dixerit
832 1345 976 1393 propter
990 1345 1107 1393 pisces
1127 1343 1246 1380 beatos
1264 1356 1336 1381 esse
1357 1342 1572 1395 Byzantios,

93 1399 168 1436 nisi
186 1399 329 1466 pariter
358 1401 391 1435 et
414 1398 544 1437 Lares.
602 1399 653 1437 Et
678 1398 720 1437 in
752 1399 860 1436 Orat.
894 1412 1020 1437 xxxv.
1059 1397 1162 1451 Φέρε
1188 1396 1260 1451 δή,
1291 1400 1406 1448 τίνας
1426 1398 1572 1473 akkpvg

94 1469 176 1495 των
190 1449 286 1494 καθ’
305 1452 414 1507 ἡμᾶς
434 1449 681 1508 ευδαίμονας
704 1470 930 1524 ακουομεν,·
958 1456 1223 1504 Βυζαντίους,
1255 1451 1390 1509 χώραν
1413 1472 1455 1498 τε
1481 1453 1573 1527 ἆρί-

96 1523 196 1578 στην
223 1510 491 1564 νεμομένους,
524 1513 593 1553 καὶ
629 1509 835 1552 θάλατταν
861 1508 1182 1565 εὖκαρποτατην·
1212 1515 1284 1564 τῆς
1305 1511 1349 1554 δὲ
1375 1517 1450 1568 γῆς
1470 1529 1572 1568 ημε-

94 1563 265 1638 λήκασι,
296 1565 364 1608 δια
384 1584 460 1620 την
483 1565 630 1638 ἄρετην
648 1572 722 1621 τῆς
739 1565 964 1620 θαλάττης·
990 1567 1021 1621 ἦ
1041 1566 1116 1621 μὲν
1134 1566 1211 1622 γὰρ
1229 1566 1297 1610 διὰ
1319 1574 1481 1623 μακροῦ
1502 1571 1570 1622 φέ-

95 1639 157 1678 ρει
182 1621 250 1665 τᾶν
277 1622 434 1678 καρπὸν
465 1620 624 1675 αυτοῖς,
652 1626 720 1666 καὶ
749 1627 814 1667 δεῖ
832 1627 970 1678 λαβεῖν
991 1625 1306 1679 ἐργασαμένους·
1335 1625 1365 1680 ἦ
1388 1626 1433 1668 δὲ
1458 1624 1575 1671 αυτό-

94 1686 193 1731 1θεν,
224 1679 350 1734 μηδὲν
379 1679 610 1734 ποιήσασιν.
665 1684 744 1733 Age
761 1697 873 1731 nunc,
904 1696 1070 1735 quosnam
1089 1683 1180 1721 alios
1199 1688 1318 1722 nostro
1337 1689 1490 1736 tempore
1504 1700 1574 1725 au-

94 1738 248 1777 divimus
274 1751 346 1777 esse
363 1739 520 1791 felices?
554 1739 785 1792 Byzantios?
841 1713 909 1779 I’lli
936 1743 970 1778 et
1001 1742 1170 1791 optimam
1197 1741 1357 1780 incolunt
1382 1755 1573 1793 regionem,

95 1799 131 1835 et
150 1808 247 1834 mare
256 1796 598 1847 fructuosissimum
660 1797 809 1836 Terram
829 1801 947 1836 autem
966 1797 1198 1847 neglexerunt
1208 1802 1352 1850 propter
1371 1802 1480 1838 maris
1500 1802 1574 1838 vir-

94 1855 224 1891 tutem.
219 1866 227 1874 ·
255 1853 323 1891 illa
340 1855 430 1891 enim
446 1854 552 1904 longo
567 1854 758 1892 intervallo
779 1854 856 1893 illis
869 1854 1036 1906 fructum
1053 1854 1184 1904 affert,
1214 1858 1248 1893 et
1263 1868 1340 1894 eum
1359 1857 1500 1908 quidem
1518 1857 1576 1896 la-

96 1909 236 1948 boribus
255 1913 425 1962 partum,
453 1923 552 1950 mare
572 1915 689 1950 autem
708 1912 817 1962 affert
833 1924 878 1950 ex
897 1924 934 1949 se
947 1913 1073 1950 statim
1090 1912 1220 1962 absque
1238 1912 1370 1952 labore.

211 1965 435 2017 Pag.716.
467 1971 532 2011 17.
596 1970 629 2008 Ο
667 1965 743 2021 γὰρ
781 1964 1070 2020 ἐπικαταρατος
1106 1964 1350 2022 Σαλβᾶρας]
1394 1969 1475 2018 Qui
1514 1971 1575 2010 in-

95 2022 252 2061 terdum
278 2018 501 2077 Σαλβαρος.
560 2025 716 2064 Bellum
746 2024 824 2064 hoc
854 2024 1070 2063 Avaricum
1101 2023 1152 2063 ad
1177 2039 1315 2065 muros
1335 2027 1449 2065 urbis
1470 2028 1574 2066 Con-

96 2080 477 2134 stantinopolitanae
504 2081 607 2121 libro
636 2083 779 2133 unico,
823 2096 870 2120 ac
901 2081 1085 2121 versibus
1115 2082 1365 2122 Hexametris
1397 2085 1576 2136 comple-

95 2149 175 2175 xus
205 2142 264 2175 est
296 2137 440 2190 Georg.
468 2138 645 2190 Pisffles,
675 2139 789 2191 cujus
818 2138 931 2189 libri,
961 2144 1008 2177 ut
1036 2145 1078 2178 et
1106 2138 1229 2178 trium
1259 2139 1310 2178 de
1339 2140 1447 2180 bello
1477 2142 1575 2180 Per—

97 2193 182 2232 sico
220 2193 398 2232 Heraclii
437 2194 654 2235 editionem
694 2201 961 2248 apparaverat
990 2191 1134 2235 Claud.
1173 2196 1407 2248 Maltretus,
1448 2198 1512 2237 uti
1541 2199 1575 2237 is

97 2257 235 2289 monet
262 2250 306 2288 in
337 2251 588 2291 Praefatione
616 2252 665 2291 ad
698 2253 953 2305 Procopium.

213 2307 312 2357 Pag·
340 2311 437 2350 717.
468 2311 506 2351 9.
565 2310 841 2350 Θεοδοσιακοῦ
855 2306 1032 2361 τείχους]
1061 2308 1411 2363 Constantinopol.
1430 2311 1575 2352 Christ.

97 2363 165 2403 lib.
193 2376 222 2402 1.
261 2371 356 2402 sect.
391 2377 434 2406 Χ.

213 2420 308 2470 Pag·
336 2425 432 2464 717.
466 2425 532 2465 10.
591 2418 898 2473 Μελαντιᾶδος]
928 2421 1031 2462 Ibid.
1056 2428 1153 2462 sect.
1183 2436 1255 2463 xv.
1285 2437 1326 2466 n.
1354 2438 1424 2465 xv.

215 2476 309 2528 Pag·
339 2480 436 2521 718.
468 2482 504 2521 1.
567 2479 695 2520 Οἴκου
730 2482 813 2520 τῶν
855 2477 981 2533 ἇγίων
1012 2480 1321 2535 Μακκαβαίων]
1359 2482 1462 2522 Ibid.
1502 2481 1575 2521 lib.

99 2546 156 2573 1v.
188 2540 286 2574 sect.
313 2547 370 2573 1v.
402 2549 442 2575 n.
469 2549 541 2577 xx.

215 2590 314 2641 Pag.
342 2595 439 2635 718
468 2597 508 2636 2.
568 2596 632 2633 Εν
663 2590 838 2644 Συκαῖς]
872 2590 974 2632 [bid.
1004 2591 1074 2631 lib.
1103 2606 1132 2633 1.
1162 2599 1255 2632 sect.
1286 2606 1393 2632 xxu.

216 2647 313 2697 Pag-
345 2651 441 2691 718
459 2653 542 2692 10.
600 2645 719 2705 Βόνω
747 2651 806 2704 τῷ
834 2648 961 2698 ἕνδοξ.
992 2650 1222 2703 Πατρικίῳ]
1263 2650 1423 2702 Quippe
1453 2650 1576 2689 Hera

104 2703 206 2742 clius
237 2704 279 2741 in
308 2705 444 2744 Peisas
474 2713 677 2756 moturus,
691 2691 844 2756 Sergio
874 2705 1123 2756 Patriarcha,
1154 2706 1412 2745 Senatoribus
1442 2714 1482 2746 et
1503 2721 1576 2760 po-

103 2760 204 2812 pulo
237 2763 496 2812 convocatis,
535 2763 708 2815 filiisque
740 2775 877 2801 eorum
907 2762 1001 2801 fidei
1032 2762 1274 2812 commissis,
1312 2763 1469 2803 Bonum
1499 2764 1581 2802 Pa-'

106 2817 266 2855 tricium
301 2830 436 2857 rerum
461 2819 807 2859 administrationi
845 2819 1109 2872 praefecerat.
1166 2818 1226 2857 Ita
1254 2818 1507 2873 Nicephorus
1536 2827 1577 2860 et

106 2872 371 2927 Theophanes
401 2889 502 2915 anno
533 2890 608 2916 xn.
638 2884 678 2916 et
706 2890 757 2916 ex
786 2889 834 2915 eo
864 2875 1033 2927 Symeon
1075 2874 1323 2927 Logotheta,
1369 2891 1390 2916 a
1430 2876 1577 2929 quibus

1594 1575 1626 1611 V
1647 1575 1718 1613 558
