1884 3262
607 170 875 215 CHRONIGI
903 171 1210 215 PASCHALIS.
1544 166 1648 216 215

169 278 277 320 drini
304 279 479 332 primum
510 279 571 319 sui
600 280 735 319 Thoth
751 310 762 330 ,
804 279 963 334 (nostri)
1001 282 1155 321 scilicet
1196 279 1450 333 Septembris.
1513 279 1646 330 Quem

166 350 309 377 rursus
338 350 412 374 nos
441 338 687 390 Septembris
718 338 893 390 primum
923 352 1155 388 censemus,
1183 351 1276 377 eum
1298 337 1479 389 ejusdem
1497 338 1648 377 mensis

166 407 222 435 1v.
256 392 534 433 Alexandrini.
564 395 668 447 Ergo
697 401 744 434 ut
773 396 942 433 sciamus
977 409 1152 434 mensem
1167 395 1487 434 Alexandrinum
1510 393 1646 434 Thoth

167 457 237 490 aut
266 451 439 502 aliquem
469 451 660 504 deinceps
690 452 871 503 quemvis
901 452 1046 503 alium,
1090 459 1131 491 et
1161 466 1241 504 quo
1282 459 1402 505 pacto
1433 451 1509 491 sibi
1538 451 1646 504 apud

163 508 258 547 illos
287 508 582 559 respondeant;
630 515 710 547 tres
748 507 874 548 hosce
912 508 997 547 dies
1034 509 1258 562 superfluos
1297 508 1444 549 addere
1481 521 1646 549 necesse

164 572 250 615 est,
289 571 411 616 atque
438 565 494 604 ita
526 580 548 604 a
578 565 804 620 Septembri
839 565 1018 618 incipere
1036 595 1048 616 ,
1092 580 1364 619 numerosque
1393 566 1446 605 ad
1474 565 1646 618 Augusti

163 619 282 661 finem
312 621 559 674 perducere,
590 636 709 675 quem
739 623 799 662 illi
828 622 977 661 Mesori
1009 623 1230 675 appellant.
1301 623 1384 661 Sub
1416 622 1534 662 finem
1562 623 1646 662 ita-

165 693 242 731 que
274 679 468 730 Augusti,
497 693 586 718 vm.
615 678 725 732 apud
753 679 1048 719 Alexandrinos
1079 679 1164 718 dies
1193 679 1468 725 redundantes
1496 679 1643 732 depre-

161 735 397 776 hendemus.
473 736 617 775 Tribus
660 737 763 774 enim
807 743 902 776 ante
941 737 1214 789 Septembrem
1253 736 1423 787 additis,
1470 737 1643 776 aliorum

163 807 326 846 quoque
354 794 550 831 mensium
590 793 675 832 dies
714 790 806 848 (qui
837 792 999 845 quidem
1028 793 1114 832 dies
1140 793 1293 833 habent
1319 791 1455 846 xxx1.)
1489 793 1644 833 redun-

162 850 304 890 dantes
333 863 452 888 unam
484 864 506 889 e
534 849 701 901 singulis
732 849 1160 902 oportebitradjicere,
1182 865 1306 890 unam
1336 850 1490 889 scilicet
1512 851 1644 890 Octo·-

160 906 268 951 bris‚
303 907 530 946 Decembris
558 920 705 957 unam,
739 914 778 946 et
809 921 926 946 unam
949 907 1136 949 Januarii.
1179 908 1240 946 Ita
1260 914 1380 947 erunt
1395 921 1565 948 numero
1583 921 1641 947 v1.

159 964 258 1004 Inde
287 964 446 1003 duobus
475 978 551 1017 pro
588 962 805 1003 Februario
836 978 970 1003 mense
1012 964 1249 1015 subductis,
1294 964 1504 1004 restabunt
1538 978 1643 1017 qua-

158 1028 266 1061 tuor.
324 1020 477 1060 Deinde
512 1021 766 1060 manifestum
795 1027 855 1060 est
884 1027 1059 1074 quatuor
1093 1022 1312 1072 mensium,
1345 1021 1502 1071 Martii,
1532 1021 1642 1071 Maii,

158 1078 287 1128 Junfi,
326 1085 365 1118 et
395 1078 568 1129 Augusti
596 1092 673 1130 pro
703 1078 894 1129 singulis,
937 1079 1043 1118 diem
1081 1092 1207 1118 unum
1240 1092 1327 1118 esse
1356 1079 1641 1132 adjiciendum.

157 1135 212 1175 Hi
240 1136 344 1175 enim
375 1149 511 1175 omnes
539 1149 657 1175 xxxr.
687 1135 772 1175 dies
801 1134 964 1176 habent.
1023 1136 1094 1176 His
1123 1149 1179 1175 v1.
1201 1135 1376 1187 additis,
1406 1136 1516 1186 fient,
1546 1138 1642 1175 Au-

158 1199 276 1245 gusto
306 1199 500 1242 exeunte,
529 1206 618 1234 vm.
678 1193 762 1231 lllis
791 1206 881 1235 vm.
912 1192 1054 1232 diebus
1096 1206 1188 1233 cum
1223 1193 1404 1246 quinque
1442 1193 1528 1232 dies
1565 1193 1641 1233 de·

157 1250 378 1300 traxerint,
407 1262 614 1301 unumque
642 1250 738 1289 inde
768 1263 944 1289 mensem
976 1250 1189 1289 conflarint
1214 1250 1491 1301 Alexandrini,
1523 1264 1641 1302 quem

158 1313 198 1346 et
227 1302 512 1359 πενθήμερον,
541 1306 586 1344 id
616 1313 676 1346 est
701 1306 882 1358 quinque
912 1307 1094 1357 dierum,
1124 1307 1357 1360 appellant,
1390 1314 1472 1347 tres
1493 1307 1641 1347 deinde

156 1364 391 1415 relinquunt
420 1363 507 1402 dies
543 1364 771 1416 Septembri
807 1364 963 1403 ineunti
1001 1377 1144 1404 rursus
1177 1364 1447 1418 adjiciendos,
1487 1366 1522 1403 si
1551 1366 1642 1417 quis

155 1421 257 1461 velit
285 1419 422 1460 Thoth
453 1420 770 1460 Alexandrinum
798 1434 976 1460 mensem
1005 1421 1206 1475 reperire,
1243 1421 1313 1473 qui
1345 1421 1459 1460 illum
1489 1422 1643 1474 excipit

157 1478 284 1528 (diem
313 1476 416 1530 dixi)
451 1474 736 1531 πενθήμερον,
785 1478 1022 1530 dierumque
1050 1478 1175 1519 trium
1206 1478 1428 1517 auctarium
1458 1479 1640 1531 comple-

156 1535 291 1574 ctitur.
349 1535 411 1574 Ita
439 1547 583 1574 rursus
617 1541 657 1574 et
687 1548 841 1574 menses
859 1549 1072 1575 numerare
1094 1541 1279 1588 oportet,
1309 1536 1641 1588 singulorumque

153 1593 348 1631 mensium
378 1591 519 1632 diebus
548 1592 715 1643 singulis
745 1592 1065 1632 redundantibus
1094 1598 1178 1631 tres
1207 1592 1301 1631 illos
1325 1597 1483 1644 augere.
1515 1593 1640 1641 Quo-

153 1650 229 1688 ties
268 1662 369 1688 vero
411 1652 539 1688 annus
578 1656 637 1688 est
666 1650 874 1688 Bissextus
896 1680 908 1700 ,
948 1651 1078 1689 solent
1124 1649 1409 1700 Alexandrini,
1456 1650 1500 1688 in
1531 1664 1639 1689 anno

153 1713 245 1746 ante
274 1707 500 1745 Bissextum
532 1706 605 1758 (id
633 1713 692 1746 est
722 1706 884 1759 quando
914 1707 1243 1760 supputationem
1271 1705 1557 1760 impleverint)
1595 1707 1638 1745 in

152 1764 224 1803 illo
254 1764 456 1817 (inquam)
492 1777 622 1814 anno,
668 1771 708 1803 et
737 1778 785 1803 eo
815 1763 978 1815 quidem
1017 1764 1127 1813 solo,
1181 1762 1298 1803 finito
1336 1764 1419 1818 jam
1454 1764 1637 1816 Augusto

153 1818 292 1875 (quem
320 1820 382 1859 illi
409 1818 556 1860 Mesori
585 1819 751 1875 vocant)
788 1835 866 1873 pro
904 1821 1081 1874 quinque
1109 1820 1266 1860 dierum
1295 1835 1457 1872 mense,
1496 1835 1638 1861 senum

152 1878 311 1918 dierum
338 1877 453 1917 illum
484 1877 694 1918 conficere.
753 1877 906 1917 Demtis
935 1879 1070 1932 itaque
1101 1892 1156 1919 v1.
1187 1877 1330 1917 diebus
1361 1892 1415 1918 ex
1433 1891 1524 1920 vm.
1548 1878 1636 1917 die-

151 1949 243 1975 rum
273 1948 464 1987 numero,
495 1934 635 1990 (quem
660 1932 766 1990 dixi)
796 1935 1139 1986 redundantium,
1167 1935 1349 1988 reliquae
1379 1942 1498 1976 erunt
1519 1935 1634 1978 duae.

154 1993 416 2045 Quapropter
438 1992 512 2031 illo
544 2006 671 2042 anno,
707 1998 747 2031 et
778 1992 941 2045 quidem
972 1993 1143 2032 Bissexti
1172 1992 1243 2031 illo
1274 1993 1384 2042 solo,
1416 1993 1521 2031 duae
1551 1993 1636 2032 dies

154 2049 402 2103 adjiciendae
442 2055 533 2088 ante
571 2050 870 2103 Septembrem3
923 2056 962 2089 et
1003 2064 1079 2103 pro
1122 2049 1367 2099 Februario,
1405 2064 1487 2088 non
1518 2050 1633 2095 duae,

153 2107 224 2146 sed
256 2106 373 2145 unica
407 2105 639 2156 eximenda,
686 2107 779 2159 quia
810 2107 1074 2147 Februarium
1106 2107 1148 2146 in
1177 2107 1359 2146 Bissexto
1389 2120 1509 2146 xx1x.
1543 2107 1636 2146 die-

73 2167 80 2177 ‘
151 2178 242 2203 rum
273 2163 429 2202 faciunt
463 2163 644 2203 Romani.

151 2307 442 2360 Methodus
477 2324 581 2374 qua
611 2306 829 2372 Pascha,
875 2306 1172 2357 secundum
1210 2293 1632 2357 Ecclesiasticam

412 2387 808 2452 Traditionem‚
845 2388 909 2437 sit
937 2386 1376 2452 investigandum.

269 2505 360 2544 Dies
400 2507 510 2544 omni
552 2507 666 2545 cultu
694 2505 950 2558 dignissima,
989 2518 1068 2557 qua
1097 2504 1283 2544 vivificae
1312 2504 1632 2544 Resurrectionis

154 2562 312 2602 Domini
348 2563 477 2603 nostri
517 2570 558 2603 et
594 2563 683 2603 veri
723 2563 795 2602 Dei
834 2563 929 2602 Jesu
968 2562 1117 2601 Christi
1154 2561 1302 2601 festum
1333 2560 1581 2600 celebramus
1610 2576 1632 2599 a

153 2633 257 2658 xxn.
288 2620 433 2659 mensis
461 2620 597 2660 Martii
625 2620 787 2673 incipit,
818 2620 984 2672 ipsaque
1012 2619 1080 2657 illa
1098 2631 1205 2658 xxn.
1234 2625 1272 2658 et
1290 2618 1343 2658 ad
1367 2631 1464 2657 xxv.
1484 2617 1632 2667 mensis

155 2676 304 2727 Aprilis
333 2677 546 2730 pertingit,
594 2692 714 2730 quam
759 2683 799 2716 et
837 2678 966 2730 ipsam
1004 2675 1176 2724 includit
1201 2689 1302 2715 xxv.
1360 2675 1498 2727 Neque
1528 2675 1631 2713 enim

155 2745 245 2773 xxi.
273 2733 409 2772 Martii
438 2735 688 2786 celebratur,
733 2748 864 2786 neque
898 2733 1048 2786 Aprilis
1075 2746 1190 2771 xxv1.
1252 2732 1469 2771 Observari
1499 2738 1632 2770 autem

157 2789 261 2829 solet
286 2803 309 2828 a
337 2791 449 2830 Luna
478 2806 548 2832 xv.
586 2799 626 2831 et
654 2806 699 2832 ea
727 2793 841 2845 ipsa,
894 2805 1022 2844 usque
1059 2791 1112 2830 ad
1151 2791 1303 2829 Lunam
1340 2803 1428 2829 xxi.
1469 2795 1508 2827 et
1545 2803 1630 2828 eam

157 2859 321 2899 quoque
358 2848 498 2902 ipsam.
555 2850 639 2889 Nec
669 2849 773 2890 enim
816 2849 929 2889 Luna
963 2861 1046 2888 x1v.
1083 2848 1206 2898 solet,
1254 2860 1330 2887 nec
1369 2845 1488 2886 etiam
1526 2859 1638 2885 mm.v
