1884 3262
289 176 390 224 296
828 177 1202 221 -ΝΟΤΑΕ

403 284 500 335 Pag.
528 287 623 328 360.
652 289 722 328 21.
781 279 1069 338 Ηρῶδης].ΕΣ
1094 285 1267 326 Eusebio
1299 300 1342 340 p·
1367 287 1460 330 154.
1490 287 1557 327 ubi
1580 289 1755 341 Scaliger

289 355 317 394 P
404 397 498 446 Pag.
527 397 625 438 361.
657 398 722 437 11.
782 395 866 440 Καὶ
902 395 1158 452 Κικέρωνος]
1188 399 1246 438 Ita
1267 399 1420 439 Schott.
1442 401 1514 439 nio
1534 401 1601 440 lib.
1623 403 1688 444 51.
1712 415 1753 453 p.

290 454 384 496 523.
415 453 463 491 de
481 451 558 490 hoc
577 451 780 492 Ciceronis
801 454 1035 493 Consulatu:
1065 459 1269 496 τεθνεῶτα
1284 455 1354 497 τόν
1373 454 1584 498 Λντώνιον
1603 452 1755 511 ἠγγέλ-

288 515 372 561 θη,
403 508 653 563 Κικέρωνος,
687 513 759 550 τοῦ
784 509 1013 563 Κικέρωνος
1027 509 1190 562 παιδὸς,
1221 512 1264 553 ἐν
1284 511 1393 566 μέρει
1415 516 1488 553 τοῦ
1511 513 1622 562 ἔτους
1639 513 1754 554 ὕπα-

287 563 489 612 τεύοντος.
549 564 718 604 Idatius:
763 567 964 606 Octaviano
994 572 1027 606 et
1059 569 1184 608 Paulo.
1240 569 1333 607 Post
1361 568 1470 607 hunc
1496 571 1754 608 Consulatum

290 622 385 674 poni
415 621 555 660 debuit
586 621 824 661 Consulatus
851 624 1047 667 Aenobarbi
1076 629 1108 664 et
1136 625 1257 676 Sosii,
1288 625 1357 677 qui
1383 626 1474 665 loco
1499 626 1628 665 alieno
1649 626 1751 666 infra

289 679 474 730 ponitur,
507 683 550 716 ut
574 684 613 716 et
629 679 736 731 apud
756 679 942 718 Idatium.
1087 675 1089 680 ’

401 735 496 785 Pag.
525 738 622 778 361.
656 739 722 777 13.
780 732 1018 789 Αὐγούστου
1037 732 1080 776 τό
1097 731 1171 788 β’.]
1202 736 1351 775 [datius
1372 744 1407 776 et
1430 738 1558 787 Fasti,
1588 735 1632 780 τό
1651 735 1697 793 y'.

401 791 496 840 Pag.
525 794 620 833 361.
653 794 718 833 18.
775 788 1014 846 Αὐγούστου
1032 789 1075 832 τὸ
1089 789 1160 846 y'.]
1191 793 1290 833 Idat.
1309 801 1349 832 et
1367 795 1486 845 Fasti,
1507 793 1550 836 τὸ
1569 791 1616 836 δ’.
1673 795 1752 834 Ex-

288 848 525 899 pungendus
544 860 832 900 vero-sequens
852 849 1099 888 Consulatus,

400 904 495 954 Pag-
524 905 620 946 362.
648 909 687 947 2.
746 908 852 954 Παῖς
883 903 927 945 δὲ
960 900 1077 952 οὗτος
1103 899 1158 956 ἦν
1191 902 1397 960 Ηρώδου]
1426 906 1473 945 Id
1502 906 1552 944 ab
1577 906 1752 945 Eusebio

286 959 419 998 hausit
446 966 599 998 Auctor
629 960 837 1012 Chronici‚
867 968 916 1000 ut
944 968 982 1000 et
1012 961 1258 1013 Epiphanius
1277 962 1389 1003 haer.
1414 977 1485 1002 xx.
1506 977 1544 1003 n.
1563 977 1590 1001 1.
1613 970 1652 1002 et
1671 965 1754 1015 Sy-

287 1029 404 1054 meon
438 1016 655 1068 Logotbeta
686 1017 730 1055 in
747 1017 904 1058 Chron.
926 1018 1006 1056 MS.
1028 1019 1223 1056 Eusebius
1243 1033 1340 1057 vero
1362 1019 1410 1056 ab
1424 1020 1621 1058 *Africano
1644 1020 1753 1072 apud

287 1072 500 1123 Georgium
529 1073 757 1124 Syncellum
790 1089 829 1126 p.
858 1077 954 1117 296.
1010 1074 1147 1126 Neque
1179 1075 1284 1114 enim
1310 1075 1484 1114 Herodis
1509 1077 1619 1127 Regis
1640 1083 1754 1128 pater

285 1127 466 1167 Herodes
485 1129 781 1181 appellabatur,
814 1130 882 1169 sed
905 1131 1133 1182 Antipater,
1159 1131 1362 1182 quomodo
1380 1133 1490 1171 illius
1512 1147 1610 1171 avus
1631 1146 1755 1171 voca-

282 1185 428 1234 batur,
458 1192 504 1223 ut
536 1199 599 1234 exv
619 1186 791 1239 Josepho
822 1187 1027 1236 colligitur
1056 1187 1125 1226 lib.
1149 1201 1236 1226 xiv.
1270 1202 1358 1240 cap.
1382 1203 1428 1227 11.
1488 1190 1622 1241 Neque
1654 1186 1753 1242 ἱερό-

285 1242 428 1289 δουλος
459 1255 543 1280 esse
579 1243 707 1291 potuit
731 1243 951 1295 Apollinis,
983 1243 1051 1294 qui
1070 1243 1260 1294 religione
1280 1240 1453 1283 Judaeus
1477 1252 1583 1294 erat,
1611 1252 1753 1298 utpote

284 1297 518 1348 Idumaeas,
547 1297 745 1336 idumaeis
775 1299 1029 1350 progenitus,
1060 1299 1128 1350 qui
1153 1315 1173 1337 a
1193 1301 1438 1352 temporibus
1459 1301 1619 1342 Joannis
1637 1302 1753 1354 Hyr-

140 1367 171 1399 v
195 1365 264 1404 434
287 1354 377 1392 cani
395 1354 739 1394 circumcisionem
759 1361 798 1393 et
814 1357 940 1406 legem
960 1362 1209 1407 acceperant,
1238 1358 1430 1409 cujusque
1451 1358 1652 1411 Antipatri
1671 1373 1754 1411 pa-

285 1418 368 1458 ter,
402 1424 501 1450 avus
529 1410 701 1449 Herodis
715 1441 726 1460 ,
756 1412 822 1450 vir
843 1411 1062 1450 nobilitatis
1085 1412 1248 1464 insignis
1269 1428 1316 1452 ac
1344 1421 1529 1454 strenuus
1552 1416 1645 1454 Dux
1665 1415 1753 1454 fuit.

287 1467 385 1507 Vide
407 1468 595 1517 Scaliger.
615 1467 657 1506 in
679 1468 903 1519 Prolegom.
920 1469 969 1507 ad
988 1469 1220 1509 Eusebium.

397 1524 490 1573 Pag.
520 1526 616 1566 362.
647 1529 686 1566 6.
744 1522 941 1577 Ηρώδης,
972 1525 1071 1577 eto]
1102 1526 1261 1565 Eusebii
1282 1525 1505 1566 chronicon
1524 1541 1564 1579 p.
1588 1526 1681 1570 154.

398 1580 492 1630 Pag.
521 1582 616 1622 362.
650 1580 714 1622 14.
772 1579 982 1622 Βασιλεύει
1000 1577 1195 1634 Ηρώδης]
1227 1583 1284 1620 De
1305 1597 1409 1621 anno
1431 1583 1561 1622 obitus
1580 1583 1752 1623 Herodis

284 1637 365 1685 egit
393 1637 533 1686 Scalig.
562 1636 604 1673 in
633 1638 851 1687 Prolegom.
881 1638 931 1676 ad
954 1638 1079 1677 libros
1110 1639 1158 1677 de
1180 1639 1342 1678 Emend.
1362 1646 1483 1691 temp.
1505 1654 1544 1691 p.
1565 1643 1629 1682 16.
1649 1648 1695 1680 ut
1712 1649 1753 1680 et

282 1692 470 1731 Petavius
489 1692 555 1729 lib.
575 1706 615 1731 x.
638 1707 723 1745 cap.
741 1708 771 1732 1.
788 1709 831 1733 11.
854 1702 893 1733 et
909 1709 964 1733 iv.
990 1695 1039 1732 de
1061 1694 1238 1746 ejusdem
1262 1709 1360 1735 vero
1380 1697 1554 1748 posteris
1575 1710 1663 1748 cap.
1681 1711 1723 1737 x.

397 1749 491 1797 Pag·
521 1751 617 1791 362.
650 1754 715 1793 19.
774 1748 1061 1803 Αενοβοὲρβου]
1099 1753 1366 1804 Reponendus
1405 1753 1472 1791 hic
1514 1753 1752 1792 Consulatus

284 1818 346 1842 an.
368 1806 414 1842 U.
441 1805 482 1843 C.
501 1818 685 1846 Dccxxu.
706 1807 774 1857 qui
797 1821 1005 1860 perperam
1027 1807 1144 1846 etiam
1168 1809 1275 1860 apud
1298 1809 1470 1848 idatium
1500 1816 1613 1848 extra
1641 1811 1752 1850 ordi-

284 1861 550 1912 nempositus
571 1861 713 1902 suerat.

399 1917 492 1967 Pag-
523 1920 618 1959 353.
649 1918 687 1960 5.
748 1913 969 1970 Εξτήλιος]
1004 1919 1062 1957 Ex
1084 1919 1253 1958 Eusebio
1275 1919 1433 1965 etaliiS.

398 1973 491 2023 Pug'-
520 1976 615 2016 363.
648 1973 712 2016 14.
777 1977 859 2026 Τῆς
892 1971 1121 2027 κτησάσης]
1151 1975 1199 2014 ld
1235 1990 1314 2014 non
1346 1978 1579 2027 Cleopatrae
1606 1979 1751 2020 dunta—

282 2035 376 2079 xat,
406 2030 476 2068 sed
506 2035 546 2067 et
573 2029 623 2068 M.
653 2029 854 2068 Antonino
883 2031 1075 2070 adscribit
1106 2034 1277 2083 Symeon
1308 2033 1520 2084 Logotheta
1542 2036 1583 2074 in
1604 2035 1749 2077 Chron.

284 2086 364 2123 Ms.
384 2085 495 2139 cujus
512 2085 612 2123 haec
632 2092 747 2124 sunt:
778 2081 896 2134 οὗτος
912 2086 931 2128 ὅ
947 2084 1156 2136 Αντωίἰος
1176 2086 1443 2142 Κλεωπάτρας
1460 2093 1751 2147 Αλεξανδρείας

284 2157 327 2182 τε
350 2139 656 2195 καὶἈίγύπτου
684 2138 900 2196 ἆνταρσίαν
919 2141 1262 2196 βουλευσάμενος,
1293 2149 1346 2201 γῇ
1365 2145 1433 2186 καὶ
1453 2147 1586 2196 λίθοις
1607 2149 1748 2204 προσέ-

285 2210 418 2251 χωσαν
436 2196 507 2239 τὸν
523 2198 661 2251 λιμένα
681 2200 968 2252 Αλεξανδρειάς
988 2204 1059 2252 τῆς
1073 2198 1247 2252 πόλεως,
1278 2202 1347 2242 καὶ
1370 2200 1508 2256 Φάρον
1529 2208 1600 2257 τῆς
1619 2203 1749 2259 νήσου

285 2252 431 2307 μεταξύ
450 2255 702 2307 διακείμενον
722 2251 931 2308 θαλάσσης
952 2255 1143 2310 πορθμόν
1166 2257 1259 2299 ὥσεὶ
1277 2255 1310 2299 (Υ
1335 2260 1478 2311 μιλίων
1499 2260 1638 2314 ἔχοντα
1660 2260 1746 2304 ‹5⁶02-
1772 2290 1776 2294 ι

285 2323 428 2363 στημα.
492 2314 644 2351 Τοῦτον
678 2305 754 2366 οὖν
789 2310 857 2352 τὸν
886 2311 1077 2366 πορθμὸν
1106 2314 1206 2368 χειρὶ
1235 2318 1363 2371 πολλῇ
1390 2315 1458 2356 καὶ
1490 2320 1650 2375 σπουδῇ
1681 2318 1749 2360 καὶ

285 2363 467 2421 δαπάνῃ,
497 2364 774 2419 Δεξιοφᾶνους
793 2374 1016 2421 μηχανικοῦ
1035 2374 1107 2410 τοῦ
1126 2370 1243 2424 ἔργον
1258 2371 1584 2425 προηγουμένου,
1615 2388 1748 2416 συντε-

284 2422 488 2474 λέσαντες,
519 2421 688 2476 ἤπειρον
706 2423 773 2464 καὶ
797 2423 942 2477 βατὸν,
972 2423 1016 2466 τὸ
1035 2422 1226 2480 πρότερον
1245 2425 1411 2480 ἄβατον,
1436 2425 1505 2469 καὶ
1523 2428 1748 2480 ἅκωλύθως

284 2479 444 2529 ἐξεῖναι,
468 2478 567 2534 πρὸς
587 2477 657 2520 τόν
682 2476 833 2534 Φάρον,
852 2481 917 2522 καὶ
940 2483 1164 2534 διαβαίνειν
1181 2486 1313 2532 πεζοῖς
1332 2480 1581 2538 ἀνθρώποις,
1599 2486 1748 2540 ὁμοίως

283 2534 353 2576 καὶ
383 2533 544 2589 κτήνεσι
563 2533 844 2588 πεποιήκασιν.
903 2538 979 2576 Sed
999 2553 1047 2577 an
1070 2540 1277 2592 Cleopatra
1296 2539 1469 2580 Pharum
1490 2556 1629 2582 revera
1649 2558 1749 2583 con-

285 2591 454 2641 diderit,
483 2598 522 2631 et
545 2592 659 2632 Phari
688 2593 856 2632 insulam
887 2595 1104 2633 continenti
1123 2598 1251 2648 prima
1270 2597 1483 2650 adjecerit,
1511 2599 1600 2651 jure
1620 2600 1746 2639 ambi-

286 2655 385 2699 gunt
414 2648 629 2700 doctiores,
659 2646 777 2701 atque
802 2650 842 2688 in
866 2650 912 2688 iis
935 2651 1110 2702 Scaliger
1132 2653 1183 2691 ad
1207 2653 1346 2692 Euseb.
1364 2668 1406 2706 p.
1430 2657 1519 2698 132.
1549 2655 1746 2696 Henricus

287 2705 470 2743 Valesius
498 2705 549 2745 ad
568 2705 764 2744 Ammiani
780 2706 867 2747 libr.
889 2721 991 2746 xxn.
1010 2714 1048 2746 et
1070 2708 1312 2748 Humfredus
1333 2709 1500 2762 Hodyus
1518 2711 1560 2750 in
1584 2710 1745 2753 Dissert.

288 2761 337 2800 de
360 2760 513 2801 Aristea
532 2777 617 2815 cap,
637 2776 706 2804 xx.
724 2776 822 2815 quos
841 2764 1048 2802 consulere
1067 2765 1192 2803 cuivis
1212 2765 1372 2804 libitum
1392 2773 1462 2805 est.

403 2818 496 2869 Pag.
527 2822 620 2863 863.
654 2821 716 2863 15.
781 2816 862 2874 Τήν
880 2819 1099 2875 Πρωτέως]
1132 2822 1189 2860 Ita
1210 2835 1330 2875 supra
1349 2837 1453 2862 auno
1476 2824 1519 2863 U.
1539 2825 1580 2863 C.
1601 2837 1744 2864 anxx.
