1884 3262
554 174 822 219 CHRONICI
849 174 1153 218 PAscHAus.
1345 147 1347 149 ’
1508 172 1604 222 105

168 290 171 294 ’
239 288 288 327 111
315 287 452 327 Ebron
488 293 619 326 autem
651 287 834 338 regnavit
872 287 986 325 annis
1016 300 1088 328 vn.
1122 286 1325 326 mensibus
1359 299 1454 336 sex,
1497 287 1605 326 etin

126 345 342 384 Jerusalem
365 345 478 383 annis
495 358 650 382 xxxnt.
709 345 792 382 Sub
812 344 892 382 hoc
912 344 1108 382 Sacerdos
1128 343 1341 394 Abiathar‚
1373 344 1481 383 filius
1502 344 1606 383 Abi-

3 390 34 423 ‘·
74 452 77 455 r
128 403 278 449 melec,
309 416 360 441 ex
380 415 526 453 genere
550 398 662 450 Heli,
694 407 733 440 et
756 416 806 440 ex
827 402 903 439 alia
928 401 1057 452 patria
1079 401 1249 440 Saddoc.

242 458 543 512 Prophetabant
581 464 711 497 autem
760 458 1012 511 temporibus
1054 458 1181 497 David
1211 459 1289 498 Gat
1309 487 1319 504 ,
1365 465 1406 497 et
1434 458 1604 498 Nathan.

127 517 224 555 Erat
251 523 385 555 autem
414 515 493 568 ipsi
524 514 653 554 David
671 517 762 554 Dux
782 516 906 565 Joad,
935 515 1044 553 filius
1071 516 1258 566 Sarviae‚
1290 515 1442 554 sororis
1461 516 1604 558 David.

126 573 204 612 Hic
234 573 504 612 dinumeravit
532 573 753 625 populum,
793 579 834 612 et
866 579 953 611 erat
979 585 1196 622 numerus,
1239 586 1340 624 quos
1378 574 1606 612 numeravit

127 630 301 669 filiorum
325 631 447 668 Israel
475 630 622 668 millies
654 631 804 669 centies
833 629 1010 669 milleni:
1038 629 1111 667 filii
1136 636 1270 669 autem
1292 630 1393 668 Juda
1413 631 1603 682 quadrin-

126 688 278 739 genties
301 687 449 740 septies
470 687 633 725 milleni.
695 688 791 726 Levi
811 693 941 725 autem
967 692 1007 725 et
1026 686 1234 739 Benjamin
1262 701 1343 726 non
1364 687 1605 727 dinumera-

123 745 194 784 vit.
255 745 455 783 Numerus
477 751 608 782 autem
626 757 764 784 eorum
786 745 854 796 qui
877 744 1111 783 ceciderunt
1139 757 1191 782 ex
1211 745 1355 792 Israel,
1386 758 1488 784 Lxx.

241 803 336 840 Post
360 800 487 839 David
514 807 671 850 autem,
699 808 842 852 regnat
869 802 1056 840 Salomon
1085 799 1192 839 filius
1222 801 1307 853 ejus
1341 802 1453 840 annis
1476 815 1544 840 xz.
1565 809 1606 842 et

125 859 198 898 sub
231 859 320 912 ipso
350 855 485 897 adhuc
506 858 663 897 Nathan
686 858 928 912 prophetat,
961 865 999 898 et
1019 857 1163 898 Achias
1186 872 1237 898 ex
1257 859 1404 909 Selon,
1436 865 1475 898 et
1501 860 1606 899 inter

126 931 194 955 eos
217 914 413 954 Sacerdos
441 916 616 955 Soddoc.

240 975 333 1011 Post
353 974 603 1012 Salomonem
618 1001 627 1019 ,
658 978 799 1023 regnat
819 972 999 1011 Roboam
1019 971 1128 1011 filius
1149 972 1236 1025 ejus
1256 987 1379 1012 annos
1399 987 1487 1014 xlv.
1520 974 1603 1013 Sub

123 1030 203 1070 hoc
225 1030 400 1069 divisum
420 1037 478 1068 est
498 1044 664 1081 regnum
679 1061 689 1079 ,
721 1036 760 1067 et
781 1030 968 1080 regnavit
999 1029 1040 1068 in
1073 1031 1249 1069 Saramia
1275 1031 1486 1070 Jeroboam
1512 1045 1603 1069 ser-

123 1102 198 1126 vus
219 1088 465 1135 salomonia,
498 1088 548 1126 de
571 1087 680 1126 tribu
698 1086 858 1125 Effrem.
919 1087 1138 1140 Prophetat
1157 1095 1311 1139 autem,
1342 1095 1383 1128 et
1400 1088 1473 1128 sub
1487 1089 1604 1128 Jero-

123 1145 240 1184 boam
269 1144 410 1184 Achias
430 1144 648 1194 Selonites,
671 1151 710 1182 et
730 1146 889 1182 Sameas
909 1145 1013 1182 {ilius
1036 1145 1199 1186 Aelami.

236 1203 332 1242 Post
353 1202 554 1251 Roboam,
584 1208 727 1253 regnat
754 1202 872 1240 Abias
892 1201 1000 1240 filius
1021 1202 1107 1255 ejus
1128 1203 1243 1241 annis
1262 1217 1363 1242 xvir.

238 1261 332 1298 Post
349 1260 488 1298 Abiam
505 1291 516 1308 ‚
548 1265 686 1310 regnat
706 1259 811 1297 Asab
833 1258 937 1298 filius
956 1259 1043 1311 ejus
1064 1260 1177 1298 annis
1194 1274 1279 1299 xm.
1330 1261 1410 1298 Hic
1428 1259 1471 1298 in
1497 1266 1603 1299 tem-

123 1331 221 1370 pore
245 1319 460 1355 senectutis
481 1317 602 1369 pedes
622 1316 764 1356 doluit.
785 1315 1077 1367 'Prophetabat
1104 1324 1236 1355 autem
1267 1318 1340 1356 sub
1362 1331 1411 1357 eo
1427 1317 1603 1356 Azarias.

240 1375 335 1413 Post
355 1374 459 1412 Asab
474 1378 491 1423 ‚’
510 1370 658 1425 ¹regnat
678 1373 787 1411 filius
808 1373 892 1425 ejus
912 1373 1107 1425 Josaphat
1128 1375 1242 1413 annis
1262 1388 1361 1416 xxv,
1423 1376 1506 1413 Sub
1524 1375 1604 1414 hoc

122 1430 344 1484 prophetat
377 1431 534 1479 Helias,
576 1437 615 1468 et
643 1429 820 1468 Micheas
851 1429 957 1468 filius
999 1430 1198 1480 Jemblas,
1243 1438 1282 1470 et
1312 1431 1463 1470 Abdias
1496 1431 1605 1470 filius

123 1488 314 1527 Ananiae.
374 1488 456 1527 Sub
478 1487 632 1526 Michea
654 1494 787 1526 autem
809 1493 893 1526 erat
915 1487 1274 1542 pseudopropheta
1295 1489 1479 1529 Sedecias
1499 1489 1604 1528 filius

123 1545 335 1585 cananaei.
451 1589 453 1594 A

237 1604 332 1642 Post
346 1603 558 1655 Josaphat,
589 1609 729 1655 regnat
748 1603 857 1642 filius
879 1605 966 1658 ejus
982 1604 1115 1644 Joram
1134 1604 1247 1644 annis
1266 1618 1337 1646 xx.
1362 1612 1402 1645 et
1419 1606 1494 1645 sub
1514 1608 1605 1659 ipso

124 1660 345 1713 prophetat
367 1660 520 1707 Helias,
553 1667 593 1700 et
620 1668 713 1714 post
733 1660 843 1700 hunc
873 1661 1092 1714 prophetat
1112 1663 1295 1702 Heliseus
1321 1663 1396 1702 sub
1430 1663 1512 1703 filio
1538 1664 1607 1702 Jo-

123 1732 209 1756 ram
228 1717 426 1767 Ochozia,
458 1718 532 1756 sub
553 1732 633 1770 quo
655 1719 833 1771 populus
856 1721 896 1757 in
918 1720 1092 1758 Samaria
1119 1720 1226 1759 filios
1242 1734 1359 1770 suos,
1392 1727 1431 1760 et
1448 1728 1603 1769 stercus
1627 1725 1662 1759 V
1679 1725 1750 1762 335

124 1774 395 1813 columbinum
418 1775 705 1824 manducabat,
739 1783 931 1827 regnante
949 1777 988 1815 in
1011 1778 1186 1816 Samaria
1205 1778 1351 1817 Joram.

237 1833 333 1871 Post
360 1833 492 1871 Joram
518 1834 702 1884 regnavit
731 1833 839 1872 filius
862 1834 947 1887 ejus
971 1834 1172 1875 Ochozias
1201 1849 1305 1874 anno
1334 1833 1437 1874 uno?
1466 1841 1506 1874 et
1527 1835 1602 1874 sub
1625 1841 1656 1876 P
1680 1840 1751 1878 418

121 1889 199 1928 hoc
216 1888 434 1942 prophetat
454 1889 606 1929 Gothol
628 1898 668 1929 et
688 1890 890 1930 Labdone.

238 1948 333 1984 Post
360 1946 490 1989 hunc.
521 1954 661 1996 regnat
692 1947 907 1998 Gotholia,
947 1955 1075 1987 mater
1101 1948 1333 1999 Ochoziae,
1373 1949 1486 1988 annis
1513 1963 1604 1988 vm.

124 2003 238 2051 Quae
254 2017 451 2054 exurgens
476 2005 625 2048 occidit
649 2011 761 2044 natos
779 2005 851 2044 filii
876 2006 965 2044 sui:
996 2013 1080 2045 erat
1100 2007 1206 2045 enim
1228 2007 1278 2045 de
1298 2020 1441 2058 genere
1464 2006 1602 2045 Achab

123 2061 242 2111 Regis
264 2061 407 2099 Israel:
438 2075 554 2100 soror
579 2068 709 2100 autem
732 2062 957 2113 Ochoziae,
987 2064 1148 2102 nomine
1171 2064 1394 2113 Zosabaae,
1425 2078 1516 2102 cum
1536 2078 1604 2101 es-

124 2124 183 2156 set
211 2117 372 2156 Jo'sadae
399 2120 629 2157 Sacerdotis
659 2133 787 2169 uxor,
829 2120 960 2158 furata
989 2127 1048 2159 est
1084 2121 1196 2170 Joas,
1226 2121 1351 2159 filium
1389 2120 1603 2170 Ochoziae,

125 2174 191 2213 cui
211 2175 351 2212 Jo‘i‘ada
369 2176 563 2214 Sacerdos
584 2176 781 2228 imposuit
799 2178 1076 2228 regimonium.
1132 2177 1355 2231 Prophetat
1374 2183 1506 2217 autem
1526 2179 1602 2217 sub

127 2231 317 2270 Gotholia
338 2232 504 2272 Eliseus.

239 2290 335 2327 Post
352 2288 477 2339 hanc,
509 2296 648 2338 regnat
668 2290 757 2328 Joas
779 2290 883 2328 filius
904 2291 1106 2330 Ochoziae
1127 2290 1241 2333 annis
1256 2305 1325 2331 XL.
1373 2291 1449 2331 Hic
1467 2292 1602 2332 inter-

127 2345 224 2384 fecit
246 2345 478 2384 Zachariam
502 2346 628 2385 filium
646 2347 807 2387 Jo‘iadae
827 2348 1071 2387 Sacerdotis.

240 2404 335 2441 Post
353 2404 460 2452 Joas,
490 2404 675 2454 regnavit
697 2405 804 2443 filius
825 2404 908 2457 ejus
927 2405 1105 2444 Amasias
1126 2406 1238 2445 annis
1255 2419 1349 2445 v111.

203 2463 208 2465 ’
241 2461 338 2498 Post
358 2461 580 2511 Amasiam,
614 2469 754 2512 regnat
783 2462 889 2501 filius
917 2462 1002 2515 ejus
1024 2463 1144 2500 Ozias
1170 2463 1284 2502 annis
1301 2460 1400 2503 ΙΛΙ.χ
1434 2463 1510 2502 Hic
1537 2464 1600 2503 le-

127 2529 273 2568 prosus
301 2518 380 2555 suit
398 2532 607 2571 usquequo
630 2526 864 2560 moreretur.
920 2520 1133 2558 Judicabat
1159 2527 1293 2560 autem
1322 2521 1396 2560 sub
1428 2535 1474 2560 eo
1504 2521 1600 2559 Joa-

128 2572 241 2611 tham
262 2573 366 2612 filius
389 2576 489 2627 ejus.
548 2575 942 2628 Prophetabantsub
967 2577 1065 2615 Ozia
1089 2577 1236 2627 Amos,
1267 2585 1304 2616 et
1335 2578 1470 2617 Esaias
1496 2577 1601 2616 filius

128 2630 215 2682 ejus
228 2663 239 2681 ⁷
270 2637 309 2668 et
327 2632 451 2670 Oseae
474 2632 579 2671 filius
599 2633 744 2672 Beheri
758 2662 768 2679 ,
801 2641 838 2673 et
856 2633 974 2672 Jonas
993 2634 1101 2672 filius
1123 2634 1283 2673 Amathi
1306 2649 1355 2674 ex
1379 2636 1513 2673 Gofer.

176 2688 178 2691 ’
241 2688 337 2726 Post
356 2689 517 2738 Oziam,
545 2698 686 2741 regnat
702 2691 810 2729 filius
830 2691 914 2743 ejus
933 2690 1116 2729 Joatham
1143 2692 1255 2730 annis
1271 2705 1360 2732 xw.
1405 2692 1500 2737 *Sub
1519 2691 1600 2730 hoc

128 2743 354 2795 Prophetae
376 2746 510 2784 Esaias
523 2777 533 2797 ‚
557 2748 681 2797 Osee,
700 2748 878 2787 Micheas
896 2748 1134 2798 Morathita,
1157 2755 1197 2787 et
1216 2749 1301 2787 Joel
1321 2748 1426 2787 filius
1445 2750 1598 2789 Batuel.

246 2801 339 2840 Post
357 2802 558 2854 Joatham,
589 2805 854 2856 regnat'filius
875 2806 960 2858 ejus
981 2806 1113 2844 Achas
1141 2805 1254 2844 annis
1273 2820 1341 2844 xv.
1370 2812 1409 2844 et
1425 2807 1498 2845 sub
1520 2806 1598 2846 hoc

129 2856 355 2910 Prophetae
374 2860 533 2912 Esaias,
565 2863 667 2902 Osee
689 2869 726 2902 et
745 2862 936 2903 Micheas:
967 2864 1162 2903 Sacerdos
1180 2868 1313 2902 autem
1333 2863 1455 2903 Urias.
1514 2864 1596 2903 Sub
