1884 3262
620 221 1022 267 PRAEFATIO.
1490 226 1554 274 43

91 352 236 377 annum
256 352 368 377 suum
393 343 636 388 agnosceret.
693 339 822 391 Atque
839 339 932 378 inde
953 340 1114 388 factum,
1142 343 1189 377 ut
1206 336 1390 390 deinceps
1408 337 1553 376 istius-

91 395 200 433 modi
227 394 482 433 paschalibus
509 401 625 433 notae
654 394 752 434 istae
787 410 921 434 omnes
955 395 1268 446 Chronologicae
1302 408 1554 446 apponeren-

91 458 179 499 tur,
221 464 387 502 quarum
419 451 672 503 caeteroquin
711 453 884 502 origines
922 458 962 490 et
991 452 1318 490 characterismos
1348 451 1556 489 Chronicis

93 508 174 546 suis
196 508 597 547 demonstrationibus
620 508 805 547 interseri
823 508 964 546 debere
990 514 1232 546 censuerunt
1251 508 1392 546 deinde
1416 508 1556 559 cyclo-

90 578 178 604 rum
203 565 443 605 conditores.
503 567 633 616 Atque
659 563 756 603 hinc
783 578 882 603 usus
900 565 1067 603 invaluit
1084 572 1131 603 ut
1147 564 1226 602 hac
1243 565 1322 616 ipsi
1347 571 1556 603 uterentur

92 619 280 659 methodo
312 622 362 659 ad
394 628 641 674 temporum,
682 622 825 674 quibus
850 635 986 660 eorum
1014 621 1263 674 potissimum
1289 621 1471 660 nituntur
1490 634 1556 660 re-

92 677 227 728 gulae,
257 677 467 717 certiorem
487 678 680 717 rationem
699 678 1026 730 investigandam.

203 823 373 862 XXXV.
431 823 492 862 Ex
530 823 658 862 missis
694 823 816 875 igitur
855 823 906 863 ad
948 823 1122 874 singulas
1158 822 1352 861 Ecclesias
1382 824 1724 876 quolibetTabulae

93 892 196 917 anno
221 879 411 931 Epistolis
438 880 526 918 istis
556 881 803 932 Encyclicis,
834 881 1158 919 describebantur
1182 880 1225 918 in
1243 880 1417 929 Tabula,
1457 895 1557 931 quae
1571 875 1758 928 paschales.

90 935 134 972 in
157 935 320 974 aedibus
339 936 462 974 sacris
483 937 805 988 appendebatur,
835 944 996 990 praeter
1015 938 1141 986 diem,
1172 950 1252 988 quo
1276 937 1559 975 celebrandum
1569 920 1660 967 apud
1680 921 1778 955 ΜΨ

91 998 176 1030 erat
204 991 395 1031 Paschale
424 993 604 1041 Festum,
635 1007 760 1031 annus
778 994 865 1045 ipse
895 1008 974 1046 quo
998 1007 1066 1032 eae
1087 994 1146 1031 uti
1174 993 1378 1042 solebant,
1407 1007 1452 1031 ac
1469 1007 1561 1032 cae-
1606 978 1677 1001 ”⁰⁵⁶

91 1050 168 1086 teri
195 1048 337 1087 deinde
367 1063 560 1088 annorum
584 1049 902 1100 characterismi,
928 1051 1060 1089 varias
1090 1050 1199 1102 apud
1219 1056 1352 1100 gentes
1379 1050 1443 1088 vel
1460 1050 1562 1088 civi-

92 1110 192 1142 tates
213 1105 385 1157 recepti,
413 1113 460 1144 ut
485 1106 550 1144 vel
567 1106 660 1145 inde
681 1113 834 1158 pateret
866 1107 909 1145 in
936 1108 1160 1158 peragendo
1191 1105 1385 1145 Paschate
1410 1119 1562 1158 perpe-

92 1166 206 1199 tuum
228 1175 311 1200 esse
339 1162 534 1201 Ecclesiae
561 1176 817 1213 consensum,
852 1163 1083 1215 nullamque
1114 1170 1249 1201 extare
1281 1163 1324 1200 in
1349 1169 1433 1201 toto
1461 1163 1558 1202 orbe
1582 1169 1614 1202 V
1636 1169 1681 1205 27

93 1216 375 1256 diversitatem.
431 1219 570 1271 Neque
594 1219 755 1258 aliunde
784 1220 986 1258 variarum
1017 1220 1225 1259 civitatum
1261 1233 1308 1257 ac
1326 1220 1563 1258 Provincia-

91 1287 182 1312 rum
211 1288 404 1312 annorum
427 1274 538 1313 initia
555 1275 690 1314 hausit
719 1277 894 1328 scriptor
912 1277 1077 1329 hujusce
1101 1276 1311 1325 Chronici,
1342 1276 1565 1328 Aegyptio-

34 1336 37 1339 '
93 1344 206 1380 rum,
247 1331 581 1380 Seleuciensium,
623 1332 966 1383 Ascalonitarum,
1013 1332 1440 1385 Philadelphiensium‚
1485 1334 1564 1370 Ga-

92 1386 290 1434 zensium,
340 1387 699 1437 Antiochenorum,
753 1389 1118 1440 Syromacedonum
1166 1395 1204 1427 et
1251 1389 1560 1440 Apamiensium,
1588 1397 1617 1430 P
1642 1397 1688 1432 30

94 1443 428 1494 Comagenorum,
477 1444 828 1494 Samosatensium,
883 1446 1141 1484 Petraeorum
1186 1450 1226 1483 et
1265 1446 1565 1494 Bostrenorum,

93 1506 214 1550 atque
243 1500 341 1538 adeo
372 1514 566 1539 annorum
601 1501 854 1550 Diocletiani,
885 1516 1004 1553 quam
1030 1502 1078 1539 ab
1105 1501 1301 1554 ejusmodi
1321 1502 1565 1553 populorum

94 1561 134 1593 et
154 1556 361 1595 civitatum
383 1556 619 1607 Paschaliis,
651 1557 758 1609 quod
787 1558 873 1610 ipse
903 1559 997 1596 satis
1021 1564 1212 1606 testatur,
1245 1557 1314 1595 ubi
1341 1557 1390 1596 de
1425 1558 1567 1596 iisdem

28 1623 33 1629 ‘
95 1612 207 1650 annis
227 1613 463 1652 Diocletiani
486 1614 689 1665 loquitur,
721 1615 812 1652 loco
842 1615 982 1667 paullo
1008 1621 1098 1653 ante
1124 1615 1259 1653 allato.
1317 1613 1422 1651 Hinc
1449 1615 1567 1653 etiam

95 1668 288 1707 docemur
317 1683 388 1707 cur
418 1671 545 1708 notati
573 1671 774 1709 interdum
812 1671 995 1722 legantur
1023 1685 1178 1710 menses
1208 1671 1492 1722 Aegyptiorum
1526 1671 1568 1709 in

34 1758 38 1766 .
93 1738 226 1764 rerum
254 1725 633 1777 Chronologicarum
660 1727 977 1778 narrationibus,
1008 1727 1103 1779 quia
1133 1727 1286 1765 scilicet
1314 1740 1380 1765 eae
1400 1727 1570 1765 desum-

93 1788 185 1833 ptae
206 1789 298 1820 sunt
320 1796 370 1821 ex
389 1783 644 1821 Paschalibus
663 1783 1044 1833 Alexandrinorum,
1076 1784 1185 1836 quod
1207 1783 1325 1821 etiam
1354 1783 1568 1822 dicendum

95 1838 144 1876 de
163 1838 282 1877 rebus
299 1838 664 1890 Antiochenorum,
695 1854 866 1891 quorum
883 1855 946 1880 res
967 1847 1006 1879 et
1026 1841 1116 1879 anni
1138 1839 1389 1892 saepiuscule
1412 1840 1568 1879 descri-

94 1894 257 1936 buntur.
316 1897 416 1934 Eum
449 1903 580 1935 autem
609 1897 825 1936 invaluisse
853 1897 895 1935 in
918 1898 1172 1937 Graecanicis
1196 1897 1383 1936 Ecclesiis
1414 1911 1566 1935 morem

94 1953 190 1989 satis
215 1952 300 2004 ipse
319 1953 453 1992 innuit
474 1953 660 1991 Chronici
695 1953 897 1992 Paschalis
922 1955 1096 2007 scriptor
1117 1953 1182 2003 ¹),
1214 1954 1309 1991 dum
1336 1953 1394 1991 ait
1420 1954 1567 2005 cyclo-

93 2022 183 2046 rum
204 2010 450 2047 confectores
475 2023 520 2047 ac
539 2016 786 2062 repertores,
817 2025 896 2048 non
924 2011 1015 2049 illos
1040 2011 1162 2049 modo
1188 2010 1229 2048 in
1260 2012 1565 2048 commentarios

93 2065 298 2115 retulisse,
329 2065 397 2103 sed
418 2065 534 2104 etiam
557 2066 776 2118 descriptos
802 2067 846 2104 in
865 2067 1012 2106 tabulis
1043 2067 1087 2104 in
1105 2067 1294 2106 Ecclesiis
1315 2067 1565 2117 appendisse.

94 2121 214 2173 Apud
237 2121 396 2159 Latinos
418 2135 513 2160 vero
536 2122 686 2174 pariter
715 2123 969 2162 observatum
1000 2129 1197 2162 testantur
1227 2123 1269 2160 in
1296 2123 1434 2174 primis
1452 2123 1566 2160 Indi-

96 2178 176 2216 culi
197 2179 277 2228 illi,
308 2191 378 2216 seu
393 2176 610 2226 Breviculi,
633 2179 693 2216 uti
712 2186 910 2218 vocantur
930 2180 973 2218 in
995 2181 1171 2218 Concilio
1198 2179 1434 2217 Bracarensi
1452 2193 1510 2218 111.
1524 2178 1565 2229 ²)

97 2248 197 2286 quos
215 2234 339 2273 cereis
363 2234 443 2272 suis
473 2234 677 2273 annuatim
704 2249 772 2274 eae
800 2237 1026 2288 appendere
1050 2237 1201 2284 solent,
1235 2235 1283 2273 de
1305 2235 1449 2286 quibus
1467 2249 1566 2288 prae

97 2292 263 2330 caeteris
283 2291 415 2340 Beda,
446 2297 485 2331 et
505 2291 570 2329 alii
595 2305 695 2342 quos
722 2292 931 2331 laudamus
955 2293 996 2331 in
1018 2293 1220 2331 Glossario
1242 2292 1392 2330 mediae
1414 2292 1569 2330 Latini-

96 2349 189 2386 tatis
211 2347 282 2399 ³):
313 2362 332 2384 a
358 2361 437 2399 quo
467 2348 625 2399 quidem
658 2348 739 2386 ritu
768 2362 788 2385 a
822 2349 986 2387 Graecis
1010 2350 1219 2388 observato
1251 2348 1447 2400 profluxit
1467 2349 1569 2387 alter

98 2405 166 2456 qui
192 2418 298 2442 nunc
327 2410 500 2456 perstat,
528 2404 735 2443 Paschalia
763 2419 833 2443 sua
864 2406 1154 2455 concinnandi,
1193 2406 1235 2443 in
1267 2405 1409 2456 quibus
1440 2419 1571 2443 anno-

99 2467 235 2499 tantur
264 2461 348 2499 dies
377 2462 584 2513 utriusque
614 2460 842 2509 Paschatis,
880 2463 1016 2512 legalis
1054 2469 1091 2500 et
1130 2461 1283 2514 typici,
1323 2462 1569 2512 aliorumque

97 2517 305 2556 Festorum
339 2517 568 2567 mobilium,
598 2531 698 2569 quae
728 2518 880 2557 scilicet
899 2533 920 2555 a
945 2518 1144 2557 Paschalia
1167 2518 1272 2557 Festi
1295 2517 1358 2556 die
1381 2518 1569 2569 pendent,

98 2588 190 2612 cum
209 2573 367 2625 jejuniis
385 2588 455 2612 seu
476 2574 796 2625 Quadragesimis
831 2590 852 2612 a
876 2576 1039 2613 Graecis
1059 2576 1180 2625 vulgo
1206 2575 1410 2614 observari
1429 2572 1568 2612 solitis.

98 2629 303 2682 Ejusmodi
337 2637 397 2668 est
429 2630 638 2681 Paschule,
669 2631 778 2683 quod
807 2632 855 2670 ab
885 2646 986 2671 anno
1008 2632 1149 2670 mundi
1168 2631 1317 2671 conditi
1346 2630 1458 2683 juxta
1478 2643 1569 2669 eos-

144 2799 188 2864 Ξ)
212 2799 252 2833 In
275 2799 426 2833 Praefat.

145 2845 187 2933 δὲ
210 2845 303 2926 illinit..
320 2847 469 2924 {erens
