1884 3262
299 203 400 251 306
863 202 1185 247 NOTAE

301 313 497 368 quicquid
525 313 575 353 de
602 312 713 352 hisce
742 311 893 352 Christi
925 313 1141 368 Discipulis
1172 328 1194 353 a
1223 313 1428 354 veteribus
1459 314 1573 354 etiam
1594 314 1771 367 ‘quibus-

300 372 391 411 dam
423 370 697 422 Scriptoribus
727 369 874 421 dubiae
904 371 1059 424 pariter
1085 371 1180 410 fidei
1209 371 1413 423 proditum
1433 378 1514 422 est,
1546 372 1769 425 Hippolyto

298 429 448 467 scilicet
488 427 608 479 Tyri,
655 433 696 466 et
732 426 957 480 Epiphanio
997 429 1121 481 Cypri
1159 428 1389 480 Episcopis,
1439 428 1498 467 uti
1537 430 1769 480 praeferunt

298 485 405 524 MSS.
436 484 622 534 Codices,
659 497 681 522 a
718 485 975 536 supposititio
1013 486 1082 524 illo
1123 484 1328 524 Dorotheo
1357 484 1545 524 haustum
1583 485 1669 526 fere
1701 485 1768 536 sit,

299 541 408 580 haud
439 541 612 579 alienum
641 540 739 579 duxi
770 540 820 580 ab
852 541 1059 591 instituto,
1091 542 1124 580 si
1156 541 1205 580 ad
1235 542 1420 580 Auctoris
1450 540 1641 580 Chronici
1668 542 1768 581 illu-

298 597 557 649 strationem,
600 597 760 636 susioris
790 597 882 638 vice
909 598 1190 638 Commentarii
1208 627 1219 647 ,
1270 611 1320 636 ex
1359 598 1457 643 βοά.
1497 599 1618 649 Regio
1655 599 1766 638 illius

299 655 539 707 opusculum
567 653 760 694 hactenus
781 654 978 707 integrum
998 655 1193 694 ineditum
1209 653 1305 692 huic
1326 654 1568 693 subderetur
1609 654 1768 708 Quippe

299 725 399 764 quae
428 725 502 751 xn.
532 710 768 763 Apostolos,
801 717 841 751 et
867 726 964 751 Lxx.
996 713 1222 765 Discipulos
1251 710 1449 750 duntaxat
1477 717 1672 763 spectant,
1701 711 1768 750 la·-

297 770 382 808 tine
411 781 524 807 versa
555 767 756 807 habentur
782 767 825 806 in
853 768 1104 808 Bibliotheca
1128 770 1315 819 Patrum,
1347 769 1511 807 caeteris
1529 767 1639 807 haud
1662 781 1789 810 con-b„

297 825 522 865 temnendis
550 825 728 875 omissis,
757 830 804 864 ut
834 839 936 877 quae
963 840 1045 865 non
1073 826 1217 875 modo,
1249 825 1359 876 quod
1390 825 1572 864 fueritin
1595 839 1642 864 eo
1659 832 1768 864 con-'-

298 881 509 921 scribendo
539 882 725 921 Auctoris
752 883 987 932 consilium,
1028 882 1098 921 sed
1139 895 1303 936 pravam
1344 882 1463 920 etiam
1498 883 1607 921 illius
1646 881 1767 921 fidem

298 945 435 992 aperte
463 938 649 992 prodant.
706 939 752 976 In
794 952 840 977 eo
878 939 980 978 enim
1021 939 1151 979 omnia
1187 940 1271 978 fere
1311 935 1536 989 οἷσύστατα,
1577 939 1767 990 verisque

298 995 400 1035 falsa
429 989 597 1034 admista
626 1001 745 1046 sunt,
785 995 858 1034 ubi
886 1009 1085 1047 nusquam
1119 996 1197 1035 sibi
1227 1001 1405 1046 constat,
1433 995 1767 1034 anachronismo-

297 1066 389 1092 rum
417 1052 562 1105 quibus
583 1058 716 1091 scatet
750 1053 864 1091 nulla
903 1052 1039 1092 habita
1075 1053 1241 1092 ratione.
1297 1052 1378 1091 Sed
1407 1058 1448 1091 et
1487 1052 1682 1104 q'uicquid
1715 1052 1766 1091 de

296 1123 391 1148 Lxx.
409 1109 627 1162 Discipulis
643 1109 812 1160 ingerit,
841 1123 894 1148 ex
924 1110 1149 1149 nominibus
1176 1123 1281 1162 qnae
1308 1108 1508 1149 habentur
1536 1109 1578 1148 in
1607 1107 1768 1161 Episto-

294 1166 346 1205 lis
377 1166 587 1205 Canonicis
619 1166 874 1217 desumptum
904 1173 983 1219 est,
1009 1167 1108 1205 adeo
1140 1173 1187 1205 ut
1215 1167 1264 1204 iis
1298 1167 1442 1205 Caesar
1474 1165 1591 1205 etiam
1620 1179 1768 1206 accen·-

295 1230 455 1273 seatur,
497 1223 610 1274 quod
640 1222 818 1261 Caesaris
849 1237 919 1261 seu
958 1223 1216 1276 imperatoris
1248 1223 1394 1260 Paulus
1422 1222 1667 1273 meminerit,
1706 1222 1768 1261 uti

298 1294 320 1318 a
353 1279 452 1318 viris
481 1279 609 1318 doctis
639 1279 796 1331 pridem
826 1285 885 1318 est
911 1279 1182 1320 observatum.
1221 1279 1447 1327 Quinetiam
1476 1279 1664 1319 Auctoris
1692 1293 1768 1318 no·-

296 1350 388 1375 men
416 1336 549 1388 ipsum
577 1334 767 1374 fictitium
797 1342 874 1375 est:
903 1349 1034 1388 neque
1063 1336 1168 1375 enim
1197 1334 1423 1374 Dorotheus
1454 1335 1520 1375 ille
1550 1337 1703 1388 Martyr
1725 1336 1768 1374 in

293 1406 431 1432 rerum
460 1398 607 1431 natura
635 1405 815 1443 unquam
842 1392 948 1451 fuit,
993 1393 1053 1432 uti
1089 1406 1209 1445 supra
1246 1392 1471 1444 attigimus,
1515 1406 1646 1446 neque
1692 1393 1769 1432 ista

295 1463 398 1502 quae
434 1449 544 1488 illius
582 1449 743 1488 nomine
785 1450 1123 1490 circumferuntur
1163 1449 1311 1503 Tyrius
1352 1449 1439 1501 ipse
1468 1450 1591 1503 latine
1622 1450 1770 1491 Romae

293 1507 473 1559 scripsit,
503 1519 607 1558 quae
634 1506 804 1545 conficta
832 1512 926 1545 sunt
962 1507 1010 1545 ab
1043 1505 1180 1558 otiosis
1209 1513 1248 1545 et
1278 1506 1405 1545 malae
1426 1506 1521 1545 fidei
1542 1506 1768 1556 Graeculis,

295 1563 367 1617 qui
403 1562 552 1602 Romae
592 1563 745 1602 Veteris
786 1564 1004 1618 primatum
1039 1563 1179 1615 iniquo
1219 1564 1390 1602 ¹ferentes
1427 1563 1587 1612 animo,
1630 1564 1770 1603 Novae

293 1619 615 1673 praerogativam
644 1619 784 1671 quavis
812 1620 970 1659 ratione
999 1633 1173 1660 asserere
1202 1633 1360 1673 semper
1389 1627 1484 1659 sunt
1509 1620 1661 1659 annixi.
1698 1619 1770 1658 At-

294 1690 374 1732 que
400 1676 444 1716 id
472 1690 566 1716 sane
595 1676 754 1715 consilii
780 1677 876 1716 satis
905 1677 1033 1730 aperit
1068 1677 1137 1716 ille
1167 1691 1190 1716 a
1220 1690 1302 1729 quo
1332 1676 1525 1716 confictus
1551 1683 1635 1726 est,
1673 1675 1768 1728 qui.

295 1746 375 1787 que
402 1747 516 1772 suam
546 1738 714 1772 aetatem
743 1733 905 1788 prodit,
941 1733 1235 1787 ὑποβολιμαῖος
1272 1734 1342 1774 ille
1378 1733 1627 1783 Dorotheus,
1666 1732 1767 1773 dum

294 1795 390 1842 post
415 1789 636 1830 recensitos
663 1803 759 1828 Lxx.
789 1789 940 1830 Christi
970 1791 1198 1843 Discipulos
1220 1818 1231 1837 ,
1271 1790 1477 1843 Byzantiis
1515 1790 1635 1842 longe
1673 1795 1768 1833 ante

295 1859 414 1898 quam
447 1846 634 1885 Romanis
665 1845 928 1886 Christianam
957 1846 1094 1886 Fidem
1134 1847 1401 1899 praedicatam
1438 1847 1560 1886 fuisse
1592 1845 1766 1899 probare

294 1903 526 1952 contendit,
567 1903 743 1954 indeque
779 1903 1220 1956 Constantinopolitano
1250 1903 1452 1956 Episcopo
1480 1903 1631 1956 primas
1658 1916 1767 1956 par·-

292 1965 353 1999 tes
383 1959 522 2005 deberi
551 1958 738 2009 conficit,
769 1966 927 2012 captata
953 1958 1103 1999 exhinc
1132 1961 1342 1999 occasione
1360 1960 1647 2012 Byzantiorum
1673 1960 1767 2013 Epi-

295 2029 512 2070 scoporum
542 2016 591 2054 ab
621 2029 760 2055 eorum
788 2016 921 2069 primo
953 2015 1103 2068 Stachy
1132 2017 1182 2055 ad
1213 2015 1514 2069 Metrophanem
1543 2029 1672 2069 usque
1701 2030 1766 2055 ca·
1806 2065 1809 2070 f

288 2074 471 2123 talogum
500 2078 538 2111 et
567 2073 710 2125 seriem
735 2073 995 2125 pertexendi,
1026 2074 1093 2112 vel
1115 2072 1237 2113 etiam
1265 2073 1370 2112 forte
1389 2071 1650 2124 confingendi.
1681 2072 1764 2122 Qui

292 2130 455 2183 quidem
483 2129 579 2176 licet
607 2143 794 2181 prorsus,
831 2136 879 2169 ut
906 2129 1102 2179 diximus,
1142 2129 1337 2169 confictus
1367 2130 1439 2180 sit,
1474 2130 1600 2170 futilis
1626 2136 1762 2170 rtamen

293 2187 468 2226 auctoris
494 2183 602 2238 apud
632 2186 851 2225 Graeculos
880 2200 926 2225 ea
966 2186 1136 2225 invaluit
1175 2186 1420 2237 auctoritas,
1468 2193 1516 2226 ut
1552 2200 1628 2240 pro
1663 2200 1762 2226 vero

291 2241 451 2281 habitus
491 2243 544 2282 sit
581 2256 628 2287 ac
666 2243 860 2294 genuino,
899 2242 998 2282 adeo
1027 2249 1072 2282 ut
1107 2242 1219 2282 hunc
1247 2243 1500 2296 Nicephorus
1529 2243 1616 2296 ipse
1649 2243 1761 2283 Con-

291 2299 667 2352 stantinopolitanus
697 2298 928 2339 patriarcha
955 2299 996 2339 in
1017 2313 1128 2338 suam
1145 2299 1455 2352 Chronologiam
1475 2300 1612 2341 eadem
1636 2299 1761 2356 omni-

150 2365 180 2399 P
203 2364 271 2402 525
293 2369 348 2395 no
377 2355 478 2396 serie
506 2356 711 2406 retulerit,
749 2357 846 2396 licet
874 2362 986 2395 totus
1011 2357 1090 2395 iste
1114 2357 1328 2396 Tractatus
1367 2357 1530 2395 insulsis
1559 2356 1762 2396 narratio-

296 2411 439 2461 nibus,
480 2425 527 2451 ac
566 2412 750 2453 ridiculis
788 2412 1128 2463 anachronismis,
1178 2420 1225 2452 ut
1258 2414 1371 2459 dixi,
1408 2413 1560 2465 ubique
1592 2419 1759 2454 scateat.

290 2467 479 2522 Byzantii
517 2468 667 2521 quippe
712 2468 1000 2521 Episcoporum
1042 2470 1269 2521 catalogum
1287 2512 1291 2513 ⁷
1310 2469 1359 2508 ab
1397 2469 1486 2522 ipso
1508 2471 1571 2513 ¹8.
1601 2468 1760 2509 Andrea

291 2526 459 2579 repetit,
488 2525 559 2564 ves
581 2531 687 2563 certe
714 2540 738 2564 a
767 2525 939 2578 Stachy,
969 2540 1087 2578 quem
1116 2526 1165 2565 ab
1194 2540 1240 2565 eo
1260 2522 1417 2565 'sactum
1445 2526 1629 2579 Byzantii
1658 2525 1760 2578 spi-

294 2595 463 2637 scopum
485 2581 562 2630 ait,
593 2581 709 2634 eique
735 2595 1010 2621 successorum
1040 2583 1270 2622 continuam
1298 2583 1441 2622 seriem
1457 2582 1623 2634 effingit,
1655 2596 1759 2622 con-

292 2644 354 2679 tra
384 2652 502 2692 quam
531 2637 622 2678 fidei
651 2638 790 2691 paullo
818 2638 1048 2679 sincerioris
1076 2639 1274 2692 Georgius
1303 2639 1506 2679 Cedrenus
1534 2639 1578 2679 in
1606 2640 1756 2679 Severo

247 2718 250 2728 ι
291 2709 333 2748 p.
362 2697 460 2742 266.
499 2700 539 2735 et
574 2695 748 2749 Symeon
780 2695 1000 2748 Logotheta
1039 2696 1081 2735 in
1125 2695 1273 2739 Chron.
1303 2695 1383 2734 MS.
1424 2695 1494 2736 ubi
1522 2696 1595 2734 illo
1623 2695 1755 2748 impe-

291 2758 406 2793 rante
434 2750 608 2805 primum
646 2751 907 2797 constitutum
946 2765 1031 2792 esse
1059 2753 1242 2806 Byzantii
1269 2752 1515 2805 Episcopum
1541 2751 1755 2801 Philadel-

291 2806 419 2863 phum
449 2807 581 2862 (cujus
610 2807 834 2848 Dorotheus
863 2809 938 2848 iste
964 2823 1047 2849 non
1073 2807 1267 2864 meminit)
1307 2816 1347 2849 et
1383 2823 1507 2850 annos
1535 2823 1594 2852 111.
1623 2822 1753 2863 prae·-

293 2865 416 2904 fuisse
446 2865 649 2916 scribunt,
679 2877 770 2905 cum
799 2871 891 2906 ante
918 2866 1143 2906 octennium
1168 2866 1368 2907 Ecclesiae
1395 2866 1634 2919 praefuisset
1656 2866 1749 2919 qui—-
