1884 3262
282 174 381 218 200
600 173 840 217 SELECTA
868 174 941 216 AD
977 174 1463 226 ILLUSTRATIONEM

392 282 551 334 paravit
583 281 631 320 de
659 283 834 321 Ecclesia
862 283 1150 334 Novatianum,
1181 292 1221 325 et
1251 285 1444 338 quosdam
1474 285 1736 336 confessores,

391 344 601 390 postquam
632 338 789 390 Moyses
817 340 862 386 in*
902 354 1060 379 carcere
1095 340 1305 380 defunctus
1344 349 1424 392 est,
1465 342 1536 394 qui
1573 342 1652 381 fuit
1680 342 1735 380 ibi

390 408 541 432 menses
572 394 776 446 undecim,
807 396 890 435 dies
919 397 1115 436 undecim.

281 452 501 490 Continuus
531 464 653 489 annos
684 451 808 502 duos,
838 466 991 492 menses
1021 460 1124 504 tres,
1156 454 1240 494 dies
1271 453 1424 493 decem.
1483 451 1517 491 A
1547 453 1734 491 Consuli-

390 506 465 546 bus
506 507 625 545 Decio
655 507 720 547 IV.
765 514 804 547 et
852 510 974 549 Decio
1013 510 1064 550 ΙΙ.
1106 523 1232 562 usque
1269 509 1385 561 Gallo
1425 515 1464 547 et
1501 509 1733 548 Volusiano.

388 562 470 601 Sub
509 563 757 616 Episcopatu
794 564 879 618 ejus
915 567 1092 606 Novatus
1131 573 1244 606 extra
1282 565 1499 606 Ecclesiam
1535 565 1734 606 ordinavit

386 619 650 658 Novatianum
691 621 734 659 in
768 622 868 662 urbe
905 623 1058 672 Roma,
1106 629 1146 662 et
1192 623 1460 661 Nicostratum
1507 621 1549 659 in
1583 622 1733 663 Africa.

384 675 471 713 Hoc
501 675 630 726 facto,
673 677 928 718 confessores
946 707 957 726 ‚
997 679 1066 731 qui
1095 693 1137 718 se
1166 685 1451 732 separaverunt
1481 692 1502 717 a
1532 678 1733 730 Cornelio,

388 744 478 771 cum
506 732 680 772 Maximo
709 734 966 788 Presbytero,
996 735 1065 788 qui
1095 749 1186 775 cum
1213 736 1351 787 Moyse
1377 735 1478 786 fuit,
1507 734 1558 773 ad
1586 735 1733 776 Eccle-

387 787 484 827 siam
521 795 616 828 sunt
655 791 830 841 reversi;
879 798 975 846 post
1012 791 1092 832 hoc
1130 791 1408 832 Centumcellis
1445 791 1615 844 expulsi.
1669 791 1733 831 Ibi

383 857 473 884 cum
502 845 627 896 gloria
656 846 932 888 dormitionem
961 849 1127 902 accepit.
1630 855 1632 857 ’

271 902 417 941 Lucms
450 914 574 941 annos
602 908 707 952 tres,
735 917 892 944 menses
921 911 1034 956 octo,
1064 906 1147 944 dies
1175 905 1324 945 decem.
1362 904 1454 944 Fuit
1483 904 1730 957 temporibus

384 957 491 996 Galli
531 966 569 997 et
597 959 825 1012 Volusiani,
876 975 1004 1014 usque
1043 961 1253 1002 Valeriano
1281 961 1351 1001 ΠΙ.
1391 967 1430 1000 et
1470 961 1654 1000 Gallieno
1681 961 1731 1001 Π.

381 1013 460 1052 Hic
488 1015 582 1053 exul
611 1015 711 1066 suit,
741 1022 782 1055 et
809 1023 948 1070 postea
977 1024 1078 1057 nutu
1106 1019 1179 1057 Dei
1206 1017 1415 1057 incolumis
1445 1017 1496 1057 ad
1515 1018 1731 1058 Ecclesiam

280 1111 285 1116 „
380 1083 565 1109 reversus
595 1078 678 1122 est,
711 1073 834 1126 tertio
863 1074 995 1114 Nonas
1024 1075 1212 1125 Martias,
1246 1074 1486 1114 Consulibus
1518 1075 1586 1114 SS.

269 1127 500 1165 S‘rsrmflus
538 1140 660 1167 annos
699 1136 902 1181 quatuor,
943 1144 1097 1171 menses
1137 1132 1260 1182 duos,
1310 1130 1395 1170 dies
1422 1130 1566 1182 viginti
1593 1144 1731 1171 unum.

378 1183 471 1223 Fuit
498 1184 748 1236 temporibus
776 1186 976 1226 Valeriani
1005 1193 1044 1226 et
1074 1188 1262 1237 Gallieni,
1300 1202 1323 1226 a
1352 1187 1570 1226 Consulatu
1598 1188 1731 1229 Volu-

380 1239 479 1277 siani
509 1246 548 1279 et
576 1240 802 1293 Maximini,
831 1256 959 1294 usque
988 1243 1202 1283 Valeriano
1232 1243 1301 1283 111.
1335 1249 1374 1282 et
1403 1244 1583 1282 Gallieno
1614 1244 1665 1283 11.
1723 1282 1730 1288 ,

266 1295 411 1334 ὃιΧτυε
442 1296 552 1334 annis
582 1296 759 1347 duobus,
792 1299 993 1338 mensibus
1025 1299 1234 1350 undecim,
1277 1299 1418 1342 diebus
1449 1313 1532 1338 sex.
1589 1301 1731 1354 Coepit

378 1366 400 1389 a
431 1352 649 1391 Consulatu
679 1353 842 1393 Maximi
872 1362 912 1393 et
942 1355 1189 1407 Glabrionis,
1220 1369 1348 1406 usque
1374 1357 1505 1395 Tusco
1533 1363 1574 1396 et
1590 1357 1728 1408 Basso,

379 1414 418 1446 et
449 1421 590 1460 passus
620 1415 680 1448 est
711 1410 818 1452 VIII.
848 1411 941 1449 Idus
979 1412 1176 1463 Augusti,
1220 1426 1243 1451 a
1273 1412 1490 1451 Consulatu
1527 1413 1650 1452 Tusci
1689 1420 1730 1454 et

376 1464 509 1515 Bassi,
539 1473 676 1517 ”usque
703 1466 746 1505 in
785 1466 848 1507 die
877 1481 949 1508 ΧΠ.
979 1468 1181 1508 Kalendas
1210 1468 1400 1520 Augusti,
1437 1467 1660 1510 Aemiliano
1689 1477 1730 1511 et

375 1521 499 1559 Basso
531 1521 784 1564 Consulibus.

267 1576 484 1616 DJONYSIUS
513 1578 625 1616 annis
656 1585 771 1629 octo,
800 1579 1003 1619 mensibus
1031 1580 1215 1631 duobus,
1245 1580 1385 1621 diebus
1415 1588 1602 1634 quatuor.
1636 1582 1730 1622 Fuit

380 1634 626 1685 temporibus
656 1635 853 1686 Gallieni,
896 1650 947 1675 ex
982 1637 1045 1676 die
1078 1637 1290 1676 undecimo
1325 1639 1594 1678 Kalendarum
1637 1639 1729 1678 Au-

377 1689 508 1741 gusti,
538 1690 761 1731 Aemiliano
791 1698 831 1732 et
858 1692 980 1731 Basso
1011 1693 1271 1743 Consulibus,
1300 1708 1427 1746 usque
1453 1695 1496 1734 in
1527 1695 1627 1734 diem
1659 1709 1730 1735 se-

379 1745 548 1797 ptimum
575 1747 775 1786 Kalendas
803 1748 1004 1799 Ianuarii,
1034 1750 1272 1788 Consulibus
1291 1751 1457 1790 Claudio
1487 1758 1526 1791 et
1544 1752 1728 1794 Paterno.

228 1798 229 1801 ’
265 1800 391 1840 me
422 1801 533 1840 annis
562 1803 762 1855 quinque,
792 1805 995 1844 mensibus
1024 1806 1231 1854 undecim,
1262 1806 1401 1846 diebus
1430 1807 1571 1860 viginti
1604 1809 1726 1861 quin-

373 1871 463 1909 que.
518 1858 612 1897 Fuit
639 1860 887 1912 temporibus
918 1861 1073 1900 Claudii
1103 1869 1143 1901 et
1171 1861 1402 1903 Aureliani:
1444 1878 1466 1902 a
1504 1865 1726 1905 Consulatu

370 1914 528 1952 Claudii
559 1921 599 1953 et
625 1916 807 1965 Paterni,
858 1931 984 1969 usque
1020 1917 1062 1957 in
1092 1919 1350 1958 Consulatum
1378 1919 1582 1960 Aureliani
1610 1922 1656 1962 11.
1686 1928 1725 1961 et

375 1970 600 2022 Capitolini.
1211 1992 1216 1998 ⁴

262 2025 547 2066 Eoi-chmns
595 2028 709 2067 annis
748 2035 865 2079 octo,
913 2030 1114 2070 mensibus
1151 2032 1361 2083 undecim,
1411 2033 1551 2073 diebus
1579 2034 1722 2077 tribus.

372 2083 465 2121 Fuit
504 2085 747 2136 temporibus
774 2085 1002 2138 Aureliani,
1049 2103 1070 2126 a
1101 2089 1321 2128 Consulatu
1349 2088 1550 2130 Aureliani
1579 2091 1650 2132 111.
1683 2099 1723 2132 et

374 2139 617 2191 Marcellini,
656 2154 782 2193 usque
810 2142 852 2181 in
884 2143 989 2182 diem
1018 2158 1089 2183 vn.
1119 2145 1216 2185 ldus
1251 2147 1502 2198 Decembris,
1539 2147 1640 2188 Caro
1669 2149 1720 2189 11.

375 2201 415 2234 et
444 2197 588 2235 Carino
619 2198 871 2249 Consulibus.

257 2251 379 2296 ,Caius
410 2253 522 2291 annis
550 2253 787 2304 duodecim,
806 2255 1016 2295 mensibus
1036 2264 1229 2308 quatuor,
1265 2258 1405 2297 diebus
1427 2265 1610 2312 septem.‘
1627 2260 1720 2300 Fuit

376 2309 622 2361 temporibus
651 2311 743 2349 Cari
771 2318 811 2350 et
840 2313 990 2362 Carini,
1020 2327 1071 2352 ex
1102 2313 1165 2352 die
1191 2328 1276 2354 xv1.
1300 2315 1500 2355 Kalendas
1529 2317 1718 2370 Januarii,

377 2364 613 2404 Consulibus
659 2367 760 2406 Caro
795 2368 846 2407 II.
897 2376 936 2408 et
976 2369 1143 2419 Carino,
1195 2384 1322 2423 usque
1364 2372 1406 2410 in
1440 2386 1481 2411 x.
1516 2374 1718 2414 Kalendas

371 2420 486 2469 Maii,
521 2422 764 2463 Diocletiano
794 2424 858 2464 VI.
887 2431 925 2464 et
955 2426 1187 2466 Constantio
1216 2428 1266 2467 II.
1298 2428 1549 2468 Consulibus.

263 2476 546 2516 MAncELLmns
576 2479 687 2518 annis
717 2486 828 2530 octo,
856 2482 1057 2521 mensibus
1088 2483 1240 2534 tribus,
1270 2484 1408 2523 diebus
1431 2485 1572 2536 viginti
1593 2487 1716 2538 quin-

377 2547 466 2584 que.
511 2534 603 2574 Fuit
637 2537 886 2588 temporibus
930 2539 1162 2578 Diocletiani
1200 2546 1239 2579 et
1266 2541 1527 2590 Maximiani,
1571 2556 1623 2581 ex
1651 2543 1716 2584 die

375 2589 506 2629 Pridie
542 2591 741 2631 Kalendas
775 2594 921 2643 Julias,
962 2610 982 2633 a
1013 2596 1254 2635 Consulibus
1296 2597 1541 2638 Diocletiano
1574 2599 1640 2641 VI.
1677 2607 1716 2639 et

375 2646 605 2687 Constantio
643 2649 694 2688 ΙΙ.
740 2663 868 2702 usque
913 2651 954 2689 in
992 2653 1248 2692 Consulatum
1297 2654 1528 2694 Diocletiani
1567 2655 1635 2694 IX.
1675 2663 1716 2696 et

378 2703 605 2743 Maximiani
638 2704 740 2747 VIII.
799 2706 888 2754 Quo
925 2713 1103 2760 tempore
1131 2709 1208 2749 fuit
1235 2710 1481 2762 persecutio,
1513 2717 1552 2751 et
1579 2726 1715 2752 cessa-

376 2759 436 2797 vit
467 2760 729 2814 Episcopatus
758 2763 868 2802 annis
897 2777 968 2802 vu.
998 2765 1197 2805 mensibus
1226 2780 1280 2806 vl.
1309 2766 1449 2806 diebus
1477 2781 1578 2808 xxv.

263 2812 501 2855 Mincnmus
531 2832 632 2857 anno
661 2832 766 2869 un0,
804 2819 1004 2859 mensibus
1032 2827 1204 2875 septem,
1245 2821 1382 2862 diebus
1412 2822 1565 2876 viginti.
1623 2825 1714 2865 Fuit
