1884 3262
305 233 399 278 116
625 228 868 273 SELECTA
896 227 969 269 AD
1001 214 1493 271 ILLUST'RATIONEM

302 343 346 384 ἐκ
365 338 500 391 τάφου
520 336 677 391 οῗνέστη.
719 334 853 391 Αὐτὴ
851 338 992 379 τοίνυν
1007 337 1076 378 καὶ
1092 337 1191 391 ήμΐν
1211 334 1313 378 κατὰ
1334 353 1408 390 την
1429 340 1502 378 τοῦ
1524 339 1634 378 Θεοῦ
1649 335 1770 389 ἇγίαν

302 398 534 450 Εκκλησίαν
554 392 652 449 ἆρχὴ
675 396 787 443 ε’τους
809 395 905 436 ε’στω
922 391 1112 445 πάντοτε,
1144 390 1246 435 καθ’
1266 392 1315 435 ὃν
1334 394 1401 434 καὶ
1419 390 1463 435 τὸ
1486 390 1601 461 ἅγιον
1624 391 1770 445 Πάσχα

291 451 554 508 ἐὑρίσκοντες
572 453 627 501 εἷς
648 449 858 522 Κυριακην
881 451 1077 503 ἐμπίπτον
1103 448 1200 502 μετοὶ
1217 448 1292 508 τήν
1311 446 1361 491 ιδ’
1381 453 1454 501 τῆς
1483 447 1652 502 σελήνης
1678 452 1769 490 τοῦ-

303 513 347 552 δε
378 513 452 550 τοῦ
483 507 608 562 μηνός
629 539 639 558 ,
683 506 759 549 οὐκ
799 509 1023 557 Ιουδαϊκως
1041 538 1051 557 ,
1095 504 1182 547 αλλ’
1206 504 1492 554 Αποστολικοός
1520 506 1768 558 ἐκτελοῦμεν,

301 584 401 608 κατα
433 563 612 618 φυσικήν
640 582 708 606 και
730 561 1034 617 θεοπαράδοτον
1067 564 1258 634 μέθοδον.
1296 559 1461 604 Ου’κοῦν
1484 559 1630 611 πάντες
1652 563 1694 603 οἷ
1712 578 1766 614 μη

302 623 417 676 λέγοι
420 639 480 670 τες
498 625 555 674 τῷ
575 618 727 672 'ww'
715 622 790 662 ε’τει
811 620 1016 675 γεγονέναι
1035 619 1079 661 τό
1101 635 1262 672 πρωτον
1271 617 1476 687 κυριακὸν
1497 616 1662 686 Πάσχα,
1678 616 1768 659 οὕτε

302 695 376 732 την
396 675 488 732 παρ’
507 664 703 732 Εβραίοις
721 676 767 719 το“
785 681 1005 730 τηνικαῦτα
1026 674 1073 717 ιδ’
1097 680 1170 728 τῆς
1188 672 1372 728 σελήνης,
1392 675 1460 716 καὶ
1481 671 1540 728 κγ’
1559 678 1632 716 τοῦ
1650 678 1768 728 Μαρ-

301 738 390 777 τίου
414 733 538 787 μηνὸς
557 732 859 787 καταντήσασαν
871 737 930 803 τῇ
944 729 1099 803 μεγάλῃ
1126 736 1201 773 τοῦ
1222 733 1419 786 σωτηρίου
1444 729 1608 779 πάθους
1633 734 1767 785 Παρα-

304 796 429 847 σκευῇ
447 789 641 839 σώζουσαι
664 793 811 840 δεῖξαι,
841 789 934 832 ου’τε
953 788 1029 843 τήν
1048 786 1334 859 ᾼναστάσιμον
1358 785 1597 841 δεσποτικήν
1620 791 1770 840 Κυρια-

302 865 380 918 κην
388 852 448 914 τῇ
468 847 519 889 κε’
539 851 613 889 τοῦ
633 849 823 917 Μαρτίου
841 844 989 899 μηνός,
1023 843 1182 893 ου’τινος
1210 862 1265 898 μη
1291 845 1577 898 δεικνυμένου,
1607 844 1772 896 ψευδεῖς

305 901 476 945 αὐτόθεν
496 905 540 944 αἱ
555 900 648 958 παρ’
669 901 807 952 αυτοῖς
826 903 1077 957 ευρίσκονται
1098 906 1250 955 ψῆφοι

159 1249 187 1284 P
210 1247 279 1284 424
991 1217 1089 1272 VI·

153 1327 186 1362 V
212 1324 283 1364 ³40
389 1332 776 1381 HZYXIOY
815 1330 968 1415 ΕΙΣ
1014 1332 1189 1377 ΤΗΝ
1231 1331 1686 1382 ΓΕΝΝΗΣῙΝ.

419 1470 483 1506 Ev
511 1467 568 1519 τῷ
573 1461 662 1532 μβ]
692 1463 769 1505 ἔτει
790 1466 864 1516 τῆς
888 1463 1097 1512 Βασιλείας
1123 1459 1362 1531 Αὐγούστου
1378 1496 1390 1514 ,
1420 1463 1519 1532 μηνὶ
1541 1464 1775 1519 Δεκεμβρίῳ

305 1520 374 1575 κε’,
402 1521 534 1578 ἡμέρα
553 1517 599 1571 ς’,
629 1517 714 1590 ω’ρᾳ
743 1517 775 1569 ζ’
801 1523 872 1572 τῆς
902 1518 1074 1573 ἡμέρας,
1107 1517 1309 1592 ἐγεννήθη
1339 1537 1360 1562 ο
1384 1516 1542 1573 Κυριος
1567 1536 1686 1574 ημων
1710 1523 1776 1573 Ιη-

306 1583 407 1628 σοῦς
439 1575 610 1647 Χριστὸς
642 1576 686 1618 τὸ
711 1574 812 1617 κατοέ
840 1573 967 1629 σάρκα
1005 1576 1048 1617 ἐκ
1077 1579 1151 1629 τῆς
1182 1577 1298 1632 ἁγίας
1333 1576 1552 1630 Παρθένου
1591 1578 1772 1631 Μαρίας,

307 1636 420 1684 ἔτους
438 1651 538 1675 κατα
555 1637 761 1685 Αντιοχεΐς
795 1629 875 1674 ἆπὸ
898 1634 1061 1681 κτίσεως
1089 1630 1265 1699 κόσμου,
1297 1633 1371 1681 ἕως
1396 1637 1470 1686 τῆς
1490 1637 1668 1703 Χριστοῦ
1686 1647 1773 1687 γεν-

305 1690 460 1763 νήσεως
481 1689 564 1743 [καὶ
585 1686 858 1743 σταυρώσεως]
885 1686 927 1735 ς’.
986 1685 1209 1742 Συνᾶγεται
1233 1687 1309 1745 γοῖρ
1338 1686 1419 1731 οἷπο
1439 1688 1607 1743 Αδαμ“
1585 1706 1658 1738 εως
1692 1691 1772 1730 Φα-

312 1747 380 1790 λὲκ
405 1749 503 1788 υἱοῦ
529 1748 640 1800 Εβερ
670 1746 736 1815 ἔτη
764 1746 978 1814 τρισχίλια,
1006 1745 1075 1786 καὶ
1100 1743 1180 1788 ἄπο
1208 1750 1283 1787 τοῦ
1315 1744 1447 1786 Φαλὲκ
1477 1746 1551 1795 ε’ως
1575 1744 1640 1800 μβ’
1662 1745 1773 1796 ἔτους

109 1793 264 1830 Desunt
254 1806 289 1829 ¹¹¹
311 1809 386 1859 τῆς
411 1805 624 1850 Βασιλείας
641 1798 887 1873 Αὐγούστου
913 1800 977 1853 ἔτη
1009 1799 1164 1851 ,εῇξζζ
1196 1803 1264 1843 καὶ
1291 1801 1435 1844 λοιπον
1464 1815 1772 1856 συνανεστραφη

87 1840 175 1875 C⁰d'
189 1840 285 1875 colb
311 1858 498 1913 οΣωτηρ
526 1863 610 1906 τοῖς
628 1856 867 1925 ἀνθρώποις
889 1857 955 1910 ε’τη
985 1855 1053 1911 Zy',
1086 1858 1139 1906 ὥς
1155 1859 1343 1910 γίνεσθαι
1367 1855 1448 1900 από
1468 1857 1631 1912 Αδοῖμ“
1609 1875 1683 1907 εως
1699 1862 1773 1911 τῆς

115 1884 258 1938 ,affige
311 1919 488 1988 Χριστοῦ
512 1911 743 1967 Γεννήσεως
763 1914 846 1966 [καὶ
859 1912 1167 1981 σταυρώσεως]’
1155 1912 1275 1966 ε’τη,ς’
1294 1912 1440 1968 πλήρη.
1476 1918 1509 1955 Ο
1529 1914 1604 1984 γαρ
1626 1914 1770 1967 Φαλὲκ,

307 1990 409 2015 κατα
433 1970 509 2025 τήν
525 1972 775 2025 προφητείαν
795 1967 1002 2020 Μώσεως,
1031 1969 1074 2011 τὸ
1095 1968 1220 2023 ήμισυ
1249 1970 1401 2026 λέγεται
1429 1975 1502 2012 τοῦ
1528 1970 1673 2026 χρόνου
1699 1975 1773 2025 τῆς

300 2031 490 2084 Χριστοῦ
508 2028 756 2079 ἐπιφανείας.
795 2028 936 2079 ,Ωσπερ
959 2024 1034 2080 γοῖρ
1056 2043 1126 2068 τον
1149 2026 1373 2080 ἄνθρωπον
1394 2032 1444 2084 τῇ
1466 2024 1498 2075 ς’
1520 2028 1670 2100 ἡμέρα
1669 2026 1771 2070 πλά-

311 2085 417 2135 σαςὸ
439 2082 560 2135 Θεός,
590 2100 658 2124 και
679 2083 770 2135 ἑξῆς
785 2082 984 2123 υπὲπεσεν
1001 2086 1054 2139 τῇ
1076 2083 1269 2156 οἷμαρτία,
1291 2081 1418 2133 ου’τως
1438 2102 1506 2125 και
1527 2089 1578 2142 τῇ
1594 2083 1623 2132 ς’
1641 2084 1772 2142 ημὲρα

309 2146 382 2198 τῆς
403 2138 615 2195 χιλιαδος’
597 2140 663 2181 επὶ
689 2143 763 2191 τῆς
790 2142 865 2193 γῆς
884 2134 1040 2192 ηλθεν,
1069 2140 1138 2180 καὶ
1167 2141 1313 2181 ε’σωσεν
1342 2137 1479 2183 αὐτόν.
1545 2145 1670 2183 Τοῦτο
1695 2158 1771 2197 γαρ
1820 2170 1829 2178 ·

310 2196 432 2251 δηλοῖ
451 2197 518 2238 καὶ
538 2196 568 2249 ή
590 2197 687 2237 θεία
705 2212 841 2250 γραφη
855 2226 871 2245 ,
903 2195 1090 2262 λέγουσα·
1122 2197 1263 2250 Ημέρα
1281 2199 1457 2270 Κυρίου
1477 2214 1530 2246 ως
1554 2199 1660 2251 χίλια
1691 2199 1770 2252 ἔτη.

309 2258 348 2296 Α
361 2271 451 2295 τινα
471 2253 540 2294 καὶ
562 2249 752 2306 Κλήμης,
783 2251 850 2293 καὶ
871 2249 1086 2303 Θεόφιλος,
1105 2253 1172 2293 καὶ
1196 2250 1408 2323 Τιμόθεος
1414 2271 1454 2296 οι
1442 2253 1771 2322 ’θεοφιλέστατοι

307 2307 582 2378 χρονογρὰφοι
603 2310 787 2358 ἐξέθεντο
820 2305 1196 2378 ομοφρονήσαντες,
1227 2307 1288 2351 ότι
1306 2314 1357 2367 τῇ
1377 2308 1408 2357 ς’
1427 2307 1573 2363 χιλιαδι
1591 2327 1675 2353 των
1693 2311 1771 2354 ἔνι·

310 2383 444 2408 αυτων
465 2362 598 2418 ἐφάνη
623 2382 644 2406 ο
668 2362 820 2431 Κυριος
839 2381 939 2405 κατα
961 2381 1032 2406 τον
1053 2362 1232 2420 αριθμόν
1251 2383 1332 2407 των
1358 2363 1388 2414 ς’
1411 2367 1573 2422 ἡμερῶν
1587 2371 1659 2420 τῆς
1674 2359 1771 2409 itin?-
1790 2418 1794 2419 ⁷

310 2435 410 2471 σεως
432 2425 505 2463 τοῦ
521 2419 662 2474 Αδαμ,
693 2418 917 2492 ῥυσάμενος
944 2437 989 2462 το
1011 2421 1125 2488 γένος
1142 2439 1225 2463 των
1246 2419 1490 2492 ἀνθρώπων.
1548 2427 1695 2478 Ετεροι
1725 2422 1771 2466 δὲ

309 2475 482 2530 φασὶν”
457 2494 517 2521 οτι
536 2480 591 2532 τῷ
613 2475 688 2528 ,εφ’
716 2477 807 2518 ε’τει
813 2472 946 2543 ηλθεν
967 2474 1140 2545 Κύριος·
1174 2476 1263 2519 αλλ’
1286 2495 1335 2520 ov
1362 2480 1501 2521 πολλοὶ
1529 2483 1769 2533 συμφωνοῦ-

312 2548 378 2577 σιν
397 2536 455 2583 εἰς
471 2537 588 2576 τοῦτο
600 2563 611 2583 ,
643 2534 685 2574 ἐν
708 2532 752 2574 δὲ
767 2537 826 2574 τιό
849 2529 880 2579 ς’
902 2533 976 2574 ἔτει
993 2550 1139 2582 παντες
1158 2536 1201 2576 οἱ
1212 2532 1391 2589 ἀκριβεῖς
1409 2541 1651 2606 συγγραφεῖς
1669 2550 1768 2605 συμ-

311 2595 521 2642 φωνοῦσιν
548 2588 640 2658 περὶ
670 2587 816 2631 τούτου
844 2587 972 2640 τινὲς,
1003 2586 1085 2630 αλλ’
1103 2589 1133 2642 ’ἡ
1158 2607 1387 2644 προφητικη
1410 2590 1542 2659 φωνὴ
1575 2590 1768 2645 ἅληθευει

310 2651 462 2702 μᾶλλον
484 2643 730 2688 διδασκουσα
754 2646 812 2694 εἰς
830 2642 872 2687 τό
889 2660 929 2692 ,ς
953 2645 1039 2695 ἔτος
1055 2650 1238 2700 φανῆναι
1261 2664 1333 2689 τον
1357 2644 1513 2703 Κύριον
1530 2646 1766 2702 ἄνθρωπον.
