1884 3262
496 183 555 227 IN
590 184 922 230 CHRONICON
953 177 1243 230 PASCHALE.
1508 186 1611 236 255

241 293 336 334 aid.
396 292 574 350 Σεροῦχ]
614 296 718 336 Vide
752 297 963 337 Petavium
998 298 1050 337 ad
1090 298 1202 338 hunc
1233 299 1369 339 locum
1395 298 1611 354 Epiphanii

128 365 170 392 n.
198 364 256 391 vx.

241 408 336 459 Pag.
365 411 435 451 88.
468 414 507 453 2.
565 407 944 463 Αγαλματοποιΐας]
973 411 1167 464 Epiphan.
1188 412 1286 452 ibid.
1307 427 1347 451 n.
1365 428 1437 456 vu.

245 466 341 515 Pag.
374 469 442 509 89.
472 471 512 510 2.
571 464 748 520 Αβραιὶμ
790 468 1021 521 Χαλδαῖος]
1070 469 1152 507 Has
1189 470 1288 508 duas
1320 471 1470 521 lineas,
1506 485 1611 524 quae

128 528 220 561 sunt
241 537 292 561 ex
313 521 512 562 Chronico
532 523 711 573 Eusebii,
745 526 940 576 expungit
960 526 1060 564 cod.
1081 526 1294 565 Holstenii.
1355 529 1490 577 Quoto
1511 543 1612 568 vero

128 593 232 617 anno
263 580 403 618 mundi
431 580 587 631 genitus
618 581 672 618 sit
700 580 923 630 Abraham,
961 596 1060 635 prae
1090 583 1256 622 caeteris
1286 586 1476 638 expendit
1495 587 1613 625 Peta-

126 636 216 674 vius
238 636 306 677 lib.
331 651 387 676 lx.
411 637 461 676 de
483 638 620 676 Doctr.
641 645 762 690 temp.
784 651 871 691 cap.
891 652 1012 677 xvm.
1584 648 1589 655 '

240 693 337 744 Pag.
350 697 417 736 89.
429 697 478 736 8κ
500 691 595 746 νθ’.]
610 695 804 733 Numeros
826 696 895 747 qui
915 695 1026 734 hunc
1047 698 1087 735 in
1105 697 1280 737 editione
1302 699 1525 738 Raderiana
1543 712 1613 737 ex-

127 749 307 802 cipiunt,
335 757 430 802 post
457 764 502 789 ea
527 765 630 803 quae
653 751 812 790 Nachor
842 767 962 791 avum
984 754 1168 794 Abrahae
1190 762 1398 808 spectant,
1428 757 1612 809 reposui-

125 821 212 845 mus
230 814 270 846 et
291 807 592 847 emendavimus
613 822 663 846 ex
687 808 786 847 Cod.
807 809 1018 849 Holstenii.

239 864 334 914 Pag.
365 867 434 907 90.
466 868 503 906 1.
562 865 665 918 Περὶ
694 867 963 919 Μελχισεδὲχ]
998 867 1110 915 Quae
1135 868 1204 907 hic
1245 869 1531 909 describuntur
1558 870 1609 909 de
1635 873 1666 907 V
1692 873 1762 909 409

123 920 412 970 Melchisedec,
441 935 569 974 usque
591 923 642 960 ad
665 923 785 961 verba
807 920 977 976 α’γαθῶν
998 923 1200 978 μηνυτής,
1233 927 1380 964 desunt
1397 927 1438 964 in
1462 927 1610 966 Codice

123 977 341 1017 Holstenii:
377 978 425 1018 de
446 993 527 1030 quo
548 979 709 1031 quidem
729 980 994 1020 Melchisedec
1011 982 1155 1021 similia
1179 984 1260 1022 sere
1276 982 1479 1022 habentur
1499 984 1610 1036 apud

122 1034 393 1088 Epiphaniam
415 1036 458 1074 in
480 1036 637 1076 haeresi
657 1036 1114 1078 Melchisedecianorum
1134 1054 1172 1077 n.
1196 1054 1222 1078 1.
1238 1039 1279 1078 in
1297 1041 1489 1079 Tractatu
1509 1056 1608 1094 apo-

123 1091 305 1144 crypho,
337 1093 406 1144 qui
438 1093 658 1132 Athanasio
690 1108 903 1147 perperam
935 1096 1204 1146 adscribitur,
1235 1098 1342 1149 apud
1370 1100 1607 1150 Symeonem

89 1179 93 1184 .
122 1149 384 1200 Logothetam
405 1150 447 1188 in
468 1150 613 1190 Chron.
633 1151 712 1190 MS.
734 1152 970 1203 cedrenum,
1003 1154 1187 1206 Glycam,
1218 1155 1397 1204 Suidam,
1432 1161 1473 1194 et
1492 1156 1605 1194 alios.

121 1205 222 1246 Vide
239 1219 342 1258 quae
363 1207 414 1246 de
433 1208 506 1247 illo
529 1209 728 1258 congessit
752 1210 934 1249 Salianus
956 1225 1062 1249 anno
1087 1211 1228 1262 mundi
1248 1225 1294 1250 11.
1314 1225 1491 1252 mcxvux.

237 1264 334 1315 Pag·
365 1268 431 1307 91.
466 1268 531 1307 17.
592 1266 672 1313 Εἰς
700 1265 845 1319 Σαλήμ
873 1264 1020 1320 πόλιν]
1053 1269 1109 1307 De
1129 1282 1208 1320 qua
1226 1269 1373 1321 Glycas
1388 1284 1430 1322 p.
1453 1269 1544 1313 134.
1566 1276 1606 1309 et

121 1319 226 1359 idem
247 1321 430 1360 Salienus
451 1335 513 1360 an.
529 1335 575 1360 11.
595 1336 820 1361 mccxcviu.
841 1337 880 1363 11.
900 1338 963 1364 ιη.

235 1377 316 1418 Καὶ
361 1374 661 1430 ἀπεικάζοντες]
701 1379 810 1419 Beda
836 1380 882 1418 in
910 1380 1058 1419 Chron.
1101 1381 1176 1421 His
1205 1383 1416 1434 temporibus
1450 1385 1605 1434 primum

119 1434 251 1486 templa
281 1439 508 1486 constructa,
545 1440 579 1474 et
606 1437 754 1488 quidam
778 1440 962 1490 principes
994 1440 1158 1489 gentium
1198 1443 1371 1492 tanquam
1409 1440 1481 1478 Dii
1519 1444 1605 1479 sunt

115 1492 274 1530 adorati.
774 1503 782 1508 ·

234 1548 330 1599 Pag·
363 1552 455 1592 101.
489 1547 556 1591 15.
612 1546 814 1602 Σχόλιον]
845 1550 935 1590 Hoc
954 1551 1154 1591 scholium
1173 1566 1302 1605 usque
1319 1552 1371 1591 ad
1390 1566 1512 1592 voces
1531 1556 1605 1594 τοῦ

117 1601 267 1659 ὅρκου,
300 1605 500 1645 omittitur
523 1606 565 1644 in
590 1606 688 1646 cod.
708 1606 917 1646 Holstenii.

231 1662 328 1712 Pag.
362 1666 457 1705 110.
492 1666 560 1706 19.
621 1664 864 1718 Πειρασμοὶ]
894 1664 995 1705 Vide
1013 1667 1221 1706 Salianum
1240 1679 1363 1707 an.11.
1381 1679 1602 1705 Mcccxcnt.

231 1719 327 1769 Pag.
361 1720 457 1762 115.
491 1722 555 1762 14.
621 1718 696 1761 Τὸν
730 1721 945 1774 Μωυσῆν]
987 1722 1078 1770 Qua
1116 1730 1244 1764 aetate
1267 1723 1418 1763 vixerit
1443 1724 1603 1776 Moyses

63 1800 67 1801 ν
118 1775 308 1827 disquirit
326 1777 437 1816 Joan.
456 1776 706 1816 Marshamus
724 1777 767 1816 in
784 1779 944 1818 Canone
966 1779 1167 1822 Chronico
1188 1781 1438 1834 Aegyptiaco
1458 1794 1549 1834 pag.
1562 1780 1601 1823 4.

116 1839 280 1886 praeter
300 1833 501 1872 salianum
514 1863 525 1883 ,
558 1834 809 1874 Torniellum
823 1864 834 1881 ‚
866 1843 906 1876 et
924 1836 1038 1876 alios.

230 1889 326 1941 Pag·
348 1891 441 1934 115·
464 1894 529 1934 19.
567 1888 704 1946 Τούτῳ
721 1895 780 1949 τῷ
799 1892 890 1946 ἔτει]
918 1894 1247 1934 Vide'salianum
1268 1908 1333 1934 an.
1351 1908 1395 1934 11.
1417 1907 1599 1936 cccxcxx.

115 1961 153 1987 n.
182 1960 212 1985 1.

231 2004 328 2054 Pag.
360 2007 454 2047 116.
483 2009 524 2049 2.
581 2003 888 2058 Παλμανοθὴς]
919 2007 976 2046 De
1005 2021 1087 2059 quo
1106 2007 1214 2048 idem
1231 2006 1484 2048 Marshamus
1507 2021 1598 2060 pag.

114 2063 213 2106 306.
246 2062 428 2100 Salienus
448 2076 555 2101 anno
576 2076 624 2104 11.
644 2077 910 2102 mcnxxxviu.
933 2070 972 2103 et
994 2065 1078 2106 alii.

229 2118 325 2169 Pag.
347 2121 440 2161 116.
464 2123 529 2162 10.
559 2119 745 2176 Δευτέρῳ
769 2119 862 2168 ἔτει]
882 2121 985 2159 Falli
1007 2120 1087 2160 hoc
1109 2122 1201 2161 loco
1224 2120 1443 2161 Auctorem
1467 2120 1596 2160 Chro-

115 2174 196 2214 nici
217 2175 426 2214 contendit
444 2175 549 2214 idem
567 2176 751 2215 Salianus
772 2191 878 2217 anno
897 2191 945 2217 11.
963 2191 1143 2218 ucnnxv.
1160 2192 1202 2216 11.
1221 2192 1252 2218 1.

231 2232 328 2283 Pag.
353 2235 447 2275 116.
469 2235 535 2275 19.
574 2234 708 2281 Κτίζει
722 2230 798 2286 τὴν
819 2231 1102 2287 Ερμούπολιν]
1132 2235 1234 2275 Vide
1255 2235 1427 2274 eundem
1448 2235 1596 2276 salian.

118 2302 180 2327 an.
202 2302 246 2329 11.
265 2303 459 2328 Mcnxctv.
481 2295 520 2328 et
539 2289 580 2328 in
598 2289 790 2340 scholiis,
821 2297 862 2330 et
891 2291 1163 2331 Marshamum
1195 2307 1235 2345 p.
1261 2295 1354 2335 136.
1383 2292 1455 2331 ubi
1481 2292 1597 2332 etiam

117 2345 167 2386 de
186 2344 267 2385 hoc
284 2346 391 2385 bello
411 2346 535 2385 Mosis
554 2346 817 2400 Aethiopico,
847 2348 960 2399 quod
981 2349 1112 2401 attigit
1127 2356 1334 2402 praeterea
1349 2351 1541 2391 Zonaras,

231 2403 326 2454 Pag.
360 2406 454 2446 117.
488 2406 552 2445 11.
609 2401 875 2458 Αρτάβανος]
915 2404 1038 2458 Apud
1068 2406 1210 2449 Euseb.
1232 2407 1303 2448 lib.
1323 2420 1381 2447 xx,
1401 2407 1451 2447 de
1472 2408 1597 2446 Prae-

37 2454 43 2459 ”
116 2465 245 2511 parat.
266 2460 455 2512 Evangel.
479 2473 571 2512 pag.
595 2462 688 2505 151.

230 2517 327 2556 Ibid.
385 2513 645 2571 Εὐπόλεμος]
677 2517 807 2566 Quem
824 2531 907 2558 non
926 2519 1047 2558 semel
1061 2518 1205 2559 laudat
1219 2520 1402 2560 Clemens
1423 2519 1597 2558 Alexan-

118 2571 278 2616 drinus.
308 2580 356 2613 ut
370 2575 477 2614 infra
495 2588 716 2615 monemus.
1239 2627 1242 2633 1

229 2630 326 2681 Pag·
357 2634 452 2674 117.
486 2631 552 2675 15.
613 2635 677 2672 Ex
691 2634 767 2673 τοῦ
782 2630 980 2686 Αβραοῖμ]
1007 2633 1190 2671 Salianus
1210 2647 1272 2673 an.
1293 2646 1340 2671 n.
1359 2645 1480 2672 ΜΒΝ.
1503 2646 1596 2672 mx.

229 2686 325 2737 Pag.
357 2690 451 2732 118.
483 2692 521 2738 1.
586 2685 723 2744 Τούτῳ
744 2692 803 2744 τῷ
825 2689 925 2742 ἔτει]
957 2690 1020 2729 Ex
1043 2689 1215 2729 Eusebio
1238 2689 1307 2728 lib.
1327 2703 1356 2730 1.
1379 2704 1422 2742 p.
1444 2692 1509 2732 13.

230 2743 326 2794 Pag.
345 2747 440 2786 118.
471 2747 511 2787 8.
566 2744 746 2800 Αμρᾶμ]
775 2745 886 2785 Idem
909 2747 1093 2786 Salianus
1122 2761 1185 2787 an.
1208 2760 1253 2786 11.
1274 2760 1441 2786 mnxxu.
1459 2759 1593 2786 errare

117 2797 304 2839 observat
320 2799 557 2842 ,Auctorem
587 2802 797 2850 chronici,
835 2803 948 2855 quod
974 2804 1018 2843 in
1051 2818 1116 2845 an.
1144 2818 1244 2845 an.
1275 2803 1396 2842 Mosis
1421 2810 1595 2843 mortem

117 2854 296 2895 Amrami
330 2858 559 2911 consignet,
590 2866 630 2899 et
652 2859 762 2912 quod
787 2860 850 2898 illi
882 2874 1060 2902 ωιτη.
1087 2875 1213 2902 annos
1242 2860 1415 2912 tribuat,
1441 2873 1593 2914 errore,
