1884 3262
569 201 839 246 CHRONICI
871 200 1178 244 PASCHALIS.

1518 196 1616 243 173

306 317 371 367 qui
397 327 532 366 supra,
561 313 746 366 epistolam
771 314 905 363 dirigit
932 326 998 364 per
1021 314 1209 354 Ecclesias
1223 312 1324 351 -orbis
1343 316 1532 359 terrarum,

305 386 397 424 quae
415 372 584 421 habetur,
618 372 661 410 de
682 373 798 421 signis
825 372 1089 423 terroribusque
1110 373 1284 411 divinitus
1303 371 1532 423 perpetratis.

132 429 232 474 420.
267 429 495 470 Theodosio
525 429 596 467 IX.
627 434 667 466 et
697 427 957 466 Constantino
986 430 1060 472 III,

131 491 229 530 421.
261 487 450 539 Agricolo
480 492 521 525 et
548 485 743 525 Eustatio.

133 545 231 587 422.
263 545 442 583 Honorio
473 543 583 584 XIII.
615 548 655 582 et
684 541 912 581 Theodosio
944 543 998 583 X.

133 601 230 645 423.
260 602 482 641 Mariniano
513 607 554 640 et
583 599 883 653 Asclepiodoto.

260 659 335 698 Hxs
354 659 491 697 Conss.
513 658 701 698 Honorius
715 658 811 708 Aug.
828 659 968 696 recessit
985 656 1192 696 Ravennae.

132 714 228 758 424.
260 715 421 755 Castino
459 721 499 754 et
527 715 719 755 Victore.v

131 771 229 815 425.
259 772 489 812 Theodosio
520 772 593 814 XI.
622 777 662 811 et
690 771 974 810 Valentiniano
1007 772 1119 810 Caes.

130 829 227 872 426.
257 830 487 871 Theodosio
517 829 605 868 XII.
638 835 679 868 et
708 828 987 868 Valentiniano
1018 829 1067 868 Η.
1095 827 1194 879 Aug.

130 886 225 928 427.
259 887 387 927 Pierio
418 893 458 926 et
489 886 667 925 Ardabu.

128 942 227 986 428.
255 946 388 984 Felice
418 950 458 983 et
486 945 633 983 Tauro.

129 999 225 1044 429.
255 1001 488 1042 Florentino
519 1008 559 1041 et
588 1000 780 1039 Dionisio.

128 1062 226 1105 430.
254 1059 484 1099 Theodosio
515 1058 622 1099 XIII.
655 1064 695 1097 et
728 1057 1007 1097 Valentiniano
1035 1056 1105 1096 ΙΙΙ.

128 1118 226 1160 431.
255 1118 379 1156 Basso
415 1123 454 1155 et
482 1114 701 1155 Antiocho.

127 1175 225 1217 432.
255 1175 371 1214 Aetio
405 1180 445 1212 et
473 1173 650 1213 Valerio.

128 1232 225 1275 433.
257 1231 525 1270 *Theodosio
555 1231 662 1270 XIV.
695 1235 735 1268 et
763 1229 953 1268 Maximo.
971 1238 974 1243 '

127 1288 223 1332 434-
254 1289 406 1342 Aspare
436 1295 476 1327 et
509 1286 744 1327 Ariovindo.

127 1345 224 1389 435.
254 1346 480 1385 Theodosio
511 1346 599 1386 XV
629 1352 670 1384 et
704 1341 979 1383 Valentiniano
1007 1341 1075 1380 IV.

129 1404 227 1445 436.
256 1403 411 1443 Isidoro
448 1409 487 1442 et
516 1403 725 1441 senatore.

127 1460 226 1503 437.
257 1461 369 1499 Aetio
400 1459 448 1499 II.
480 1466 520 1499 et
558 1457 797 1511 SegisvultO.

127 1519 224 1560 438.
253 1517 480 1556 Theodosio
510 1517 617 1555 XVI.
649 1522 689 1555 et
717 1514 878 1552 Fausto.

129 1575 226 1616 439.
253 1574 480 1614 Theodosio
510 1573 637 1613 XVII.
668 1579 708 1611 et
736 1571 867 1610 Festo.

125 1630 223 1675 440.
252 1631 531 1672 Valentiniano
559 1631 608 1671 V.
639 1637 679 1670 et
706 1627 937 1668 Anatholio.

126 1687 223 1731 441.
255 1690 360 1741 Cyro
391 1703 433 1728 v.
456 1702 491 1729 c.

126 1746 225 1789 442.
254 1747 461 1788 Dioscoro.

126 1801 223 1844 443.
254 1803 430 1843 Maximo
461 1802 511 1843 ΙΙ.
544 1807 585 1840 et
614 1800 788 1840 Paterio.

126 1858 222 1903 444.
253 1860 482 1901 Theodosio
513 1858 660 1898 XVIII.
692 1865 731 1897 et
758 1856 918 1896 Albino.

126 1914 222 1960 445.
252 1918 534 1959 Valentiniano
564 1916 633 1957 VI.
664 1922 703 1956 et
730 1915 860 1994 Aetio.

126 1980 223 2024 446.
251 1976 368 2016 Aetio
397 1975 466 2016 III.

126 2037 227 2081 447.
255 2032 440 2085 Callepio
478 2036 518 2070 et
543 2029 771 2070 Ardabure

125 2094 223 2138 448.
253 2089 512 2130 Postumiano
543 2094 581 2127 et
609 2089 780 2127 Zenone.

124 2150 222 2194 449.
253 2147 419 2187 Asturio
450 2153 490 2185 et
512 2146 747 2196 Protogene.

125 2206 223 2252 450.
253 2204 536 2244 Valentiniano
566 2202 653 2242 VII.
684 2207 741 2240 'et
770 2198 938 2239 Avieno.

125 2262 223 2308 451.
254 2262 411 2301 Adelfio
445 2267 484 2300 et
513 2259 730 2299 Marciano.

125 2320 223 2366 452.
253 2319 485 2359 Herculano
512 2324 552 2357 et
579 2314 778 2356 Pax-racio.

125 2378 222 2423 453.
256 2377 320 2430 Op
323 2376 462 2418 ilione.

126 2433 222 2478 454.
254 2434 370 2473 Aetio
390 2434 458 2472 IV.
487 2439 528 2471 et
557 2429 714 2470 Studio.

126 2491 223 2536 455.
255 2490 531 2530 Valentiniano
553 2487 662 2529 VIII.
693 2491 733 2526 et
764 2482 986 2524 Anthemio.

126 2547 224 2592 456.
253 2547 374 2589 Avito
403 2547 584 2600 Augusto
613 2543 800 2584 Consule.

128 2661 225 2706 458.
253 2660 516 2711 Rechimero,
542 2666 583 2700 et
612 2658 682 2712 qui
711 2657 761 2697 de
791 2654 970 2695 Oriente.

128 2717 225 2762 459.
253 2719 478 2772 Majoriano
507 2717 689 2769 Augusto
720 2721 762 2755 et
790 2710 1024 2753 Ariovindo.

128 2778 223 2819 460.
257 2776 402 2828 Magno
433 2782 472 2815 et
503 2774 731 2840 Apollonio.

127 2833 225 2876 461.
257 2833 474 2873 Severiano
503 2838 543 2871 et
575 2831 646 2885 qui
676 2831 727 2870 de
757 2828 933 2869 Oriente.

1566 516 1736 570 ccccn'x.

1564 1175 1765 1206 (JGCCLXX.

1564 1236 1578 1250 *
1596 1235 1654 1263 His
1673 1234 1805 1264 Coss...

1568 1743 1796 1774 ccccnm.

1564 1913 1588 1922 q

1563 1925 1630 1954 GC.

1562 2321 1733 2351 CCGOXG.

1567 2662 1706 2693 DCCCC
1710 2686 1718 2694 .

1568 2720 1837 2752 ccccnxm‘m.

257 2889 333 2929 Hm
346 2891 484 2930 conss.
493 2888 728 2939 Major-ianus
739 2887 929 2936 occiditur,
939 2889 974 2925 et
985 2884 1141 2924 Severus
1155 2883 1309 2936 efficitur
1315 2882 1523 2937 Imperator.
