1884 3262
642 211 1052 255 PRAEFATIO.
1521 217 1586 262 37

121 341 231 367 mens
249 326 560 375 Alexandrinus,
595 333 643 365 ut
662 333 702 365 et
720 327 860 365 Petrus
879 325 1171 365 Alexandrinus
1191 325 1433 379 Episcopus,
1465 340 1486 364 a
1506 340 1586 377 quo

118 385 146 422 ii
164 384 396 432 laudantur,
423 387 483 422 uti
515 390 683 423 testatur
703 382 886 421 Petavius
906 381 952 433 l)
981 388 1028 420 ut
1059 389 1168 434 patet
1187 396 1239 421 ex
1258 382 1433 421 Auctore
1458 381 1587 420 Chro-

119 441 200 478 nici
221 440 265 478 in
282 440 553 480 Praefatione:
589 453 690 491 quae
712 438 872 490 quidem
895 439 1090 490 opuscula
1111 445 1246 477 extare
1266 439 1331 478 vel
1349 438 1526 478 extitisse
1543 438 1586 476 in

117 495 364 535 Bibliotheca
386 497 502 548 Regis
522 495 718 535 Catholici
735 509 786 534 ex
806 494 918 533 illius
938 494 1070 533 indice
1090 495 1296 536 docemur.

182 656 184 658 v
229 609 380 649 XXIX.
439 610 539 647 Sane
557 609 696 647 saltem
717 607 810 646 inde
828 607 1014 658 colligere
1037 607 1158 646 liceat
1174 606 1362 646 Heraclio
1383 601 1757 659 {meran-Heraclio

117 671 157 704 te
183 666 313 703 varias
335 671 493 704 exortas
524 665 574 703 de
606 665 636 702 F
639 664 901 703 estivitatibus
919 663 1195 712 Paschalibus,
1226 677 1322 714 quas
1341 662 1453 702 hisce
1473 669 1603 715 tem-2
1629 659 1659 693 P
1680 659 1727 694 25

115 721 284 773 poribus
301 721 432 759 minus
451 735 647 771 congruas
663 721 781 758 fuisse
800 721 975 759 advertit
994 720 1110 759 etiam
1126 719 1190 758 vir
1204 719 1455 758 doctissimus
1466 719 1582 757 Henr.
1593 708 1784 760 'mRemnW

118 775 434 829 Dodwellus²)‚
479 777 788 826 controversias,
827 790 927 828 quae
955 790 1089 814 ansam
1119 776 1448 826 occasionemque
1469 763 1667 832 prae-{3¹
1669 762 1804 830 {2⁰12}-

117 833 280 872 buerint
305 833 457 872 auctori
487 833 687 872 Paschalis
710 832 920 882 chronici,
950 834 988 873 S.
1007 833 1200 880 Maximo,
1229 831 1366 869 Joanni
1391 831 1584 883 Philopo-
1594 844 1805 877 schatecon-

117 904 190 939 no,
221 895 260 928 et
288 890 373 928 aliis
399 890 503 929 sorte
526 890 642 928 nobis
664 889 856 928 hactenus
886 889 1123 940 incognitis,
1154 888 1203 926 de
1221 888 1518 938 quaestionibus
1536 887 1795 926 detrovetsise·

118 945 310 984 Paschate
340 946 508 984 subinde
532 959 578 985 ea
609 951 736 984 aetate
765 945 940 996 agitatis,
972 944 1249 983 conscribendi
1270 944 1586 983 commentarios-

119 1003 218 1041 Nam
237 1003 332 1042 licet
347 1016 421 1054 pro
444 1008 531 1041 rato
551 1017 597 1041 ae
612 1002 693 1040 fixo
714 1002 820 1040 illius
836 1002 1066 1040 celebrandi
1087 1002 1170 1040 dies
1190 1000 1404 1039 haberetur
1422 999 1468 1052 ³)
1481 1029 1492 1048 ,
1522 1014 1589 1038 ac-

121 1059 279 1098 cidebat
303 1059 506 1098 interdum
530 1059 633 1098 utin
652 1072 699 1097 eo
718 1072 832 1097 error
861 1058 928 1096 vel
948 1058 1128 1096 dubietas
1150 1057 1427 1105 interveniret,
1458 1063 1503 1094 ut
1519 1071 1586 1094 an-

120 1129 173 1153 no
201 1128 320 1154 xxv’1.
354 1114 569 1154 Theodosii
591 1115 785 1168 junioris,
816 1128 919 1152 anno
940 1128 980 1153 v.
1011 1114 1221 1162 Marciani,
1250 1127 1337 1152 xix.
1366 1113 1587 1161 Jusfiniazfi,

121 1178 160 1210 et
175 1185 248 1212 xx.
268 1172 510 1226 Copronymi
527 1173 704 1211 evenisse
727 1177 863 1210 narrat
882 1169 1165 1222 Theophanes:
1196 1169 1420 1222 cujusmodi
1440 1169 1590 1207 similes

121 1230 227 1266 circa
253 1227 406 1266 Pascha
437 1242 611 1278 errores,
658 1242 736 1267 non
763 1228 885 1266 semel
910 1228 1102 1266 accidisse
1130 1228 1170 1265 in
1201 1227 1329 1264 Gallia
1355 1232 1497 1264 auctor
1528 1232 1589 1263 est

121 1284 336 1335 Gregorius
354 1285 595 1324 Turonensis
612 1283 683 1335 4),
731 1285 851 1322 immo
873 1297 976 1322 anno
1000 1284 1173 1322 Heraclii
1194 1296 1276 1322 xvt.
1301 1282 1411 1334 apud
1431 1284 1586 1329 Scotos,

118 1341 226 1379 Beda
248 1347 287 1379 et
309 1340 512 1379 Marianus
532 1343 674 1379 Scotus
695 1338 751 1392 5).
810 1340 1036 1387 Quinetiam
1055 1340 1223 1391 ipsemet
1241 1339 1447 1377 Heraclius
1469 1352 1589 1376 com-

118 1403 260 1449 putum
290 1397 613 1436 Ecclesiasticum
638 1397 700 1435 uti
722 1402 890 1445 vocant,
921 1397 1182 1447 conscripsit,
1210 1395 1369 1446 Imperii
1395 1408 1485 1432 xm.
1515 1395 1590 1431 In·-

120 1454 215 1492 dict.
233 1467 293 1492 Χῖ.
328 1453 474 1492 Christi
503 1467 606 1491 anno
624 1453 779 1503 vulgari
797 1465 969 1490 ncxxm.
996 1458 1041 1490 ut
1057 1452 1224 1503 ipsemet
1246 1457 1432 1500 testatur,
1459 1450 1588 1488 tribus

119 1510 354 1548 distinctum
383 1509 579 1562 capitibus
607 1510 673 1548 vel
704 1508 965 1558 sectionibus,
1009 1522 1057 1547 ae
1081 1521 1212 1559 nuper
1242 1507 1394 1545 editum
1424 1521 1446 1544 a
1468 1519 1589 1558 supra

118 1566 281 1605 laudato
304 1566 354 1605 H.
373 1566 593 1605 Dodwello.
651 1565 802 1603 Harum
823 1565 1041 1603 sectionum
1060 1564 1191 1617 prima
1211 1569 1270 1601 est
1290 1563 1340 1601 de
1359 1563 1510 1602 ratione
1528 1564 1592 1600 in-

119 1622 306 1662 veniendi
331 1622 524 1675 cujusque
554 1622 698 1660 mensis
720 1627 760 1659 et
786 1622 1027 1673 septimanae
1055 1621 1158 1659 diem
1187 1625 1226 1657 et
1241 1619 1405 1670 feriam,
1437 1625 1476 1658 et
1499 1619 1591 1656 Bis·

122 1685 292 1719 sextum.
353 1680 487 1717 Altera
519 1679 695 1717 continet
730 1678 1130 1726 demonstrationem,
1159 1689 1231 1714 cur
1258 1681 1443 1727 oporteat
1471 1687 1591 1726 quae-

120 1743 253 1775 rentes
282 1741 443 1786 quotam
471 1735 615 1774 mensis
642 1734 904 1773 Alexandrini
932 1733 1057 1779 diem,
1092 1747 1114 1771 a
1137 1732 1268 1771 tribus
1298 1738 1388 1770 ante
1408 1733 1591 1782 Septem-

121 1793 232 1831 brem
263 1792 402 1830 diebus
426 1792 617 1843 incipere.
687 1792 819 1829 Tertia
843 1791 1013 1842 denique
1040 1788 1271 1828 methodum
1299 1788 1590 1839 complectitur,

123 1863 202 1900 qua
225 1848 374 1887 Pascha
401 1848 620 1887 secundum
651 1847 966 1886 Ecclesiasticam
990 1845 1246 1885 traditionem
1275 1845 1327 1883 sit
1348 1844 1594 1893 investigan-

122 1905 229 1943 dum.
297 1905 376 1952 Qui
405 1904 566 1957 quidem
596 1911 808 1957 computus
841 1909 1054 1955 excerptus
1082 1902 1229 1940 dicitur
1261 1915 1282 1940 e
1309 1900 1592 1940 commentario

122 1961 300 2015 ejusdem
319 1962 487 2013 Augusti
508 1961 549 1999 in
565 1962 789 2015 προχείροις
810 1961 986 2000 Canoues
1008 1958 1238 1999 Ptolemaei.

196 2109 199 2113 .
234 2074 363 2112 XXX.
420 2073 503 2112 Nec
530 2073 614 2111 scio
642 2087 692 2111 an
712 2072 857 2110 huicce
879 2072 1055 2110 Heraclii
1084 2070 1310 2123 tempestati
1337 2068 1591 2108 adscribendi
1601 2062 1783 2119 Pascha-13³

121 2136 329 2184 praeterea
352 2129 430 2167 sint
458 2130 632 2168 duorum
654 2129 953 2180 Anonymorum
979 2128 1072 2167 libri
1095 2129 1146 2167 de
1174 2125 1391 2176 Paschate,
1421 2110 1767 2190 quorumsslsslhotlo

122 2187 301 2226 meminit
319 2185 483 2224 Photius
503 2183 574 2240 ⁶.);
605 2185 673 2237 qui
696 2185 856 2236 quidem
880 2184 1043 2223 eandem
1068 2198 1183 2236 quam
1203 2182 1450 2234 Philoponus
1467 2187 1506 2220 et
1526 2194 1595 2219 au-
1636 2168 1657 2190 u
1684 2160 1751 2190 θη·

123 2250 213 2282 ctor
233 2242 420 2280 Chronici
439 2242 636 2280 Paschalis
665 2242 752 2279 tuiti
775 2241 964 2279 dicuntur
985 2240 1241 2288 sententiam,
1272 2237 1472 2276 Christum
1491 2237 1596 2276 scili-

124 2305 188 2338 cet
203 2299 473 2338 decimatertia
492 2300 647 2347 Lunae,
678 2311 747 2336 seu
779 2311 890 2336 sacra
914 2297 1012 2335 feria
1034 2297 1194 2348 quinta,
1226 2293 1374 2333 Pascha
1395 2295 1596 2333 nomicum

123 2370 204 2395 non
227 2356 460 2400 celebrasse,
493 2369 584 2394 cum
607 2367 738 2406 neque
758 2367 920 2404 agnum,
951 2367 1080 2404 neque
1100 2366 1237 2403 azyma
1265 2350 1499 2400 comederit,
1528 2363 1597 2388 ne-

125 2426 204 2465 que
233 2412 341 2451 aliud
370 2412 575 2464 quidpiam
602 2424 739 2450 eorum
766 2410 928 2459 fecerit,
957 2423 1059 2460 quae
1084 2409 1211 2459 legale
1232 2407 1488 2446 observantes
1515 2407 1592 2444 Pa·
1616 2405 1646 2439 V
1669 2406 1718 2442 23

126 2468 221 2507 seha
243 2482 353 2508 more
369 2468 531 2522 rituque
559 2467 756 2521 majorum
785 2467 998 2506 observare
1018 2466 1219 2505 solebant:
1250 2463 1497 2517 proindeque
1518 2463 1597 2515 pri-

173 2652 216 2718 ἑ)
238 2651 316 2686 Lib.
343 2651 396 2685 12.
421 2649 466 2684 de
489 2648 599 2703 doctr.
623 2653 726 2694 temp.
749 2659 827 2702 pap.
851 2647 906 2681 15.

174 2699 219 2787 23
240 2706 836 2786 3

175 2789 220 2832 ⁴)
244 2789 318 2842 ij.
341 2788 375 2822 5.
399 2786 490 2821 nist.
523 2798 554 2820 c.
581 2788 634 2822 17.

175 2836 221 2924 23
241 2833 538 2914 002³
