1884 3262
0 2179 5 2206 ’ν

0 2318 7 2326 u

0 2439 7 2491 ὲ

595 216 865 260 CHRONICI
899 217 1205 261 PASCHALIS.
1541 217 1637 265 129

266 340 348 367 mv.
407 316 712 380 Epaphroditus
734 357 747 379 ‚
787 327 904 381 cujus
944 329 1123 369 meminit
1154 328 1402 382 Apostolus,
1448 330 1518 381 qui
1549 330 1637 369 An-

150 382 312 422 driacae
343 384 569 437 Episcopus
600 385 687 424 suit.

264 454 329 481 nv.
391 441 536 480 Caesar
557 472 568 491 ,
629 441 745 495 cujus
784 443 962 483 meminit
995 441 1217 496 Apostolus
1236 472 1247 493 ‚
1299 443 1368 496 qui
1410 442 1640 483 Diri-bachii

149 497 374 550 Episcopus
404 498 495 539 suit.

264 569 348 596 LVI.
410 556 591 595 Marinus
629 556 836 595 Barnabae
876 557 1100 609 patruelis,
1142 555 1260 609 cujus
1298 557 1417 597 etiam
1456 558 1639 598 meminit

148 611 389 665 Apostolus,
421 612 492 664 qui
522 619 563 652 et
593 613 883 666 Apolloniados
912 613 991 652 fuit
1017 613 1257 666 Episcopus,

260 683 364 709 Lvn.
423 670 570 718 Jesus,
612 672 842 723 appellatus
879 671 1016 710 Justus
1038 701 1049 721 ,
1097 669 1214 722 cujus
1244 671 1427 710 meminit
1457 673 1640 724 Aposto-

146 726 212 764 lus
250 727 293 765 in
334 726 446 765 Actis
484 727 806 781 Apostolorum,
866 728 939 780 qui
987 734 1028 768 et
1068 727 1376 781 Eleutheropoli
1414 729 1640 782 Episcopus

146 781 242 824 fuit.

259 853 379 880 Lvur.
437 840 648 893 Artemas,
693 841 809 896 cujus
839 841 1021 882 meminit
1051 840 1275 895 Apostolus
1294 872 1305 892 ,
1356 842 1428 895 qui
1454 843 1639 896 Lystriae

147 896 227 936 fuit
255 897 494 951 Episcopus.
851 915 854 922 ·

261 968 346 995 mx.
407 955 615 1006 Clemens,
657 957 774 1010 cujus
812 955 993 996 meminit
1033 955 1280 1008 Apostolus,
1324 956 1392 995 ubi
1423 957 1503 996 ait:
1550 958 1639 997 Cum

148 1010 324 1051 Clemente
351 1017 386 1051 et
414 1015 696 1065 cooperatoribus
724 1016 839 1063 meis,
878 1013 951 1065 qui
981 1019 1021 1052 et
1059 1013 1219 1066 primus
1258 1027 1310 1052 ex
1343 1014 1569 1053 Gentilibus
1599 1023 1640 1055 et

148 1068 312 1108 Graecis
341 1070 385 1109 in
416 1069 620 1110 Christum
648 1071 847 1121 credidit,
888 1077 928 1110 et
958 1070 1220 1123 postmodum
1251 1071 1441 1112 Sardicae
1472 1073 1640 1125 Episco-

144 1139 224 1178 pus
252 1126 342 1166 fuit.

257 1197 327 1225 Lx.
387 1184 691 1237 Onesiphorus,
732 1183 848 1238 cujus
879 1183 1060 1224 meminit
1091 1184 1331 1252 Apostolus,
1368 1186 1438 1238 qui
1468 1186 1639 1239 Episco-

145 1254 225 1294 pus
255 1241 334 1280 fuit
365 1242 584 1283 Coroneae.

259 1312 343 1337 Lxx.
404 1299 630 1352 Tychims,
662 1298 779 1351 cujus
811 1298 992 1337 meminit
1023 1273 1268 1350 Apostolus,
1310 1299 1378 1351 qui
1411 1306 1452 1338 et
1481 1300 1638 1353 primus

145 1355 282 1394 extitit
313 1355 540 1409 Episcopus
571 1355 837 1394 Calchedonis
871 1355 1086 1408 Bithyniae
1116 1356 1242 1394 urbis.

257 1426 358 1451 Lxu.
420 1414 600 1466 Carpus,
635 1413 752 1465 cujus
781 1412 962 1451 meminit
980 1413 1223 1465 Apostolus,
1254 1412 1324 1465 qui
1357 1419 1398 1453 et
1415 1412 1638 1453 Berrhoeae

145 1469 216 1519 (sic
239 1470 326 1520 leg.)
357 1469 557 1510 Thraciae
588 1469 700 1510 urbis
729 1470 958 1523 Episcopus
988 1470 1077 1508 fuit.

258 1541 375 1569 Lxut.
435 1528 626 1578 Evodus,
672 1533 766 1580 post
802 1527 964 1566 Petrum
1005 1526 1246 1579 Apostolum
1285 1525 1522 1566 Antiochiae
1561 1527 1641 1567 suit

141 1583 393 1637 Episcopus,
424 1585 541 1638 cujus
574 1585 692 1624 etiam
720 1584 900 1623 meminit
934 1584 1167 1636 Apostolus.

257 1655 372 1681 wa.
431 1641 693 1682 Aristarchus
711 1672 723 1692 ,
767 1641 884 1694 cujus
915 1641 1035 1680 etiam
1065 1640 1250 1680 meminit
1278 1640 1524 1694 Apostolus,
1567 1641 1638 1693 qui

143 1703 183 1737 et
212 1699 414 1752 Apameae
444 1699 584 1751 Syriae
614 1699 692 1738 fuit
721 1699 962 1751 Episcopus.

258 1769 355 1795 va.
414 1757 597 1806 Marcus,
630 1756 699 1809 qui
730 1763 770 1795 et
789 1756 963 1795 Joannes
993 1755 1149 1804 dictus,
1181 1754 1295 1807 cujus
1327 1754 1458 1794 Lucas
1487 1755 1637 1794 memi-

142 1815 203 1854 nit
230 1809 416 1853 iunctis
447 1813 761 1866 Apostolorum,
792 1813 861 1865 qui
892 1812 1013 1865 Bybli
1042 1813 1122 1851 fuit
1151 1811 1392 1864 Episcopus.

255 1884 370 1911 val.
429 1872 554 1910 Zenas
591 1870 785 1910 Notarius
806 1902 817 1920 ,
868 1870 987 1923 cujus
1028 1869 1149 1909 etiam
1186 1869 1367 1908 meminit
1397 1869 1633 1922 Apostolus,

143 1928 215 1981 qui
244 1934 284 1968 et
313 1927 539 1980 Episcopus
567 1928 644 1967 fuit
673 1928 922 1980 Diospoleos.

256 1998 387 2025 van.
445 1984 681 2025 Philaemon
705 2014 716 2036 ,
771 1985 824 2024 ad
861 1998 981 2037 quem
1021 1984 1142 2024 etiam
1180 1982 1405 2036 Epistulam
1457 1983 1633 2037 scripsit,

145 2042 217 2095 qui
246 2049 286 2082 et
313 2042 541 2095 Episcopus
576 2043 707 2082 Gazae
737 2042 826 2084 fuit.

257 2103 702 2140 va111.1,xxx.‘.1.xx
760 2097 1044 2149 Aristarchus,
1082 2103 1122 2137 et
1154 2096 1342 2146 Pudens,
1383 2102 1423 2135 et
1453 2095 1634 2150 Trophi—

143 2170 247 2199 mus.
304 2155 357 2195 Hi
386 2162 470 2195 tres
498 2157 541 2194 in
571 2156 756 2195 omnibus
792 2154 1142 2210 persecutionibus
1171 2167 1264 2193 cum
1286 2153 1484 2206 Apostolo
1515 2154 1632 2194 dive·
1661 2202 1665 2205 q

143 2215 250 2264 xati,
288 2213 454 2253 tandem
482 2214 633 2253 Romae
673 2227 767 2252 cum
803 2213 946 2253 eodem
973 2212 1172 2266 Apostolo
1201 2211 1275 2250 sub
1304 2211 1465 2250 Nerone
1492 2211 1634 2265 Impe-

143 2277 281 2311 ratore
313 2270 446 2324 capite
475 2270 587 2324 plexi
615 2276 722 2310 sunt.

259 2327 366 2367 Haec
403 2333 466 2367 ter
504 2327 757 2367 beatissimus
797 2327 977 2379 felixque
1027 2325 1190 2365 omnino
1232 2321 1493 2373 Dorotheus,
1538 2337 1631 2363 cum

143 2385 295 2424 Romae
324 2391 491 2437 ageret,
534 2385 714 2424 Romano
745 2397 927 2424 sermone
954 2384 998 2422 in
1035 2380 1342 2422 commentarios
1370 2355 1542 2432 retulit,
1579 2395 1630 2420 ex

142 2442 296 2494 quibus
329 2457 353 2481 a
381 2442 499 2481 nobis
529 2448 761 2496 exceptam,
799 2455 847 2480 ac
875 2442 918 2480 in
948 2442 1143 2480 Graecam
1173 2438 1348 2490 linguam
1378 2451 1630 2485 conversam,

0 2494 17 2693 B
147 2499 400 2553 septuaginta
422 2499 715 2554 discipulorum
745 2499 1042 2549 collectionem,
1075 2509 1243 2550 eamque
1260 2495 1381 2536 fidam
1401 2509 1450 2535 ac
1466 2494 1626 2536 veritati

211 2964 406 3001 Chr-«micon
435 2967 601 3003 Paschale
630 2968 698 3002 vol.
721 2968 768 3001 Π.
1320 2960 1347 2998 9
