1832 3276
285 175 384 224 558
757 139 1279 225 ANIMADVERSIONES

395 288 488 327 Fuit
527 287 722 339 Berosus,
760 289 924 330 Tatiano
964 296 1062 330 teste
1098 291 1328 331 Alexandro
1358 291 1619 334 Macedonum
1646 303 1739 345 rege

282 347 501 398 imperante
529 345 731 397 Babylone
759 353 874 386 natus
903 347 1086 387 sacerdos
1113 349 1213 398 Beli,
1243 349 1316 388 sub
1338 348 1535 390 Antiocho
1551 351 1619 391 111.
1647 357 1740 405 post

283 403 505 442 Seleucum.
534 402 695 454 scripsit
729 402 777 442 de
805 404 924 443 rebus
954 403 1245 444 Chaldaeorum
1263 412 1304 446 et
1320 407 1480 458 regibus
1501 408 1627 447 libros
1643 415 1738 448 tres.-

281 459 413 497 Secuti
444 465 538 497 sunt
564 458 674 497 hunc
704 459 932 512 Abydenus,
960 460 1247 514 Apollodorus,
1275 463 1500 504 Alexander
1528 465 1747 518 Polyistor‚·

278 514 494 568 Josephus,
532 529 704 567 quorum
734 517 953 568 fragmenta
989 519 1031 557 in
1060 518 1248 558 thesauro
1283 520 1505 560 Eusebiano
1540 522 1740 573 leguntur.

280 571 333 609 De
362 573 511 611 Beroso
540 586 635 611 vero
667 578 707 611 et
734 574 987 626 supposititio
1008 582 1117 614 extat
1137 576 1345 627 singularis
1361 577 1594 630 disputatio,-
1621 592 1739 630 quam

275 633 408 667 tamen
447 643 528 667 non
569 642 702 668 omnes
743 637 978 682 sequuntur.-
1022 632 1166 671 falsum
1203 640 1360 686 praeter
1404 635 1502 673 alios
1541 635 1739 688 Goropius

274 685 408 723 tradit.

57 745 70 759 ·
90 745 274 781 Eusebium
388 742 453 781 VI.
511 741 667 794 Alorus]
708 741 732 766 *
767 743 828 782 Ex
857 744 1102 796 Apollodoro
1132 744 1268 785 decem
1296 746 1416 798 primi
1445 746 1565 787 duces
1595 756 1741 786 numo»

57 791 113 825 adl
128 789 167 826 ἐν
178 792 430 838 need-rantur,

57 850 111 893 ²⁷⁶3
156 851 278 894 759⁰?st
500 860 536 898 1.
595 854 754 895 Alorus.

58 888 277 977 zss'gbyggffi
499 917 538 956 2.
597 912 810 963 Alasparus
827 913 893 952 vel
915 913 1108 967 Alaparus
1129 915 1191 953 vel
1210 914 1381 967 Alparus
1403 915 1589 956 mendose
1608 914 1739 956 credo.

498 970 538 1011 3.
595 968 766 1007 Amilon.

499 1028 540 1066 4.
597 1025 790 1064 Amenon.

498 1081 537 1123 5.
597 1081 819 1121 Metalarus.

500 1140 539 1178 6.
598 1138 761 1178 Daorus.

497 1196 538 1234 7.
596 1192 865 1234 A'edorachus.

497 1251 536 1291 8.
596 1249 774 1303 Amphis.

421 1307 427 1326 s
495 1307 534 1347 9.
594 1306 783 1349 Otiortes.

501 1366 563 1405 10.
593 1363 832 1403 Xixuthrus.
1290 1412 1294 1415 .

389 1417 471 1456 Hos
500 1425 642 1458 auctor
672 1420 857 1460 chronici
890 1420 1016 1460 nostri
1045 1427 1160 1474 putat
1189 1421 1310 1460 fuisse
1339 1422 1516 1473 gigantes
1547 1421 1661 1468 illos,
1691 1418 1743 1458 de

276 1474 421 1526 quibus
461 1475 620 1515 divinae
654 1478 810 1517 litterae
850 1480 1079 1526 meminere,
1137 1479 1207 1517 sed
1256 1485 1345 1517 ante
1383 1478 1579 1517 diluvium
1617 1477 1743 1515 claros

277 1538 373 1569 tunc
404 1532 511 1583 apud
542 1547 689 1572 omnes.

389 1589 476 1628 VII.
536 1590 641 1633 Quod
679 1592 792 1630 multa
831 1592 972 1630 malitia
999 1594 1085 1629 esset
1110 1591 1285 1630 hominum
1312 1604 1418 1642 super
1445 1589 1612 1641 terram]
1653 1589 1745 1627 Oc·-

279 1646 384 1684 culta
416 1646 578 1695 Enocbi,
607 1648 790 1687 referunt·
815 1649 990 1699 gigantes
1019 1653 1176 1698 praeter
1204 1648 1284 1686 alia·
1311 1647 1500 1686 veneficia
1527 1646 1681 1685 scelera
1705 1651 1744 1684 et

277 1702 426 1753 flagitia
465 1702 659 1743 humanas
699 1718 835 1744 carnes
874 1705 1120 1755 degustasse,
1158 1710 1197 1742 et
1225 1703 1576 1756 anthropophagos
1606 1702 1743 1742 fuisse.

281 1757 376 1811 μετοέ
416 1757 459 1799 δὲ
500 1764 624 1801 ταῦτα
653 1759 825 1815 ἤρξαντο
855 1762 897 1801 οἱ
919 1763 1098 1814 γίγαντες
1127 1761 1355 1801 κατεσθίειν
1382 1758 1454 1808 τοὶς
1483 1757 1635 1813 σάρκας
1661 1761 1744 1799 ταῖν

280 1812 534 1869 ἀνθρώπων·
572 1819 688 1869 plura
728 1824 932 1857 enumerat
971 1816 1008 1859 S.
1041 1815 1268 1856 Methodius
1305 1817 1478 1869 Mastyr,
1517 1823 1635 1868 quam
1662 1828 1743 1854 non

280 1885 396 1911 nemo
441 1873 586 1911 frustra
630 1875 779 1914 refutat
817 1881 986 1927 propter
1021 1869 1250 1926 ἐλογιστίαν
1289 1873 1582 1923 chronologiae.
1640 1871 1742 1910 Auia

280 1928 620 1975 madvertendum,
650 1931 691 1969 in
720 1936 943 1983 temporum
971 1930 1124 1968 ratione
1152 1931 1306 1970 nullum
1336 1943 1422 1969 esse
1438 1939 1613 1969 errorem
1635 1927 1743 1981 apud

279 1985 551 2036 Methodium,
589 1987 658 2025 sed
698 1988 807 2039 apud
841 1993 1110 2026 enarratorem
1149 1988 1234 2039 ejus
1273 1986 1540 2026 comestorem
1579 1989 1646 2036 (et
1674 1985 1744 2036 qui

281 2042 394 2080 illum
418 2047 667 2094 sequuntur)
697 2044 766 2095 qui
796 2044 964 2096 pessime
992 2043 1192 2081 intellecta
1219 2042 1417 2082 Methodii
1441 2041 1744 2083 ratiocinatione

281 2105 341 2136 tot
373 2099 570 2138 Chiliades
601 2100 740 2149 finxit,
781 2106 880 2152 quot
911 2099 1137 2139 Methodius
1178 2112 1381 2151 nunquam
1411 2098 1612 2151 cogitavit».
1667 2099 1744 2137 Re.

281 2155 412 2194 citabo
449 2155 535 2208 ipsa
572 2156 696 2195 verba
735 2156 951 2204 Methodii,
1002 2161 1041 2194 et
1087 2156 1320 2209 subjungam
1366 2157 1466 2195 falsa
1504 2153 1745 2194 comestoris

62 2217 89 2233 ‘⁸
113 2218 164 2251 Ex
179 2216 269 2251 anti-
281 2212 530 2263 glossemata.
587 2210 632 2238 *¹*
660 2214 872 2253 Sciendum
901 2223 1072 2264 namque
1105 2220 1185 2263 est,
1224 2211 1356 2265 inquit
1384 2211 1636 2261 methodius,
1678 2224 1746 2250 ex-

62 2275 127 2310 quo
162 2263 270 2297 ἱῐῑῐθῐ-
281 2274 419 2306 euntes
452 2269 574 2307 Adam
604 2275 643 2308 et
671 2270 795 2309 Evam
828 2270 878 2309 de
917 2269 1106 2322 paradiso
1136 2270 1307 2321 ‘virgines
1336 2270 1473 2309 fuisse.
1528 2270 1643 2308 Anno
1674 2275 1745 2306 au-

116 2314 223 2355 prete.
280 2331 361 2363 tem
392 2325 596 2363 tricesimo
624 2327 865 2378 expulsionis
894 2334 1031 2366 eorum
1060 2327 1109 2366 de
1136 2327 1327 2379 paradiso·
1352 2331 1574 2378 genuerunt
1594 2324 1750 2378 primo-⁶·

279 2381 451 2432 genitum
482 2388 522 2421 et
550 2396 726 2420 sororem
756 2383 840 2434 ejus
868 2384 1076 2423 Deboram.
1133 2383 1251 2422 Anno
1280 2389 1410 2423 autem
1439 2382 1637 2422 tricesimo
1654 2394 1745 2420 cen-

277 2438 418 2477 tesimo
445 2438 551 2477 vitae
580 2432 689 2477 Adae
718 2440 864 2478 occidit
893 2441 989 2479 Cain
1018 2441 1182 2479 fratrem
1210 2452 1326 2479 suum
1355 2439 1471 2489 Abel,
1497 2444 1538 2478 et
1564 2437 1745 2477 fecerunt

279 2495 486 2547 planctum
525 2504 647 2546 super
686 2508 788 2535 eumz
847 2496 973 2535 Adam
1010 2502 1172 2548 quoque
1213 2502 1253 2536 et
1290 2497 1376 2536 Eva
1413 2495 1527 2534 annis
1570 2500 1749 2533 eentum.

282 2550 561 2590 Ducentesimo
598 2557 729 2590 autem
766 2551 968 2592 tricesimo
1007 2562 1112 2592 anuo
1149 2552 1270 2606 primi
1305 2551 1515 2592 millenarii
1544 2549 1656 2602 quod
1685 2549 1749 2589 est-

280 2607 455 2659 primum
491 2608 715 2656 saeculum,
752 2615 870 2647 natus
909 2616 969 2649 est
1005 2609 1104 2649 seth
1138 2610 1203 2649 vir
1240 2609 1346 2661 gigas
1374 2609 1415 2647 in
1444 2606 1746 2647 similitudinem

281 2663 401 2705 Adae.
1260 2695 1263 2698 ,

215 2721 258 2756 21
397 2719 722 2770 Quingentesimo
759 2732 857 2759 vero
890 2730 998 2759 anno
1034 2721 1078 2760 in
1113 2721 1247 2760 eadem
1285 2722 1413 2773 prima
1443 2719 1635 2776 chiliade,
1671 2718 1744 2756 filii

285 2776 382 2814 Cain
421 2776 688 2816 abutebantur
725 2776 920 2816 uxoribus
948 2778 1116 2817 fratrum
1144 2788 1308 2817 suorum
1342 2777 1385 2816 iu
1415 2774 1743 2816 fornicationibus

283 2832 423 2872 nimiis.
480 2834 775 2873 Sexcentesimo
803 2840 934 2874 autem
964 2842 1065 2873 anno
1095 2833 1220 2886 ipsius
1248 2834 1473 2883 millenarii,
1501 2833 1580 2873 viri
1600 2842 1740 2884 magno
