1820 3276
272 190 373 239 432
845 196 1168 239 ΝΟΤΑΕ

269 318 366 343 nun.
395 306 433 342 in
463 303 632 342 Sasemis.
690 302 921 343 Theodorus
949 305 1115 351 Lector,
1147 305 1190 346 ἓν
1219 302 1458 360 Βουσᾶμοις.
1517 306 1733 360 Theopha-

269 376 339 400 nes
370 360 539 412 denique
569 368 607 398 et
638 363 810 412 Symeon
841 361 1076 412 Logotheta,
1109 361 1306 412 Gueuszm,
1338 365 1405 403 vel
1434 371 1480 402 ut
1509 364 1647 403 scribit
1668 364 1734 402 Ni-

272 416 469 469 cephoxus
510 416 604 454 Call.
644 416 710 456 lib.
742 431 828 457 XVI.
868 431 954 470 cap.
984 433 1072 458 vm.
1111 420 1278 458 Acusum.
1340 420 1397 458 lbi
1439 434 1560 472 porro
1600 421 1736 459 extin—

272 481 380 511 ctum
410 474 634 526 Scriptores
665 487 800 512 omnes
830 475 1011 525 tradunt,
1041 473 1263 531 παρανόμῳ
1292 477 1441 530 κρίσει,
1471 477 1601 529 inquit
1627 477 1736 516 Mal-

271 529 384 569 chus.

388 589 482 636 Pag.
512 588 606 628 602.
637 588 675 626 9.
734 585 1080 639 Λιμοκτονηθεις]
1121 588 1177 626 De
1214 589 1389 627 Basilisci
1427 590 1564 629 mortis
1593 603 1734 641 genere

271 657 350 682 non
390 642 640 680 consentiunt
683 642 883 682 Historici.
940 644 1158 695 Procopius
1193 645 1259 685 lib.
1292 659 1318 683 1.
1350 645 1513 687 vandal.
1544 660 1630 698 cap.
1660 659 1735 685 vn.

270 699 395 738 tradit
442 699 675 737 Basiliscum
727 713 818 738 cum
863 700 993 739 liberis
1040 707 1158 752 atque
1199 715 1325 740 uxore
1362 702 1403 740 in
1444 702 1735 755 Cappadociam

271 755 412 808 hyeme
449 755 694 806 ablegatum,
733 756 817 794 sine
855 757 1036 804 cibariis,
1081 758 1167 796 sine
1204 759 1406 807 vestibus,
1451 765 1492 797 et
1529 760 1613 798 sine
1651 760 1735 798 ulla

270 826 367 864 ope:
408 811 554 863 hicque
591 811 683 851 illos
723 814 873 863 frigore
903 820 942 852 et
971 814 1072 852 fame
1100 815 1372 867 prementibus
1401 816 1569 855 alterum
1599 816 1649 854 ad
1679 816 1737 854 al-

271 876 402 908 terum
432 883 471 907 se
503 869 735 921 applicasse,
766 869 902 921 sicque
930 870 1099 908 animam
1132 872 1296 910 efflasse.
1353 869 1437 910 Nec
1468 873 1631 911 omnino
1655 872 1737 910 dis·

270 926 390 964 sentit
417 924 649 973 Jornandes‚
682 926 749 977 qui
780 926 1013 965 Basiliscum
1045 927 1190 978 frigore
1219 936 1522 981 consumptum:
1556 935 1595 968 et
1626 930 1736 968 Ano-

269 995 415 1035 nymus
445 982 697 1031 Valesianus,
738 983 806 1034 qui
835 984 1034 1022 inclusum
1065 997 1155 1022 cum
1187 998 1313 1023 uxore
1343 993 1382 1024 et
1411 985 1503 1023 filiis
1534 987 1636 1024 intra
1669 985 1736 1033 cie·

270 1045 442 1078 sternam
473 1039 618 1076 siccam
655 1039 800 1077 ibidem
833 1041 979 1090 frigore
1019 1041 1208 1080 defecisse
1245 1041 1447 1080 scribunt:
1486 1042 1738 1094 Nicephorus

270 1095 392 1134 Acusi
421 1096 673 1134 interfectum
704 1096 866 1135 scribit:
894 1097 1024 1136 Joeles
1053 1111 1150 1136 vero
1182 1098 1223 1136 in
1253 1105 1428 1137 castrum
1461 1099 1739 1151 Cappadociae

269 1153 512 1204 relegatum,
539 1152 672 1203 ibique
702 1152 858 1190 foribus
889 1153 1061 1192 occlusis
1091 1167 1142 1191 ex
1169 1155 1254 1193 vita
1285 1155 1508 1194 excessisse.

390 1211 483 1258 Pag.
515 1211 609 1251 602.
642 1211 706 1250 13.
763 1210 974 1250 Βασιλείου
1005 1206 1159 1261 μόνου]
1207 1211 1286 1259 Qui
1321 1213 1444 1250 Iunior
1483 1211 1634 1250 dicitur
1663 1213 1739 1250 Se-

270 1265 423 1314 natori,
464 1270 503 1302 et
546 1265 750 1303 Praetorio
795 1266 1026 1304 Praefectus
1066 1266 1164 1316 suit,
1203 1268 1254 1306 ad
1293 1268 1506 1313 discrimen
1547 1269 1739 1315 Caecinae

269 1320 423 1367 Basilii,
456 1320 523 1372 qui
557 1321 643 1358 CoS.
674 1320 748 1360 suit
777 1335 868 1359 cum
898 1323 1078 1361 Viviano.
1589 1364 1592 1366 ,

387 1380 478 1427 Pag.
508 1380 602 1420 602.
637 1377 700 1419 15.
761 1379 965 1431 Πλακίτα]
1023 1381 1112 1430 Leg.
1163 1380 1379 1420 Πλακίτου.
1445 1380 1593 1420 Extitit
1636 1380 1739 1425 alius

270 1434 466 1482 Placitus‚
514 1447 630 1485 quem
662 1433 876 1473 Theodosii
905 1435 1130 1483 studiorum
1159 1436 1309 1475 socium
1340 1450 1418 1475 una
1451 1450 1542 1476 cum
1572 1437 1739 1476 Paulino

265 1491 393 1539 *fuisse
430 1490 569 1531 scribit
606 1491 775 1530 Joannes
821 1491 1102 1532 Antiochenus.
1160 1493 1277 1531 Hunc
1305 1507 1401 1559 vero
1428 1494 1516 1534 Cos.
1547 1494 1740 1533 Placidum

262 1556 418 1588 vocant
449 1546 539 1585 alii.
572 1547 795 1596 Placfflium,
827 1550 1004 1590 Senator.

388 1606 606 1654 Pag.602.
640 1607 703 1646 16
769 1602 1021 1658 Τροκόνδου]
1053 1605 1311 1644 Marcellinus
1342 1611 1381 1650 et
1404 1606 1617 1656 Victorius,
1649 1605 1740 1645 Tro-

270 1661 387 1700 cundo
413 1664 447 1698 et
477 1659 655 1703 Severino.
714 1662 880 1700 Senator
900 1662 1158 1701 Trocundum
1179 1662 1339 1712 omittit,
1367 1676 1481 1713 quem
1507 1664 1543 1702 T
1540 1664 1741 1702 ncumltum

269 1731 482 1770 perperam
523 1723 643 1755 vocat
683 1717 820 1756 Victor
856 1719 984 1757 Tunn.
1015 1725 1062 1757 ut
1092 1720 1359 1773 Προκουνδον
1391 1718 1627 1759 Theodorus
1657 1721 1741 1759 Le-

271 1779 359 1811 ctor
399 1779 437 1810 et
474 1771 736 1825 'lheophanes
773 1789 835 1813 an.
867 1790 927 1813 111.
966 1782 1004 1814 et
1040 1789 1127 1817 Xiv.
1158 1776 1350 1826 Zenonis,
1387 1776 1455 1826 qui
1490 1772 1603 1816 idem
1635 1777 1740 1816 sorte

272 1843 364 1868 cum
399 1829 605 1878 Trobundo,
645 1831 708 1868 Illi
749 1831 894 1883 fratre,
934 1832 984 1871 de
1015 1846 1095 1884 quo
1126 1833 1228 1871 idem
1260 1830 1523 1885 Theophanes
1553 1847 1656 1890 anno
1681 1847 1740 1872 x1.

272 1885 448 1939 ejusdem
479 1885 660 1936 Augusti.

389 1945 483 1991 Pag-
515 1946 609 1984 602.
644 1946 707 1984 17
768 1939 958 1983 Φαύστου
988 1941 1144 1998 μόνου]
1190 1944 1306 1984 Hunc
1337 1945 1594 1984 Consulatum
1634 1945 1742 1984 delet

271 1998 517 2048 Holstenius,
549 2005 587 2037 et
617 1994 802 2039 οἷνύπατα
829 2001 1002 2052 reponit.
1059 2003 1116 2039 De
1147 2001 1223 2040 hoc
1254 2002 1423 2049 Consule
1452 2002 1531 2053 egit
1559 2003 1741 2041 sirmon-

272 2056 349 2094 dus
378 2054 428 2093 ad
458 2055 627 2093 Ennotlii
660 2055 729 2093 lib.
753 2070 783 2095 1.
815 2057 941 2108 Epist.
970 2071 1026 2095 1v.
1059 2064 1096 2096 et
1130 2059 1179 2096 ad
1210 2058 1318 2097 Aviti
1348 2058 1472 2110 Epist.
1503 2072 1618 2105 xxxt-

120 2108 150 2143 P
179 2105 247 2144 584
387 2114 604 2161 Pag.602.
637 2115 701 2154 19.
764 2113 1033 2166 Θεοδορίχου]
1069 2115 1246 2155 Holsten.
1287 2114 1399 2153 addit
1427 2111 1566 2168 μόνου.
1626 2115 1741 2154 Felix

270 2181 368 2206 vero
399 2169 506 2219 Papa
535 2181 595 2206 111.
626 2168 748 2219 Epist.
779 2182 833 2207 VI.
866 2176 906 2208 et
934 2184 990 2209 xx.
1024 2171 1258 2209 venantium
1290 2172 1419 2210 solum
1452 2171 1641 2223 agnoscit.
1699 2171 1740 2211 Is

271 2231 330 2262 est
369 2238 492 2275 porro
528 2223 804 2263 Theudoricus
841 2212 928 2265 Rex‘
968 2227 1120 2278 ltaliae,
1162 2241 1277 2279 quem
1321 2227 1557 2281 Θεοδὲριχον
1592 2233 1741 2267 vocant

270 2280 472 2329 Malchus‚
503 2271 737 2320 Theodorus
768 2282 935 2333 Lector,
975 2284 1167 2335 Evagrius
1198 2290 1238 2322 et
1266 2283 1550 2336 Theophanes:
1594 2298 1742 2337 quem-

243 2382 249 2387 ·
274 2350 368 2388 que,
399 2343 443 2374 ut
473 2337 528 2374 ait
556 2337 775 2376 Jornandes
806 2353 891 2390 cap.
920 2354 1020 2378 Lvn.
1060 2343 1162 2391 genti
1187 2355 1273 2379 suae
1299 2341 1435 2391 Regem
1462 2342 1614 2379 audiens
1642 2341 1742 2380 ordi-

272 2398 395 2431 παίωνι
424 2392 621 2444 Imperator
649 2394 767 2442 Zeno,
806 2400 951 2445 gratum
979 2400 1152 2448 suscepit,
1189 2400 1288 2448 eique
1322 2400 1519 2436 evocatoria
1548 2398 1740 2445 destinata,

273 2449 324 2488 ad
362 2462 398 2486 se
435 2451 472 2487 in
509 2450 627 2486 urbem
655 2453 771 2488 venire
795 2456 996 2504 praecepit,
1034 2455 1209 2504 dignoque
1233 2456 1435 2504 suscipiens
1464 2454 1613 2502 honore,
1648 2456 1741 2493 inter

276 2505 441 2551 Proceres
477 2507 536 2542 sui
568 2505 706 2556 palatii
740 2507 941 2558 collocavit,
986 2514 1051 2550 etc.
1109 2509 1312 2561 Factusque
1338 2513 1390 2548 est
1421 2509 1550 2547 Consul
1583 2510 1741 2549 Ordina-

268 2565 374 2610 rius,
427 2562 520 2612 quod
556 2574 724 2599 summum
762 2563 908 2613 bonum,
949 2569 1169 2617 primumque
1200 2568 1238 2604 in
1267 2566 1395 2603 mundo
1433 2566 1539 2604 decus
1575 2567 1739 2606 edicitur.

274 2617 391 2655 Hunc
434 2616 671 2656 Theodorici
711 2618 965 2658 Consulatum
1007 2621 1134 2672 attigit
1173 2621 1378 2660 Ennodius
1416 2620 1457 2659 in
1498 2623 1738 2674 Panegyrico

268 2674 401 2719 eidem
441 2673 682 2713 dicto:1lle
719 2688 830 2713 annus
867 2677 994 2714 habuit
1027 2677 1229 2726 Consulem,
1269 2680 1332 2728 qui
1365 2678 1634 2729 Rempublicam
1669 2692 1739 2718 non

276 2735 350 2768 tam
387 2730 623 2769 sollicitudine
659 2743 763 2782 quam
800 2734 957 2782 opinione
996 2737 1168 2771 tueretur:
1204 2747 1272 2784 quo
1310 2736 1348 2772 in
1387 2737 1576 2784 segmentis
1607 2738 1737 2787 posito,

277 2799 367 2837 quae
395 2788 439 2825 ab
467 2788 623 2825 hostibus
650 2791 788 2838 sumpto
811 2788 961 2838 fuerant
988 2802 1108 2837 arma,
1139 2793 1360 2829 tremuerunt.
1420 2791 1498 2829 Ubi
1524 2791 1630 2831 forte
1663 2804 1738 2845 per

275 2843 408 2892 hostes,
443 2843 656 2883 samaritas
684 2842 870 2896 intelligit
899 2844 966 2897 qui
997 2858 1044 2884 eo
1073 2859 1178 2885 anno
1206 2846 1459 2887 rebellarunt.
