1820 3276
118 1062 242 1100 v509

269 215 369 265 418
633 205 638 216 ³
832 214 1153 260 NOTAE

270 325 477 375 Caesario,
507 325 576 378 qui
610 323 837 365 Praefectus
857 324 1059 366 Praetorio
1087 325 1160 364 sub
1185 324 1410 366 Theodosio
1436 320 1487 366 M.
1517 332 1556 366 et
1583 314 1732 364 Consul

271 398 363 424 cum
382 382 520 422 Attico
544 396 650 422 anno
669 395 840 423 cccxcn.
861 383 1010 422 evincit
1026 389 1254 435 temporum
1274 382 1390 421 ratio.

387 443 480 489 Pag.
511 439 607 483 591.
644 442 679 481 1.
738 441 875 488 Ετους
897 436 1012 493 unffi]
1059 439 1159 478 Vide
1189 438 1496 477 Grandamicum
1531 444 1648 491 parte
1669 448 1732 478 111.

260 495 464 536 Chronol.
491 495 639 535 Christ.
667 509 711 548 p.
739 499 832 540 127.

377 553 469 592 [bid.
529 552 781 605 Πουλχερία]
812 552 869 591 De
892 551 956 591 die
974 557 1013 590 et
1042 565 1146 590 anno
1175 551 1315 590 mortis
1331 549 1563 589 Pulcheriae
1581 549 1734 600 egimus

269 610 311 648 in
332 609 506 648 Familiis
527 608 783 662 Byzantinis,
813 622 865 648 ex
877 608 1149 660 scriptoribus
1169 607 1224 646 ibi
1242 607 1414 647 laudatis
1428 639 1440 658 ‚
1461 619 1563 658 quos
1583 605 1618 644 si
1637 619 1733 645 con-

269 666 458 705 suluisset
478 666 665 704 Petavius
683 665 753 703 lib.
772 678 836 705 111.
864 664 914 704 de
933 665 1070 706 Doctr.
1095 665 1233 716 Temp.
1261 664 1471 717 cap.'x1.11.
1490 676 1571 701 non
1595 661 1734 701 dixis-

268 729 331 762 set
352 724 408 762 ita
427 722 607 773 ambigue
631 722 811 760 locutum
837 723 1051 760 Auctorem
1080 720 1289 772 Chronici‚
1316 727 1364 760 ut
1385 720 1538 759 nescias
1569 731 1620 757 an
1638 723 1732 758 nota

268 779 340 817 illa
368 779 560 830 temporis
588 779 774 830 proxime
805 778 1002 830 adscripta
1034 778 1087 817 ad
1109 779 1306 829 Augustae
1330 784 1526 826 mortem,
1556 789 1607 814 an
1635 788 1734 815 vero

271 836 321 875 ad
353 835 631 875 inventionem
661 834 811 888 Capitis
842 834 953 874 Sacri
991 835 1268 873 Praecursoris
1298 834 1440 873 referri
1469 831 1633 881 debeat,
1668 829 1734 870 cui

270 893 433 932 omnino
454 899 493 931 et
517 892 630 931 unice
653 891 866 931 convenire
885 897 1056 930 testatur
1081 891 1337 930 Marcellinus
1355 891 1496 929 Comes
1515 887 1594 927 hoc
1616 900 1736 936 anno,

268 949 338 988 ubi
364 948 442 988 hac
459 949 696 988 Inventione
724 954 910 999 narrata,
939 947 1103 997 subdit,
1133 961 1214 986 non
1240 947 1419 987 indicato
1447 946 1533 995 die,
1562 943 1735 984 Pulche-

268 1006 353 1046 riae
381 1005 548 1045 obitum.

388 1065 480 1113 Pag.
511 1062 605 1104 591.
644 1062 682 1102 6.
742 1059 831 1100 Επὶ
860 1061 942 1100 τῶν
971 1057 1249 1113 προκειμένων
1280 1053 1479 1111 Τπᾶτων]
1516 1056 1734 1096 Historiam

270 1119 469 1159 secundae
490 1116 738 1156 Inventionis
755 1115 904 1168 Capitis
933 1116 972 1155 S.
991 1115 1151 1154 Joannis
1170 1116 1372 1168 Baptistae
1397 1114 1440 1153 in
1460 1115 1646 1153 Emesena
1669 1113 1736 1152 ci-

270 1177 394 1216 vitate
421 1176 549 1220 facta,
580 1174 628 1211 ab
651 1173 806 1211 Abbate
831 1172 1019 1211 Marcello
1050 1172 1263 1224 scriptam,
1294 1170 1491 1210 edidimus
1513 1176 1605 1223 post
1624 1171 1735 1209 Tra·—

270 1239 421 1272 etatum
442 1231 492 1270 de
526 1230 666 1282 Capite
697 1228 874 1281 ejusdem
907 1228 1043 1267 Sancti
1073 1227 1370 1277 Praecursoris,
1399 1241 1450 1267 ex
1472 1226 1570 1266 cod.
1591 1227 1734 1277 Regio;

271 1302 373 1340 quae
393 1287 554 1340 quidem
572 1285 764 1324 laudatur
783 1299 805 1323 a
824 1283 1053 1337 Nicephoro
1070 1285 1206 1323 Urano
1221 1285 1263 1323 in
1282 1284 1374 1323 Vita
1393 1285 1434 1325 S.
1453 1283 1623 1322 Danielis
1644 1283 1734 1323 Jun.

270 1346 441 1398 Sty-litae
470 1358 507 1383 n.
531 1355 604 1382 v11.
634 1355 726 1381 cum
753 1341 939 1381 versione
971 1341 1146 1393 Dionysii
1170 1340 1339 1392 Exigui,
1369 1355 1390 1378 a
1413 1353 1493 1392 quo
1513 1339 1640 1392 prims
1667 1339 1735 1379 di-

72 1385 83 1397 -.
128 1405 158 1440 P
180 1403 249 1441 577
274 1403 404 1450 citur,
437 1400 549 1453 quasi
569 1399 680 1438 illam
701 1411 803 1450 quae
823 1396 899 1436 sub
922 1397 1150 1437 Theodosio
1169 1397 1224 1438 Μ.
1240 1396 1425 1447 contigit,
1455 1410 1537 1435 non
1562 1408 1736 1447 agnove-

272 1459 348 1507 rit,
377 1457 472 1497 licet
499 1455 568 1495 alii
594 1462 677 1494 tres
706 1454 966 1495 inventiones
992 1454 1227 1503 admittant,
1257 1460 1377 1506 atque
1396 1454 1481 1505 ipse
1500 1451 1735 1493 Theodorus

273 1514 431 1554 studita
468 1527 513 1553 ea
550 1511 749 1551 Oratione
783 1524 902 1564 quam
940 1511 997 1560 εἷς
1031 1507 1109 1563 τήν
1137 1511 1274 1565 τρίτην
1309 1507 1467 1561 εὕρεσιν
1491 1511 1566 1562 τῆς
1602 1509 1737 1560 τιμίας

276 1573 470 1623 Κεφαλῆς
502 1571 580 1611 τοῦ
608 1567 728 1622 ἁγίου
759 1564 1000 1622 Προδρόμου
1042 1567 1269 1620 inscripsit,
1309 1579 1508 1618 quamque
1539 1565 1738 1605 edidimus

272 1634 367 1680 post
398 1626 567 1666 eundem
599 1626 832 1664 Tractatum
870 1630 1054 1663 nostrum
1084 1624 1135 1663 de
1165 1623 1229 1662 his
1262 1623 1393 1662 tribus
1422 1621 1736 1673 inventionibus,

273 1698 368 1724 cum
391 1683 545 1722 duabus
575 1681 664 1720 aliis
684 1680 981 1720 narrationibus
1010 1681 1061 1719 de
1085 1679 1268 1719 secunda.

389 1743 481 1790 Pag.
510 1740 607 1781 591.
645 1739 686 1779 9.
753 1739 814 1793 Τῇ
839 1736 938 1793 μέσῃ
973 1733 1169 1790 ἕβδομάδι
1196 1739 1279 1777 ταῖν
1306 1736 1525 1788 νηστειῶν]
1572 1734 1654 1784 Qui
1685 1734 1737 1774 de

275 1796 428 1850 Capitis
452 1798 491 1838 S.
507 1793 668 1833 Joannis
686 1794 803 1846 Bapt.
825 1794 987 1832 Emesae
1007 1794 1111 1832 facta
1134 1789 1367 1832 Inventione
1386 1791 1608 1843 scripsere,
1632 1791 1737 1830 Mar·

250 1850 407 1892 'callim
435 1853 600 1899 Comes,
631 1864 654 1888 a
685 1862 766 1900 quo
797 1849 848 1888 ad
875 1863 1011 1888 xxun.
1030 1850 1260 1899 Februarii,
1293 1848 1422 1887 Abbas
1451 1848 1671 1888 Marcellus
1695 1854 1761 1888 et·

272 1909 423 1948 Auctor
452 1906 642 1946 Chronici
674 1905 902 1955 Paschalis,
942 1920 965 1944 a
993 1906 1142 1957 quibus>
1172 1906 1223 1944 ad
1246 1917 1366 1946 xvm.
1387 1904 1564 1957 ejusdem
1590 1904 1736 1944 mensis

271 1966 466 2014 refertur,
505 1963 608 2002 hanc
640 1962 771 2000 media
797 1961 1067 2014 Jejuniorum,
1105 1974 1175 2000 seu
1202 1961 1534 2011 Quadragesimae
1571 1960 1737 2000 hebdo—

274 2020 414 2070 made,
448 2019 528 2058 hoe
556 2032 661 2057 anno
687 2017 832 2069 hisque
865 2016 974 2058 Coss.
1002 2018 1217 2069 contigisse
1243 2018 1409 2066 volunt,
1451 2017 1561 2068 quod
1593 2031 1616 2055 a
1638 2031 1736 2057 vero

274 2077 440 2116 omnino
474 2074 645 2114 alienum
685 2080 756 2114 est.
814 2075 932 2113 Anno
960 2074 1110 2127 quippe
1142 2073 1292 2112 Christi
1323 2073 1565 2125 Dionysiana
1596 2086 1735 2116 oman.

273 2147 375 2186 quo,
403 2132 623 2171 secundum
646 2129 920 2181 chronologos
941 2133 1099 2177 omnes,
1119 2130 1340 2170 vincomali
1359 2136 1399 2169 et
1415 2129 1612 2182 Opilionis
1627 2131 1736 2169 Con*-

274 2190 427 2228 sulatus
453 2187 616 2236 incidit,
644 2200 760 2225 xv111.
782 2187 848 2226 vel
868 2201 990 2229 xxm.
1010 2187 1218 2226 Februarii
1237 2186 1324 2226 dies
1348 2185 1391 2225 in
1416 2185 1495 2225 hac
1509 2186 1733 2238 septimam

273 2258 486 2284 occurrere
507 2242 738 2283 debuerint:
768 2243 879 2294 quod
897 2243 985 2282 fieri
1003 2257 1251 2296 nequaquam
1269 2243 1425 2296 potuit,
1448 2255 1539 2281 cum
1559 2255 1607 2282 eo
1629 2256 1734 2282 anno

274 2300 425 2340 Pascha
441 2315 515 2338 xn.
535 2298 687 2352 Aprilis
704 2299 903 2347 extiterit,
929 2299 1177 2352 proindeque
1204 2299 1406 2338 Dominica
1426 2298 1541 2337 tertia
1564 2305 1603 2337 et
1617 2311 1736 2352 quar-

273 2363 316 2396 ta
340 2356 694 2407 Quadragesimae,
724 2368 826 2408 quae
846 2355 1092 2407 Jejuniorum
1111 2355 1400 2397 hebdomadem
1427 2353 1662 2405 includunt,
1690 2358 1734 2394 in

275 2426 369 2452 vm.
391 2420 433 2452 et
457 2426 526 2450 xv.
544 2411 675 2449 Martii
695 2411 839 2450 mensis
864 2411 1102 2462 inciderint,
1129 2413 1245 2464 juxta
1278 2412 1527 2451 observatam
1555 2417 1595 2450 et
1618 2424 1735 2451 rece-

276 2475 388 2521 ptam,
418 2483 443 2510 a
463 2467 625 2507 Graecis
651 2480 832 2519 magnam
865 2468 1228 2519 Quadragesimam.
1285 2468 1363 2506 Sed
1396 2480 1448 2506 an
1472 2466 1549 2504 ista
1575 2466 1734 2519 possint

276 2524 486 2564 conciliari
503 2523 732 2572 videamus,
761 2529 801 2561 et
829 2538 879 2562 an
908 2525 1001 2563 anni
1021 2524 1186 2577 Epocha
1214 2523 1263 2563 ab
1285 2523 1434 2562 Abbate
1457 2522 1646 2562 Marcello
1672 2521 1734 2563 in.

274 2580 407 2620 dicata
437 2593 528 2619 cum
552 2592 670 2618 xvni.
690 2579 893 2618 Februarii
918 2581 1134 2619 convenire
1161 2586 1300 2632 queat,
1331 2593 1411 2631 quo
1438 2592 1595 2619 sacrum
1621 2579 1734 2619 istud

274 2638 404 2690 Caput
428 2650 450 2675 e
479 2641 608 2675 terrae
632 2634 723 2672 sinu
743 2634 918 2687 primum
945 2642 1004 2675 est
1025 2642 1206 2684 erutum,
1236 2641 1276 2674 et
1303 2648 1392 2674 cum
1417 2649 1554 2675 xxun.
1581 2649 1663 2688 quo
1688 2634 1732 2675 in

274 2691 502 2732 Monasterii
521 2689 784 2730 Secretarium
810 2690 967 2730 illatum
987 2698 1061 2734 est.
1119 2690 1329 2730 Marcellus
1357 2691 1518 2743 quidem
1546 2698 1585 2731 et
1604 2689 1730 2731 Chro-

275 2749 354 2788 nici
370 2747 573 2787 Paschalis
588 2747 742 2786 Auctor
763 2745 869 2786 hanc
888 2747 1031 2787 factam
1053 2747 1325 2787 inventionem
1346 2748 1459 2787 aiunt
1483 2760 1589 2788 anno
1605 2750 1730 2800 Syro-

275 2805 535 2844 macedonum
556 2817 748 2843 nccnxm.
778 2803 922 2842 Indict.
955 2817 1010 2844 vi.
1051 2803 1342 2856 imperantibus
1375 2803 1657 2844 Valentiniano
1688 2809 1730 2845 et

274 2860 495 2911 Marciano,
528 2866 648 2913 atque
674 2859 774 2901 adeo
794 2859 1134 2901 Antiochenorum
1152 2874 1207 2902 nr.
1233 2873 1361 2912 anno,
1389 2868 1435 2901 ut
1460 2860 1597 2900 subdit
1621 2860 1728 2901 idem
