1884 3262
317 210 382 256 40
707 210 709 213 ⁴
847 205 1252 249 PRAEFATIO.

315 318 496 372 scripsit,
527 319 684 370 cyclum
707 331 823 357 suum
843 332 1100 362 ccccxxxvn.
1122 336 1334 373 annorum,
1358 322 1392 360 si
1406 322 1518 361 Pauli
1536 322 1775 362 Middebur—

314 376 441 426 gensis
460 375 590 422 lectio,
620 374 774 425 inquit,
804 375 1056 427 admittatur,
1087 379 1141 417 ab'
1154 378 1331 432 ejusdem
1355 379 1605 429 Imperatoris
1626 393 1728 418 anno
1747 393 1774 418 1.

315 431 385 482 qui
405 437 463 469 est
481 430 626 468 Christi
653 431 829 481 vulgaris
858 446 1076 473 ccchxxx.
1094 436 1313 486 incoepisse
1340 434 1548 475 tradatur:
1579 435 1721 486 quibus
1743 435 1776 473 si

315 502 336 526 a
355 502 380 526 1.
411 486 639 524 Diocletiani
668 500 769 525 anno
799 487 850 525 ad
878 490 1053 541 ejusdem
1079 491 1294 532 Theodosii
1330 491 1537 529 exordium
1569 492 1659 529 anni
1680 503 1775 530 xcv.

315 542 382 593 qui
410 542 489 594 jam
517 542 776 592 effluxerant,
805 544 1020 596 addantur,
1051 547 1167 598 plane
1191 548 1413 600 perfectum
1443 548 1555 599 Solis
1576 561 1622 585 ac
1641 549 1779 586 Lunae

317 598 474 648 cyclum
507 611 699 636 annorum
724 613 883 638 nxxxn.
911 604 1084 641 texuerit
1105 603 1371 655 Theophilus:
1417 617 1506 641 cum
1538 616 1582 641 ea
1609 603 1779 655 denique

315 660 439 692 aetate
461 653 661 691 Paschalis
680 654 1036 697 Alexandrinorum
1057 660 1158 711 cycli
1183 658 1556 698 Decemnovennalis
1572 659 1779 697 exordium

315 724 336 747 a
356 724 381 748 1.
409 709 641 749 Diocletiani
671 725 771 750 anno
802 716 947 764 passim
975 721 1014 754 et
1032 717 1153 766 vulgo
1187 722 1455 768 repeteretur,
1494 715 1601 766 quod
1623 721 1663 754 et
1684 715 1780 754 fecit

312 766 577 805 Metrodorus.
634 767 684 804 Et
703 781 796 806 sane
816 770 955 809 scribit
976 771 1071 810 alibi
1093 771 1267 822 Scaliger
1284 768 1323 823 t)
1354 772 1567 822 Aegyptios
1591 771 1780 810 Christia—

312 836 384 860 nos
407 828 588 860 auctores
609 836 690 861 esse
710 822 826 876 hujus
847 840 1008 876 magnae
1029 828 1204 876 Periodi,
1234 828 1274 866 in
1298 829 1440 879 quibus
1459 826 1677 866 doctissimi
1696 827 1780 866 Mo·

314 877 430 916 nachi
449 878 652 916 Annianus
675 886 714 918 et
734 881 962 920 Panodorus
991 883 1039 922 de
1058 884 1155 931 hac,
1186 883 1356 922 Arcadio
1377 885 1615 934 imperante,
1649 890 1688 922 et
1705 883 1778 922 sub

315 948 462 972 annum
485 948 586 975 xxu.
610 934 819 987 Theophili
850 939 1110 978 Alexandrini
1138 940 1356 990 Praesulis,
1398 940 1521 979 libros
1551 939 1778 979 ediderant:

316 997 454 1028 contra
476 1004 594 1042 quam
611 992 767 1043 putavit
785 994 1003 1033 Bucherius
1024 994 1074 1050 2)
1105 996 1211 1034 hunc
1234 997 1391 1047 cyclum
1413 996 1585 1034 Graecos
1605 1010 1626 1033 a
1646 995 1782 1034 Victo·-

313 1047 375 1085 rio
401 1047 596 1098 accepisse
629 1048 816 1089 scribens.
889 1051 1093 1101 Ejusmodi
1132 1059 1261 1091 autem
1290 1059 1350 1091 est
1375 1052 1449 1090 ista
1474 1051 1684 1101 Periodus,
1736 1058 1781 1090 ut

314 1116 445 1142 xxvu.
466 1104 589 1154 cyclis
607 1103 802 1143 solaribus
833 1113 871 1145 et
886 1108 1089 1146 lunaribus
1111 1114 1288 1158 constet,
1318 1108 1445 1158 Magni
1464 1108 1575 1155 anni,
1611 1114 1652 1146 ut
1672 1107 1782 1146 dixi-

314 1172 425 1208 mus,
444 1160 752 1198 nomenclatura
782 1163 902 1214 vulgo
922 1164 1083 1202 donata:
1116 1171 1153 1203 et
1171 1179 1192 1203 a
1209 1164 1352 1216 quovis
1373 1178 1474 1203 anno
1493 1164 1602 1202 illius
1624 1164 1781 1202 initium

315 1216 506 1264 ducatur,
537 1216 706 1254 evolutis
736 1217 784 1254 iis
813 1220 945 1269 annis,
974 1221 1015 1258 in
1037 1221 1214 1272 Epacfis,
1243 1221 1284 1258 in
1312 1220 1666 1268 Concurrentffius,
1696 1221 1781 1259 sive

315 1271 830 1323 cyclis-decemnovennali,
859 1276 922 1313 vel
944 1276 1094 1324 lunari,
1123 1291 1197 1314 nec
1213 1290 1295 1314 non
1310 1277 1479 1315 termino
1500 1276 1702 1324 Paschali,
1735 1289 1781 1314 ac

317 1327 518 1365 Dominica
538 1327 720 1376 Paschae,
752 1342 842 1367 cum
865 1332 972 1368 Luna
989 1332 1114 1382 ipsius
1135 1332 1234 1381 diei,
1266 1333 1393 1383 qualis
1419 1333 1495 1370 fuit
1514 1333 1687 1383 primus,
1719 1338 1783 1371 ta-

313 1382 363 1420 lis
383 1383 435 1421 sit
455 1397 579 1421 annus
608 1383 673 1434 qui
697 1385 858 1424 alterius
875 1387 1034 1438 periodi
1064 1388 1221 1426 initium
1244 1388 1415 1426 conficit.
1473 1388 1586 1427 Unde
1605 1403 1684 1427 non
1702 1389 1784 1427 mi-

312 1452 402 1476 rum
425 1438 459 1476 si
480 1439 591 1477 Varia
620 1438 734 1477 istius
763 1441 921 1481 Periodi
943 1444 1138 1494 principia
1167 1457 1242 1495 pro
1265 1444 1380 1482 libito
1415 1458 1558 1496 cepere
1577 1445 1783 1496 cyclorum

315 1493 559 1532 paschalium
587 1495 847 1538 confectores.
907 1499 1101 1550 Georgius
1126 1501 1337 1551 Syncellus
1357 1498 1423 1551 3),
1465 1514 1514 1539 ex
1544 1514 1622 1551 quo
1647 1500 1784 1540 hausit

315 1563 416 1601 quae
439 1550 488 1589 de
518 1550 663 1589 Christi
687 1553 881 1593 Passionis
911 1569 1015 1594 anno
1038 1556 1163 1595 refert
1184 1558 1354 1608 Symeon
1380 1555 1618 1607 Logotheta,
1648 1572 1669 1595 a
1688 1557 1784 1609 pri-

313 1620 378 1644 mo
403 1621 505 1645 anno
524 1607 662 1645 mundi
680 1610 829 1648 conditi
847 1611 1016 1663 primam
1038 1612 1205 1662 orditur,
1229 1613 1283 1651 ita
1303 1620 1348 1652 ut
1366 1619 1460 1664 post
1478 1613 1590 1652 binas
1608 1620 1781 1663 exactas,

313 1663 430 1700 tertia
461 1664 650 1702 succedat
671 1678 772 1703 anno
793 1680 921 1708 Mva.
942 1667 1119 1706 Christus
1143 1669 1314 1719 denique
1340 1683 1478 1719 passus
1503 1669 1658 1708 dicatur
1677 1684 1781 1708 anno

316 1732 452 1757 ccxut.
473 1719 721 1758 undecimae:
765 1723 981 1775 Descripsit
1005 1724 1109 1762 idem
1132 1725 1308 1775 Scaliger
1327 1725 1392 1765 lib.
1413 1738 1483 1763 vn.
1507 1725 1555 1764 de
1578 1726 1782 1766 Emendat.

189 1780 220 1812 V
242 1780 288 1816 25
311 1782 435 1826 temp.
465 1781 509 1813 ut
539 1782 578 1814 et
606 1776 790 1815 Petavius
822 1786 913 1831 post
944 1785 1175 1831 computum
1207 1780 1528 1819 Ecclesiasticum
1548 1783 1586 1820 S.
1606 1782 1782 1831 Maximi,

312 1833 552 1882 Temporum
579 1831 932 1874 dinumerationem
961 1842 1001 1874 et
1034 1836 1331 1886 collectionem,
1360 1836 1402 1874 in
1429 1850 1526 1888 qua,
1557 1838 1630 1876 sub
1666 1838 1784 1878 finem

311 1894 570 1926 recensentur
591 1889 749 1927 Periodi
769 1904 825 1931 xt.
848 1906 869 1930 a
892 1891 1041 1930 mundo
1075 1892 1236 1931 condito
1259 1906 1421 1932 Dxxxn.
1449 1907 1655 1943 annorum,
1685 1909 1785 1945 qua·

312 1957 402 1982 rum
428 1949 625 1994 postrema
664 1945 707 1982 in
744 1960 889 1986 annum
921 1961 1036 1986 xx1v.
1072 1949 1317 1987 Constanti-ni
1349 1949 1514 1999 desinit,
1568 1952 1707 1989 mundi
1740 1964 1782 1991 v.

310 1996 608 2051 Mocch11.'qui
634 1999 748 2053 juxta
782 2004 980 2042 calculum
1006 2003 1191 2043 Chronici
1219 2004 1418 2044 Pasclialis
1445 2011 1504 2044 est
1533 2006 1728 2046 duntaxat
1744 2021 1783 2048 v.

309 2068 606 2094 mccccxxxvn.
686 2058 860 2098 Eandem
893 2060 1141 2099 undecimam
1172 2061 1379 2100 periodum
1413 2069 1553 2102 auctor
1581 2063 1782 2114 Chi-unici,

314 2111 419 2161 quod
441 2111 750 2151 Alexandrinum
767 2117 1032 2167 appellamus,
1064 2117 1260 2169 expletam
1280 2118 1419 2156 scribit
1437 2132 1539 2156 anno
1557 2133 1636 2171 quo
1656 2120 1784 2158 Julia-

313 2181 388 2205 nus
422 2167 634 2219 Imperium
660 2169 823 2221 invasit,
874 2175 1103 2211 Constantio
1133 2174 1285 2212 scilicet
1311 2187 1369 2214 xx.
1399 2180 1438 2212 et
1465 2175 1601 2214 eodem
1626 2176 1781 2215 Juliano

315 2223 481 2261 Caesare
500 2238 561 2263 111.
583 2226 691 2264 Coss.
711 2233 756 2264 ut
773 2228 805 2265 is
821 2229 895 2267 ait:
926 2227 1073 2268 Eodem
1101 2243 1204 2268 anno
1223 2228 1510 2282 complaisant
1528 2229 1656 2270 decem
1678 2229 1782 2286 (leg.

314 2285 359 2316 ut
379 2279 480 2317 infra
510 2279 714 2335 undecim)
743 2282 846 2337 cycli
872 2283 1089 2324 saeculares
1107 2284 1157 2322 ab
1179 2300 1282 2324 αηηο
1311 2286 1610 2339 quingentesimo
1634 2297 1783 2328 irecen-

311 2335 445 2373 iesimo
471 2332 726 2390 (tricesimo)
757 2338 948 2379 secundo.-
970 2341 1074 2392 fiunt
1095 2355 1183 2380 vero
1203 2340 1254 2378 ab
1271 2340 1434 2391 Adam,
1468 2357 1587 2396 usque
1605 2342 1661 2381 ad
1681 2344 1782 2383 Con-

188 2387 215 2420 P
244 2389 291 2424 28
314 2388 482 2429 sulatum
501 2390 614 2443 hujus
633 2395 728 2431 anni
746 2396 872 2434 omnis
891 2410 928 2437 v.
951 2410 1164 2435 Mucccmv.
1180 2426 1192 2446 ‚
1227 2397 1296 2435 ubi
1319 2397 1562 2436 Herwartius
1590 2399 1630 2437 in
1649 2399 1782 2439 Chro-

315 2447 397 2486 nol.
420 2460 508 2499 cap.
528 2461 661 2487 cxmv.
686 2457 794 2488 recte
816 2452 1000 2491 emendat
1025 2467 1064 2490 v.
1083 2466 1289 2493 MDCCCLH.
1322 2453 1374 2491 ob
1396 2454 1694 2494 similitudinem
1712 2470 1782 2496 no·

313 2509 445 2541 tarum
468 2516 523 2541 lv.
552 2510 591 2541 et
612 2518 655 2543 11.
679 2505 755 2543 hoc
787 2514 846 2545 est
862 2508 976 2559 juxta
1004 2509 1205 2546 calculum
1230 2510 1534 2561 Aegyptiacum‚
1565 2525 1634 2550 seu
1657 2513 1781 2551 Pano-

314 2558 423 2607 dori,
459 2559 527 2610 qui
550 2559 725 2599 Natalem
744 2561 886 2601 Christi
919 2565 960 2601 in
982 2579 1125 2602 annum
1146 2565 1283 2603 mundi
1307 2578 1347 2607 v.
1372 2579 1611 2608 Mccccxcm.
1636 2569 1776 2618 rejicit.

312 2614 482 2653 Primam
505 2629 615 2654 suam
642 2617 851 2657 Periodum
888 2620 1087 2672 expletam
1109 2621 1163 2659 ait
1181 2621 1353 2672 scriptor
1374 2621 1557 2661 Chronici
1582 2624 1778 2664 Paschalis

357 2759 395 2798 ¹)
418 2760 458 2793 L·
483 2761 517 2794 3.
542 2760 627 2795 Can.
658 2762 748 2806 lsag.
772 2772 806 2806 p.
833 2764 910 2798 180.

358 2805 401 2847 2)
427 2806 570 2839 Bucher.
596 2817 628 2850 p.
657 2807 732 2844 182.
779 2808 915 2852 Syncel.
943 2820 977 2854 p.
1001 2810 1078 2845 315.

359 2851 400 2894 ³)
424 2851 464 2884 P.
491 2853 543 2886 16.
569 2852 623 2888 36.
644 2853 722 2889 320.

1867 3189 1884 3262 'ss-e„-
1871 3163 1873 3166 *
1873 3130 1884 3138 Δ·
