1820 3276
462 203 520 245 IN
555 201 882 245 CHRONICON
915 200 1201 244 PASCHALE.
1463 200 1563 248 377

214 311 311 364 Pag.
340 312 432 355 537.
463 315 502 355 3.
562 312 841 366 ΕκχωρῆσαιΪ
858 313 920 352 Ita
949 313 1245 353 emendavimus
1275 326 1326 352 ex
1353 312 1565 365 Theopha-
1587 315 1620 350 V
1642 313 1712 351 487

102 382 175 418 ne,
206 382 295 408 cum
318 382 441 421 prave
471 369 620 408 editum
651 376 753 408 esset
789 369 1039 423 immolasti),
1077 370 1233 410 tametsi
1270 370 1325 409 ita
1366 371 1566 423 praeferat

103 425 202 465 cod.
232 426 412 465 Vatican.
442 432 479 465 et
510 426 648 464 Codes(
676 419 951 478 Theophanis,
985 433 1033 466 ut
1055 434 1198 470 monet
1228 427 1397 466 Goarus.

219 485 313 533 Pag.
343 484 438 526 537.
466 484 504 526 4.
570 480 624 524 Td
656 481 822 534 λοιπόν]
852 482 1083 536 Theophan.
1112 480 1158 525 τό
1177 499 1218 524 τε
1237 481 1395 525 λοιπόν.

217 538 316 590 Pag.
346 539 442 582 537.
475 539 514 582 5.
574 539 777 595 Ποταμῷ]
808 540 1029 590 Migdonio,
1058 540 1289 580 Theodorit.
1343 541 1444 581 Vide
1473 541 1567 581 Vin-
1595 553 1626 588 Ρ
1649 551 1719 589 560

103 595 279 634 centium
309 596 512 636 Bellovac.
541 596 610 636 lib.
637 611 738 636 xxx.
768 611 855 649 cap.
877 610 1039 636 Lxxxn.
1071 604 1111 638 et
1138 611 1312 637 LXXXIX.
1341 598 1411 637 ubi
1439 599 1568 639 simile

103 653 313 705 quidpiam
342 653 479 692 refert.

217 709 310 749 Ibid.
373 706 515 762 Οἶδεν]
547 710 637 760 Leg.
668 715 805 762 postea
834 710 877 751 οῖ
910 708 953 751 δὲ
977 710 1208 764 Νησιβηνοὶ
1240 707 1372 764 εὐχαῖς
1395 710 1570 753 ένίκουν.

106 765 288 818 Quippe,
318 771 363 804 ut
392 773 527 805 narrat
554 765 846 816 Theodoritus,
875 767 1131 806 admirandus
1150 768 1217 806 ille
1239 767 1432 820 Ephrem,
1451 782 1568 820 quem

106 823 197 863 Mar
219 823 396 874 Ephraim
426 830 546 863 vocat
576 823 908 877 Albupharaijus,
937 824 1048 874 (Mar
1079 831 1212 863 autem
1242 826 1458 877 Apostolos
1489 839 1569 878 ap-

104 879 258 932 pellant
287 878 477 919 Chaldaei
507 879 714 929 hodierni,
760 888 806 920 ut
841 882 1027 920 observat
1057 882 1230 932 Scaliger
1265 882 1309 920 in
1346 882 1572 932 Prolegom.

106 936 155 975 ad
195 935 318 975 libros
355 936 404 975 de
439 937 647 977 Emendat.
685 934 847 991 Temp.)
898 939 1259 990 praestantissimus
1298 938 1407 992 apud
1447 940 1570 990 Syros

104 992 289 1045 Scriptor
326 992 505 1032 divinum
546 993 736 1032 Jacobum
778 994 1020 1048 Episcopum
1060 995 1222 1046 rogavit
1258 1001 1303 1034 ut
1340 996 1384 1034 in
1411 1009 1570 1034 murum

105 1050 361 1099 ascenderet,
391 1051 591 1090 Barbaros
618 1051 857 1103 inspiceret,
897 1059 936 1091 et
975 1052 1273 1105 imprecationis
1310 1053 1393 1091 tela
1430 1052 1472 1091 in
1503 1067 1571 1091 eos

104 1106 357 1145 immitteret:
388 1107 451 1146 cui
482 1108 696 1146 obsecutus
715 1108 885 1147 Jacubus
914 1109 954 1147 in
987 1108 1184 1160 quandam
1208 1104 1353 1148 turrim
1377 1123 1574 1148 conscen-

106 1163 187 1212 dit,
217 1163 380 1216 visaque
408 1164 689 1203 innumerabili
718 1165 922 1204 hominum
954 1166 1233 1215 multitudine,
1278 1167 1432 1205 nullum
1464 1166 1574 1205 aliud

106 1220 254 1259 malum
284 1221 334 1259 iis
362 1221 606 1273 imprecatus
636 1227 715 1259 est:
746 1223 818 1261 sed
848 1223 980 1261 oravit
1006 1229 1162 1261 tantum
1191 1229 1237 1261 ut
1269 1224 1407 1270 cinifes
1436 1230 1475 1262 et
1496 1236 1573 1261 cu-

105 1277 203 1316 lices
245 1277 286 1316 in
325 1291 392 1316 eos
430 1277 758 1327 immitterentur,
797 1284 844 1316 ut
882 1292 932 1317 ex
971 1278 1138 1317 minutis
1182 1279 1264 1317 illis
1305 1280 1570 1329 animalculis,

107 1333 194 1386 ejus
224 1335 292 1385 qui
320 1334 420 1384 ipsis
456 1333 726 1372 auxiliabatur
761 1334 979 1386 potentiam
1012 1342 1283 1385 agnoscerent.
1340 1337 1572 1375 Orationem

105 1390 242 1428 Jacobi
273 1390 399 1429 nubes
431 1390 595 1428 cinisum
625 1397 665 1429 et
695 1391 871 1429 culicum
901 1391 1084 1443 protinus
1114 1394 1335 1444 excepisse,
1379 1400 1456 1433 etc.
1519 1395 1575 1432 De

107 1447 256 1485 Jacobo
287 1453 328 1486 et
357 1446 575 1499 Eplira‘i‘mo
613 1447 657 1485 in
695 1461 765 1486 sua
811 1449 1037 1486 narratione
1071 1448 1162 1488 silet
1203 1448 1489 1502 Theophanes:
1526 1450 1576 1489 de

107 1504 256 1542 Jacobo
298 1517 396 1542 vero
439 1504 635 1555 quaedam
680 1505 810 1555 attigit
849 1504 1160 1558 Philostorgius,
1206 1512 1253 1545 ut
1282 1513 1320 1545 et
1359 1507 1576 1559 Gregorius

107 1561 257 1600 Turon.
287 1560 356 1599 lib.
386 1575 426 1600 11.
456 1561 557 1600 Hist.
586 1568 674 1613 cap.
705 1575 832 1603 xxxv.

220 1616 319 1668 Pag.
349 1620 443 1660 537.
474 1621 512 1660 8.
578 1617 717 1671 Μέρος
745 1621 819 1659 τοῦ
839 1619 1016 1671 τείχους]
1048 1618 1335 1671 Theophanes,
1363 1618 1483 1673 μέρος
1502 1618 1576 1673 μέν

108 1689 171 1714 τοι
198 1677 272 1714 τοῦ
294 1675 446 1727 τείχους
465 1671 768 1728 οἷπεπόρθηται,
797 1675 865 1717 καὶ
893 1678 1013 1717 τοῦτο
1043 1673 1144 1717 κατὰ
1175 1677 1282 1727 Θεοῦ
1311 1674 1574 1732 συγχώρησιν.

109 1730 188 1769 Alii
215 1731 338 1774 Codd.
368 1728 590 1771 ἐπεπόνθει
612 1732 859 1783 praeferunt.

222 1786 319 1838 Pag.
350 1790 446 1831 537.
478 1790 543 1829 10.
604 1791 764 1829 Γίνεται
792 1786 892 1842 γάρ]
923 1789 1103 1842 Theoph.
1128 1785 1294 1838 -εὕθέως
1321 1787 1397 1858 γοῖρ
1426 1790 1579 1843 γίνεται
1610 1787 1612 1789 ’

108 1839 184 1896 τήν
204 1859 245 1884 τε
271 1840 392 1886 πόλιν
410 1847 691 1897 φυλαχθῆναι,
722 1844 790 1886 καὶ
821 1844 916 1894 τούς
949 1847 1164 1912 πολεμίους
1192 1850 1276 1895 τοῖς
1302 1843 1422 1887 ὓδασι
1456 1843 1578 1900 νήχε-

110 1905 230 1950 σθαι,
260 1900 328 1942 καὶ
346 1899 520 1950 πολλοὺς
538 1899 620 1943 ὖπό
642 1905 717 1943 τοῦ
733 1899 883 1951 ὕδατος
905 1904 1172 1954 διεφθαρθαι.

223 1955 318 2008 Pag.
350 1961 450 2001 537.
491 1959 554 2001 14.
613 1960 946 2011 Συμπείσαντες]
998 1959 1232 2012 Theophan.
1281 1956 1580 2014 εὖτρεπίσαντες

110 2013 320 2067 προσέχειν
339 2017 394 2069 τῷ
414 2014 574 2069 πολέμῳ
586 2047 597 2065 ,
628 2017 886 2069 μαγγανείαις
905 2032 946 2058 τε
966 2018 1187 2065 παντοίαις.

224 2070 322 2122 Pag·
352 2073 448 2115 537.
482 2074 546 2114 18.
608 2072 928 2126 Κατατέλμασιν]
974 2073 1157 2126 Theoph.
1187 2080 1227 2112 et
1257 2073 1400 2124 Georg.
1429 2073 1580 2111 Mona-

112 2126 235 2177 chus,
264 2127 571 2180 καταπέλμασιν,

226 2183 326 2235 Pag.
361 2184 455 2228 537.
490 2188 557 2227 20.
620 2186 795 2234 Οπλίτας
826 2181 1073 2238 ἀπέκτεινεν]
1102 2184 1283 2238 Theoph.
1306 2184 1465 2227 ὁπλῖται
1485 2180 1582 2226 οἷπέ-

111 2245 257 2282 θανον.
314 2241 435 2290 Mox,
464 2240 616 2284 ἐπέσεν.
670 2241 851 2293 Theoph.
880 2241 1081 2283 ἐπέπεσεν.

227 2295 323 2348 Pag.
351 2289 448 2341 538.
479 2301 520 2341 2.
578 2301 735 2346 Δεινῶς
763 2294 1129 2351 καταντλούμενος]
1159 2298 1269 2338 Haec
1297 2297 1442 2338 desunt
1471 2299 1582 2352 apud

112 2354 412 2408 Theophanem.
1025 2387 1029 2389 .
1407 2375 1415 2378 —

182 2443 184 2445 >
228 2411 327 2462 Pag.
356 2411 453 2456 538.
482 2410 521 2454 4.
582 2413 732 2462 Ορασις
748 2409 930 2463 ἐδείχθη]
962 2410 1138 2463 ldipsum
1158 2399 1277 2449 etiam
1295 2417 1430 2450 narrat
1448 2411 1583 2450 Theo-

114 2467 290 2507 doritus:
332 2468 448 2508 aliter
487 2481 582 2507 vero
624 2466 889 2519 Theophanes
928 2474 967 2506 et
1007 2469 1150 2518 Georg.
1186 2467 1463 2509 Hamartolus:
1502 2467 1583 2523 ὁρᾷ

116 2521 282 2578 ἄγγελον
317 2525 382 2566 ἐπὶ
408 2523 452 2566 vd
484 2523 611 2580 ἄκρον
646 2524 793 2565 ἑστῶτα
820 2527 1014 2576 λαμπρῶς
1042 2523 1339 2576 ἐστολισμένον,
1376 2524 1445 2564 καὶ
1470 2521 1580 2578 παροῖ

117 2586 226 2634 χεῖρα
250 2578 318 2625 τὸν
345 2581 518 2622 Βασιλέα
554 2584 778 2635 κρατοῦντα
815 2578 1115 2621 Κωνστᾶντιον.
1173 2580 1325 2619 Auctor
1362 2581 1490 2631 infra,
1531 2581 1581 2619 de

119 2636 258 2688 Magis:
291 2639 508 2692 διέγνωσαν
529 2641 604 2679 τοῦ
622 2637 819 2689 φανέντος
836 2636 1016 2691 Αγγέλου
1045 2635 1121 2677 mlv
1139 2639 1196 2691 τῷ
1214 2639 1482 2692 Κωνσταντίῳ
1504 2635 1587 2690 τήν4
1656 2641 1662 2646 ”

118 2690 308 2745 δύναμιν·
340 2709 439 2746 quae
469 2695 630 2748 quidem
660 2695 777 2734 aliter
806 2695 994 2747 concepit
1021 2693 1295 2745 Theophanes.

231 2749 329 2801 Pag.
357 2750 451 2792 539.
483 2756 520 2794 1.
583 2755 643 2808 Τῇ
664 2751 800 2822 φυγῇ]
834 2752 892 2790 Ex
910 2751 989 2790 hoc
1012 2750 1195 2790 Chronici
1224 2751 1313 2789 loco
1334 2750 1428 2789 licet
1451 2763 1582 2790 emen-

120 2805 217 2844 dare
248 2805 550 2859 Theophanem:
581 2807 703 2857 αὐτὸς
723 2810 766 2849 δε
784 2806 861 2849 σῦν
880 2812 965 2856 τοῖς
989 2808 1106 2855 ἰδίοις
1126 2809 1239 2862 φυγῇ
1257 2806 1396 2848 ε’δίωκε
1412 2804 1486 2860 τήν
1503 2824 1582 2848 πα-

118 2863 234 2916 τρίδα
253 2891 426 2904 .....
454 2861 650 2920 πρότερον
677 2868 840 2922 λοιμικῇ
865 2862 969 2922 νόσῳ
1014 2863 1325 2919 διαφθαρέντες·
1372 2877 1463 2904 nam
1492 2873 1584 2918 post
