1884 3262
0 157 9 266 [i
571 195 653 237 AD
682 194 1090 239 RENAUDOTUM.
1499 201 1562 246 59

103 310 213 362 quod
237 322 411 348 annuum
431 309 530 359 suit,
564 306 708 349 Garolo
735 309 1002 347 amantissimo
1026 308 1124 350 filio.
1180 308 1263 348 Hac
1283 310 1559 363 conjunctissi-

100 380 187 416 ma,
223 366 533 419 jucundissima,
575 371 614 404 et
652 366 860 404 utilissima
902 366 1091 404 societate
1140 372 1347 405 contentus
1397 364 1560 407 Carolus

0 458 2 470 ζ
97 421 290 461 hactenus
329 422 377 460 de
407 422 558 474 nuptiis
585 435 664 460 non
694 422 946 472 cogitaverat.
1005 422 1080 460 Sed
1105 428 1212 472 tum,
1250 436 1340 461 cum
1377 423 1415 460 ei
1442 423 1560 460 amici

0 477 6 526 ξ
97 479 311 518 suaderent
330 479 554 517 ducendam
585 491 669 516 esse
695 492 880 526 uxorem,
908 478 1122 529 pluresque
1147 479 1181 516 ei
1214 492 1424 529 generosae
1444 479 1559 530 puel-

94 534 156 572 lae
196 536 452 582 offerrentur,
503 535 694 587 praetulit
734 533 985 572 catharinam
1020 534 1178 572 Bosiam
1216 532 1490 573 DrancurtIam
1512 531 1556 587 l)

93 591 314 642 splendidis
338 592 534 630 natalibus
556 591 662 642 apud
683 589 896 630 Ambianos
924 595 1079 639 ortam,
1110 604 1274 641 eamque
1308 592 1425 629 duxit
1452 604 1554 628 anno

90 660 352 687 mncxxxvm.
382 661 466 688 mv.
489 648 580 688 Kal.
600 647 782 697 Augusti.
842 646 1020 684 Credunt
1050 646 1233 697 plerique
1260 647 1396 686 obesse
1422 647 1555 685 litera-

89 716 179 742 rum
201 705 381 743 culturae
401 705 604 743 vinculum
627 702 854 755 conjugale,
885 715 1049 753 eamque
1071 716 1154 741 esse
1183 703 1407 741 studiorum
1434 704 1556 741 ratio-

87 773 179 798 nem
200 767 246 799 ut
266 761 314 799 ab
337 761 385 799 iis
404 766 557 798 tantum
576 766 798 798 tractentur
824 759 890 810 qui
916 758 1105 796 caelibem
1133 758 1254 796 vitam
1281 758 1457 808 ducunt,
1487 760 1555 810 qui

86 815 213 855 libero
245 817 415 865 lectulo,
446 823 490 855 ut
519 817 658 854 Cicero
691 815 838 865 aiebat,
868 820 1056 863 utuntur,
1086 814 1130 853 id
1161 821 1240 864 est,
1281 816 1401 853 nullis
1427 815 1552 866 impe-

86 872 291 923 dimensis,
332 873 442 911 nulla
469 873 530 911 rei
559 872 761 911 familiaris
787 878 856 909 aut
880 871 1098 909 liberorum
1130 870 1426 909 educandorum
1457 884 1552 908 cura

85 929 335 970 distinemur.
398 927 539 982 Gangii
558 935 687 968 tamen
708 928 853 967 studiis
872 927 974 965 nihil
1000 939 1135 965 morae
1167 927 1463 979 auttarditatis
1487 934 1550 964 at-

82 985 177 1023 tulit
203 999 331 1035 uxor,
370 998 487 1036 quam
525 999 576 1024 ex
607 985 724 1023 animi
757 985 819 1023 sui
846 983 1039 1023 sententia
1062 982 1249 1022 habuisse
1273 997 1362 1022 eum
1390 984 1484 1022 hinc
1502 984 1549 1021 li-

82 1047 177 1092 quet
199 1043 307 1093 quod
325 1055 398 1094 per
425 1041 710 1094 quinquaginta
740 1047 780 1079 et
812 1040 921 1092 quod
947 1039 1126 1078 excurrit
1158 1053 1281 1078 annos
1307 1055 1389 1078 una
1409 1040 1548 1079 vixere

78 1099 295 1137 concordia
314 1098 553 1138 admirabili.
612 1099 801 1148 Superest
831 1097 1044 1135 etiamnum
1065 1096 1275 1146 singularis
1301 1096 1471 1148 exempli
1490 1097 1547 1134 fe-

76 1154 182 1192 mina
216 1155 266 1193 in*
296 1155 514 1194 liberorum
547 1153 769 1193 subsidium
806 1154 924 1192 simul
964 1159 1005 1191 et
1047 1153 1246 1192 solatium.
1306 1153 1421 1191 Anno
1455 1152 1547 1190 dein

74 1223 257 1250 MDCXLV.
279 1225 337 1251 lv.
358 1211 453 1250 Idus
474 1212 564 1251 Jun.
590 1209 894 1262 Quaesturae2)
922 1209 1112 1259 dignitate
1134 1215 1297 1247 ornatus
1316 1210 1425 1260 apud
1442 1222 1546 1258 suos,

74 1279 159 1306 eam
192 1268 358 1307 retinuit
387 1268 514 1308 donec
539 1267 852 1305 Samarobrivam
880 1267 1107 1317 relinquere
1143 1264 1321 1304 decrevit
1354 1266 1404 1304 ob
1424 1265 1545 1317 pesti-

70 1323 235 1362 lentiam
266 1339 367 1376 quae
383 1324 468 1362 illic
487 1323 753 1376 grassabatur,
770 1329 815 1360 ut
835 1323 1032 1361 Lutetiam
1050 1323 1092 1359 in
1111 1320 1215 1359 hanc
1234 1322 1368 1360 sedem
1386 1321 1543 1361 studio-

69 1392 161 1418 rum
180 1394 221 1419 se
245 1395 334 1419 cum
362 1393 511 1431 uxore,
539 1380 698 1429 liberis,
730 1385 770 1419 et
797 1378 912 1417 libris
941 1378 1187 1417 transferret.
1258 1380 1373 1416 Anno
1406 1379 1541 1428 itaque

69 1449 297 1478 mncnxvnI.
331 1443 493 1489 captum
517 1436 565 1475 ab
596 1450 642 1475 eo
678 1442 736 1474 est
761 1435 971 1473 consilium
1004 1434 1114 1486 quod
1143 1433 1258 1472 nobis
1288 1435 1443 1485 totique
1461 1434 1541 1471 rei-

66 1492 256 1544 publicae
285 1493 486 1532 literariae
522 1493 712 1531 maximas
752 1491 1051 1530 commoditates
1091 1490 1237 1530 attulit.
1304 1490 1403 1527 Nam
1441 1496 1538 1532 tum,

67 1549 178 1599 quod
204 1550 247 1588 in
274 1550 358 1588 aliis
385 1549 551 1588 urbibus
580 1549 806 1600 contingere
833 1547 981 1586 nemini
1005 1552 1157 1598 potest,
1191 1552 1375 1598 paratum
1398 1545 1540 1584 habuit

7 1627 17 1635 ⁷1
67 1619 184 1644 omne
208 1620 332 1656 genus
358 1607 552 1645 librorum
584 1619 654 1644 seu
686 1604 1049 1655 manuscriptorum
1084 1615 1152 1640 seu
1189 1602 1300 1654 typis
1328 1602 1537 1651 editorum,

65 1674 156 1700 cum
187 1662 223 1701 ei
251 1676 385 1702 omnes
415 1661 681 1701 bibliothecae
708 1669 792 1700 tum
820 1660 1002 1712 publicae
1028 1665 1113 1697 tum
1142 1659 1321 1709 privatae
1343 1664 1536 1710 paterent,

61 1731 260 1770 nemoque
282 1726 382 1758 esset
403 1719 471 1771 qui
491 1733 570 1756 non
590 1732 679 1757 cum
709 1719 782 1756 illo
808 1718 991 1755 lubenter
1011 1716 1322 1753 communicaret
1343 1714 1536 1765 quicquid

0 1824 4 1828 ,
62 1774 97 1812 ei
117 1782 278 1827 poterat
297 1790 380 1814 esse
406 1775 658 1814 conducibile
680 1782 720 1813 et
747 1775 846 1824 utile
877 1774 926 1811 ad
951 1771 1211 1825 perficiendas
1230 1771 1536 1823 perpoliendas-

0 1831 4 1836 ’
62 1844 139 1882 que
165 1832 462 1871 lucubrationes
490 1845 593 1871 suas.
653 1832 779 1870 Etiam
810 1830 953 1868 summi
979 1830 1020 1867 in
1052 1827 1260 1880 republica
1286 1828 1362 1865 viri
1397 1828 1430 1865 ei
1460 1828 1514 1864 im

58 1900 179 1939 pense
206 1889 415 1938 faverunt,
446 1889 544 1926 adeo
563 1895 609 1926 ut
629 1887 827 1926 affirmare
856 1887 975 1925 liceat
991 1885 1094 1924 nulli
1115 1884 1181 1921 alii
1204 1883 1355 1922 homini
1372 1883 1532 1935 privato

59 1944 248 1996 majorem
274 1944 468 1984 honorem
497 1944 679 1982 habitum
711 1945 759 1983 ab
791 1944 870 1982 illis
899 1943 1035 1981 fuisse.
1093 1940 1242 1991 Viginti
1270 1941 1382 1978 annis
1410 1939 1531 1978 isthic

58 2001 269 2039 nobiscum
287 2002 403 2049 vixit,
437 2015 590 2052 semper
612 2000 789 2049 studens,
823 2013 980 2050 semper
999 1997 1152 2048 aliquid
1175 1997 1368 2038 scribens.
1427 1996 1532 2034 Hinc
1556 2025 1589 2058 V
1611 1982 1657 2061 Z}

59 2057 242 2096 cinnami
260 2057 448 2107 historia,
478 2057 573 2095 hinc
598 2058 756 2094 annales
776 2056 937 2094 Joannis
956 2056 1156 2103 Zonarae‚
1187 2053 1405 2105 descriptio
1426 2054 1532 2090 Con-

57 2114 370 2166 stantinopoleos
396 2121 435 2153 et
461 2114 700 2151 familiarum
725 2112 1054 2163 Byzantinarum‚
1089 2110 1290 2147 Glossaria
1321 2109 1471 2147 mediae
1491 2115 1530 2147 et

0 2170 2 2172 ’
55 2169 210 2208 infimae
237 2170 463 2209 Latinitatis
502 2177 543 2209 et
587 2169 842 2216 Graecitatis,
883 2174 920 2205 et
951 2166 1179 2204 chronicon
1216 2164 1403 2204 Paschale
1442 2164 1527 2203 sive

56 2226 390 2278 Alexandrinum3
419 2227 484 2265 cui
516 2226 670 2265 edendo
706 2226 799 2264 dum
826 2223 1043 2274 incumbit,
1073 2222 1216 2260 incidit
1245 2221 1286 2259 in
1306 2220 1415 2259 hunc
1433 2235 1526 2271 gra-

55 2296 146 2322 vem
172 2297 218 2322 ac
250 2285 484 2323 diuturnum
514 2283 698 2321 morbum
730 2281 800 2333 qui
824 2280 939 2319 nobis
971 2293 1061 2318 eum
1095 2278 1272 2317 abstulit.
1339 2278 1432 2316 Fuit
1458 2276 1524 2315 hic

53 2340 218 2378 morbus
249 2341 387 2379 urinae
427 2339 568 2379 crebra
601 2339 822 2391 cupiditas,
862 2337 934 2375 sed
960 2349 1100 2386 magna
1135 2333 1382 2384 difficultass
1405 2347 1524 2386 quam

0 2398 1 2401 ’
58 2397 266 2448 dysuriam
286 2404 453 2447 vocant,
484 2410 561 2449 qua
590 2396 624 2433 is
648 2396 867 2434 extinctum
897 2405 1057 2444 quoque
1073 2398 1228 2443 patrem
1251 2404 1366 2428 suum
1385 2390 1525 2428 memi-

53 2460 179 2493 nerat.
247 2455 303 2493 Ea
341 2460 473 2492 autem
502 2453 682 2491 laborare
709 2452 883 2504 primum
912 2449 1045 2500 coepit
1074 2461 1129 2486 1v.
1163 2447 1260 2485 Idus
1286 2448 1374 2485 Jun.
1401 2446 1521 2497 hujus

0 2556 1 2559 Ἰ
53 2509 146 2547 anni
167 2510 266 2549 adeo
286 2511 460 2561 graviter
479 2516 526 2548 ut
543 2524 616 2562 per
640 2509 777 2547 decem
809 2507 892 2546 dies
924 2505 1134 2543 continuos
1161 2504 1382 2542 necessario
1416 2502 1519 2541 indi-

0 2593 1 2597 =
52 2566 184 2616 guerit
200 2580 275 2619 ope
295 2567 472 2617 chirurgi
495 2566 546 2604 ad
575 2565 866 2605 exonerandam
893 2562 1066 2601 vesicam
1095 2560 1406 2612 ejiciendamque
1435 2559 1518 2596 uri-

0 2629 3 2679 }
51 2635 156 2661 nam.
214 2624 317 2662 Tum
335 2623 519 2663 induciae
538 2637 612 2675 per
637 2623 789 2674 aliquot
813 2632 990 2670 menseS,
1023 2617 1090 2657 sed
1114 2630 1254 2669 parum
1275 2623 1406 2665 tutae,
1440 2628 1518 2666 pa-

0 2770 11 2815 i·
97 2814 139 2857 ¹)
162 2813 218 2847 Du
235 2814 305 2848 Bos
321 2812 493 2857 Seigneur
515 2811 560 2845 de
575 2811 781 2845 Drancourt.

94 2860 138 2903 2)
163 2859 368 2894 Thresorier
386 2858 525 2903 general
546 2858 588 2892 de
611 2858 754 2893 France.
