<?xml version="1.0" encoding="UTF-8"?>
<!DOCTYPE html PUBLIC "-//W3C//DTD XHTML 1.0 Transitional//EN"
    "http://www.w3.org/TR/xhtml1/DTD/xhtml1-transitional.dtd">
<html xmlns="http://www.w3.org/1999/xhtml" xml:lang="en" lang="en">
 <head>
  <title>
</title>
<meta http-equiv="Content-Type" content="text/html;charset=utf-8" />
  <meta name='ocr-system' content='tesseract 3.04.00' />
  <meta name='ocr-capabilities' content='ocr_page ocr_carea ocr_par ocr_line ocrx_word'/>
</head>
<body>
  <div class='ocr_page' id='page_1' title='image "./corpusscriptorum05niebuoft_0113.png"; bbox 0 0 1884 3262; ppageno 0'>
   <div class='ocr_carea' id='block_1_1' title="bbox 572 162 1613 220">
    <p class='ocr_par' dir='ltr' id='par_1_1' title="bbox 572 162 1613 220">
     <span class='ocr_line' id='line_1_1' title="bbox 572 162 1613 220; baseline 0.002 -5"><span class='ocrx_word' id='word_1_1' title='bbox 572 171 842 215; x_wconf 87' lang='lat' dir='ltr'>CHRONICI</span> <span class='ocrx_word' id='word_1_2' title='bbox 876 162 1182 215; x_wconf 80' lang='lat' dir='ltr'><strong>PASCHALIS.</strong></span> <span class='ocrx_word' id='word_1_3' title='bbox 1514 169 1613 220; x_wconf 79' lang='grc'><strong>103</strong></span> 
     </span>
    </p>
   </div>
   <div class='ocr_carea' id='block_1_2' title="bbox 98 279 1617 1580">
    <p class='ocr_par' dir='ltr' id='par_1_2' title="bbox 98 279 1617 1580">
     <span class='ocr_line' id='line_1_2' title="bbox 128 279 1614 336; baseline -0.002 -13"><span class='ocrx_word' id='word_1_4' title='bbox 128 285 379 336; x_wconf 77' lang='lat' dir='ltr'><strong>Parnaysus..</strong></span> <span class='ocrx_word' id='word_1_5' title='bbox 416 282 603 331; x_wconf 88' lang='lat' dir='ltr'><strong>Citeron,</strong></span> <span class='ocrx_word' id='word_1_6' title='bbox 643 281 840 332; x_wconf 86' lang='lat' dir='ltr'>Helicon,</span> <span class='ocrx_word' id='word_1_7' title='bbox 874 281 1134 331; x_wconf 86' lang='lat' dir='ltr'><strong>Parthenius,</strong></span> <span class='ocrx_word' id='word_1_8' title='bbox 1173 281 1312 335; x_wconf 81' lang='lat' dir='ltr'><strong>Nysa,</strong></span> <span class='ocrx_word' id='word_1_9' title='bbox 1341 279 1614 330; x_wconf 81' lang='lat' dir='ltr'><strong>Lucabantus,</strong></span> 
     </span>
     <span class='ocr_line' id='line_1_3' title="bbox 128 339 790 392; baseline -0.005 -11"><span class='ocrx_word' id='word_1_10' title='bbox 128 342 316 390; x_wconf 73' lang='lat' dir='ltr'><strong>Penstus,</strong></span> <span class='ocrx_word' id='word_1_11' title='bbox 347 340 572 392; x_wconf 84' lang='lat' dir='ltr'><strong>Olympus,</strong></span> <span class='ocrx_word' id='word_1_12' title='bbox 603 339 790 378; x_wconf 82' lang='lat' dir='ltr'><strong>Libanus.</strong></span> 
     </span>
     <span class='ocr_line' id='line_1_4' title="bbox 240 393 1611 446; baseline -0.003 -10"><span class='ocrx_word' id='word_1_13' title='bbox 240 397 427 436; x_wconf 88' lang='lat' dir='ltr'><strong>Flumina</strong></span> <span class='ocrx_word' id='word_1_14' title='bbox 453 403 587 436; x_wconf 89' lang='lat' dir='ltr'><strong>autem</strong></span> <span class='ocrx_word' id='word_1_15' title='bbox 615 403 710 435; x_wconf 88' lang='lat' dir='ltr'><strong>sunt</strong></span> <span class='ocrx_word' id='word_1_16' title='bbox 735 409 876 446; x_wconf 84' lang='lat' dir='ltr'><strong>magna</strong></span> <span class='ocrx_word' id='word_1_17' title='bbox 907 402 949 435; x_wconf 85' lang='lat' dir='ltr'><strong>et</strong></span> <span class='ocrx_word' id='word_1_18' title='bbox 977 395 1181 434; x_wconf 82' lang='lat' dir='ltr'><strong>nominata</strong></span> <span class='ocrx_word' id='word_1_19' title='bbox 1201 399 1287 435; x_wconf 78' lang='lat' dir='ltr'><strong>xm.</strong></span> <span class='ocrx_word' id='word_1_20' title='bbox 1348 393 1443 434; x_wconf 81' lang='lat' dir='ltr'><strong>ldos</strong></span> <span class='ocrx_word' id='word_1_21' title='bbox 1471 394 1542 446; x_wconf 91' lang='lat' dir='ltr'><strong>qui</strong></span> <span class='ocrx_word' id='word_1_22' title='bbox 1571 400 1611 432; x_wconf 90' lang='lat' dir='ltr'><strong>et</strong></span> 
     </span>
     <span class='ocr_line' id='line_1_5' title="bbox 98 450 1612 506; baseline -0.003 -12"><span class='ocrx_word' id='word_1_23' title='bbox 98 504 100 506; x_wconf 21' lang='grc' dir='ltr'>Ι</span> <span class='ocrx_word' id='word_1_24' title='bbox 128 454 294 504; x_wconf 87' lang='lat' dir='ltr'><strong>Frison,</strong></span> <span class='ocrx_word' id='word_1_25' title='bbox 324 455 441 494; x_wconf 88' lang='lat' dir='ltr'><strong>Nilus</strong></span> <span class='ocrx_word' id='word_1_26' title='bbox 464 454 596 506; x_wconf 86' lang='lat' dir='ltr'><strong>quiet</strong></span> <span class='ocrx_word' id='word_1_27' title='bbox 613 454 748 501; x_wconf 91' lang='lat' dir='ltr'><strong>Geon,</strong></span> <span class='ocrx_word' id='word_1_28' title='bbox 778 453 934 504; x_wconf 85' lang='lat' dir='ltr'><strong>Tigris,</strong></span> <span class='ocrx_word' id='word_1_29' title='bbox 966 453 1170 503; x_wconf 83' lang='lat' dir='ltr'><strong>Eufrates,</strong></span> <span class='ocrx_word' id='word_1_30' title='bbox 1199 450 1411 501; x_wconf 87' lang='lat' dir='ltr'><strong>Jordanis‚</strong></span> <span class='ocrx_word' id='word_1_31' title='bbox 1446 450 1612 496; x_wconf 84' lang='lat' dir='ltr'><strong>Gefisos,</strong></span> 
     </span>
     <span class='ocr_line' id='line_1_6' title="bbox 129 508 1613 562; baseline -0.003 -11"><span class='ocrx_word' id='word_1_32' title='bbox 129 513 304 562; x_wconf 86' lang='lat' dir='ltr'><strong>Tanaes,</strong></span> <span class='ocrx_word' id='word_1_33' title='bbox 338 512 503 561; x_wconf 84' lang='lat' dir='ltr'><strong>Menos,</strong></span> <span class='ocrx_word' id='word_1_34' title='bbox 532 510 814 559; x_wconf 88' lang='lat' dir='ltr'><strong>Erimanthus,</strong></span> <span class='ocrx_word' id='word_1_35' title='bbox 849 510 970 562; x_wconf 79' lang='lat' dir='ltr'><strong>Alys,</strong></span> <span class='ocrx_word' id='word_1_36' title='bbox 998 509 1186 561; x_wconf 85' lang='lat' dir='ltr'><strong>Asopus,</strong></span> <span class='ocrx_word' id='word_1_37' title='bbox 1216 508 1492 558; x_wconf 84' lang='lat' dir='ltr'>Thermodon,</span> <span class='ocrx_word' id='word_1_38' title='bbox 1509 508 1613 547; x_wconf 82' lang='lat' dir='ltr'><strong>Era-</strong></span> 
     </span>
     <span class='ocr_line' id='line_1_7' title="bbox 130 565 1611 618; baseline -0.003 -10"><span class='ocrx_word' id='word_1_39' title='bbox 130 570 263 618; x_wconf 92' lang='lat' dir='ltr'><strong>sinus,</strong></span> <span class='ocrx_word' id='word_1_40' title='bbox 294 569 415 618; x_wconf 88' lang='lat' dir='ltr'><strong>Rius,</strong></span> <span class='ocrx_word' id='word_1_41' title='bbox 446 567 743 615; x_wconf 87' lang='lat' dir='ltr'><strong>Borusthenes,</strong></span> <span class='ocrx_word' id='word_1_42' title='bbox 775 566 938 616; x_wconf 78' lang='lat' dir='ltr'><strong>Alseus,</strong></span> <span class='ocrx_word' id='word_1_43' title='bbox 981 567 1166 616; x_wconf 79' lang='lat' dir='ltr'><strong>Taurus,</strong></span> <span class='ocrx_word' id='word_1_44' title='bbox 1205 567 1381 614; x_wconf 86' lang='lat' dir='ltr'>Eurota,</span> <span class='ocrx_word' id='word_1_45' title='bbox 1411 565 1611 613; x_wconf 74' lang='lat' dir='ltr'><strong>meander,</strong></span> 
     </span>
     <span class='ocr_line' id='line_1_8' title="bbox 132 621 1612 677; baseline -0.003 -12"><span class='ocrx_word' id='word_1_46' title='bbox 132 626 324 675; x_wconf 81' lang='lat' dir='ltr'><strong>Hermus,</strong></span> <span class='ocrx_word' id='word_1_47' title='bbox 366 625 517 675; x_wconf 80' lang='lat' dir='ltr'>Axius,</span> <span class='ocrx_word' id='word_1_48' title='bbox 554 626 769 677; x_wconf 86' lang='lat' dir='ltr'><strong>Pyramus,</strong></span> <span class='ocrx_word' id='word_1_49' title='bbox 807 624 948 675; x_wconf 68' lang='lat' dir='ltr'><strong>Baius,</strong></span> <span class='ocrx_word' id='word_1_50' title='bbox 990 623 1176 673; x_wconf 83' lang='lat' dir='ltr'>Hebron,</span> <span class='ocrx_word' id='word_1_51' title='bbox 1206 622 1447 674; x_wconf 79' lang='lat' dir='ltr'>Sangarius,</span> <span class='ocrx_word' id='word_1_52' title='bbox 1475 621 1612 661; x_wconf 82' lang='lat' dir='ltr'><strong>Ache-</strong></span> 
     </span>
     <span class='ocr_line' id='line_1_9' title="bbox 129 679 1614 733; baseline -0.003 -11"><span class='ocrx_word' id='word_1_53' title='bbox 129 685 246 733; x_wconf 88' lang='lat' dir='ltr'><strong>lous,</strong></span> <span class='ocrx_word' id='word_1_54' title='bbox 275 682 468 732; x_wconf 72' lang='lat' dir='ltr'><strong>Penstus,</strong></span> <span class='ocrx_word' id='word_1_55' title='bbox 497 682 680 731; x_wconf 69' lang='lat' dir='ltr'><strong>Rhenus,</strong></span> <span class='ocrx_word' id='word_1_56' title='bbox 719 679 963 733; x_wconf 88' lang='lat' dir='ltr'><strong>Sperchius,</strong></span> <span class='ocrx_word' id='word_1_57' title='bbox 1006 681 1193 732; x_wconf 84' lang='lat' dir='ltr'><strong>Cayster,</strong></span> <span class='ocrx_word' id='word_1_58' title='bbox 1223 680 1390 728; x_wconf 88' lang='lat' dir='ltr'><strong>Simois,</strong></span> <span class='ocrx_word' id='word_1_59' title='bbox 1418 681 1614 718; x_wconf 84' lang='lat' dir='ltr'><strong>Scaman-</strong></span> 
     </span>
     <span class='ocr_line' id='line_1_10' title="bbox 131 735 1614 792; baseline -0.004 -12"><span class='ocrx_word' id='word_1_60' title='bbox 131 741 227 790; x_wconf 88' lang='lat' dir='ltr'><strong>der,</strong></span> <span class='ocrx_word' id='word_1_61' title='bbox 257 740 447 792; x_wconf 85' lang='lat' dir='ltr'><strong>Stryfon,</strong></span> <span class='ocrx_word' id='word_1_62' title='bbox 477 738 739 786; x_wconf 81' lang='lat' dir='ltr'><strong>Parthenius,</strong></span> <span class='ocrx_word' id='word_1_63' title='bbox 768 738 874 777; x_wconf 76' lang='lat' dir='ltr'><strong>ister</strong></span> <span class='ocrx_word' id='word_1_64' title='bbox 895 738 1060 776; x_wconf 85' lang='lat' dir='ltr'><strong>sslurius</strong></span> <span class='ocrx_word' id='word_1_65' title='bbox 1082 737 1154 789; x_wconf 78' lang='lat' dir='ltr'><strong>qui</strong></span> <span class='ocrx_word' id='word_1_66' title='bbox 1181 743 1220 776; x_wconf 92' lang='lat' dir='ltr'><strong>et</strong></span> <span class='ocrx_word' id='word_1_67' title='bbox 1243 736 1471 784; x_wconf 80' lang='lat' dir='ltr'><strong>Danubius,</strong></span> <span class='ocrx_word' id='word_1_68' title='bbox 1501 735 1614 774; x_wconf 81' lang='lat' dir='ltr'><strong>Rhe-</strong></span> 
     </span>
     <span class='ocr_line' id='line_1_11' title="bbox 129 793 1615 847; baseline -0.003 -10"><span class='ocrx_word' id='word_1_69' title='bbox 129 812 231 847; x_wconf 89' lang='lat' dir='ltr'><strong>nus,</strong></span> <span class='ocrx_word' id='word_1_70' title='bbox 268 797 512 847; x_wconf 83' lang='lat' dir='ltr'><strong>Rhodanus,</strong></span> <span class='ocrx_word' id='word_1_71' title='bbox 546 796 681 846; x_wconf 82' lang='lat' dir='ltr'><strong>Betis,</strong></span> <span class='ocrx_word' id='word_1_72' title='bbox 717 795 965 842; x_wconf 74' lang='lat' dir='ltr'><strong>Hei-idanus,</strong></span> <span class='ocrx_word' id='word_1_73' title='bbox 1002 794 1203 834; x_wconf 84' lang='lat' dir='ltr'><strong>Thember</strong></span> <span class='ocrx_word' id='word_1_74' title='bbox 1228 794 1301 846; x_wconf 89' lang='lat' dir='ltr'><strong>qui</strong></span> <span class='ocrx_word' id='word_1_75' title='bbox 1329 807 1439 832; x_wconf 90' lang='lat' dir='ltr'><strong>nunc</strong></span> <span class='ocrx_word' id='word_1_76' title='bbox 1467 793 1615 832; x_wconf 88' lang='lat' dir='ltr'><strong>dicitur</strong></span> 
     </span>
     <span class='ocr_line' id='line_1_12' title="bbox 129 853 300 894; baseline -0.012 0"><span class='ocrx_word' id='word_1_77' title='bbox 129 853 300 894; x_wconf 84' lang='lat' dir='ltr'><strong>Tiberis.</strong></span> 
     </span>
     <span class='ocr_line' id='line_1_13' title="bbox 243 906 1584 961; baseline -0.001 -11"><span class='ocrx_word' id='word_1_78' title='bbox 243 910 436 950; x_wconf 78' lang='lat' dir='ltr'><strong>Filiorum</strong></span> <span class='ocrx_word' id='word_1_79' title='bbox 461 909 584 960; x_wconf 89' lang='lat' dir='ltr'><strong>igitur</strong></span> <span class='ocrx_word' id='word_1_80' title='bbox 604 909 727 949; x_wconf 87' lang='lat' dir='ltr'><strong>trium</strong></span> <span class='ocrx_word' id='word_1_81' title='bbox 750 909 835 948; x_wconf 91' lang='lat' dir='ltr'><strong>Noe</strong></span> <span class='ocrx_word' id='word_1_82' title='bbox 855 908 1104 961; x_wconf 75' lang='lat' dir='ltr'><strong>tripartitum</strong></span> <span class='ocrx_word' id='word_1_83' title='bbox 1125 908 1330 947; x_wconf 82' lang='lat' dir='ltr'><strong>saeculum</strong></span> <span class='ocrx_word' id='word_1_84' title='bbox 1354 906 1584 949; x_wconf 78' lang='lat' dir='ltr'>divisorem.</span> 
     </span>
     <span class='ocr_line' id='line_1_14' title="bbox 245 961 1614 1020; baseline -0.004 -13"><span class='ocrx_word' id='word_1_85' title='bbox 245 969 298 1008; x_wconf 86' lang='lat' dir='ltr'><strong>Et</strong></span> <span class='ocrx_word' id='word_1_86' title='bbox 323 967 486 1020; x_wconf 81' lang='lat' dir='ltr'><strong>quidem</strong></span> <span class='ocrx_word' id='word_1_87' title='bbox 507 968 598 1006; x_wconf 89' lang='lat' dir='ltr'><strong>Sem</strong></span> <span class='ocrx_word' id='word_1_88' title='bbox 618 967 910 1019; x_wconf 80' lang='lat' dir='ltr'><strong>primogenitus</strong></span> <span class='ocrx_word' id='word_1_89' title='bbox 931 966 1088 1018; x_wconf 86' lang='lat' dir='ltr'><strong>accepit</strong></span> <span class='ocrx_word' id='word_1_90' title='bbox 1099 961 1322 1005; x_wconf 75' lang='lat' dir='ltr'>Orientem:</span> <span class='ocrx_word' id='word_1_91' title='bbox 1342 964 1467 1004; x_wconf 81' lang='lat' dir='ltr'><strong>cham</strong></span> <span class='ocrx_word' id='word_1_92' title='bbox 1480 971 1614 1003; x_wconf 84' lang='lat' dir='ltr'><strong>autem</strong></span> 
     </span>
     <span class='ocr_line' id='line_1_15' title="bbox 130 1022 1615 1077; baseline -0.003 -12"><span class='ocrx_word' id='word_1_93' title='bbox 130 1026 484 1065; x_wconf 81' lang='lat' dir='ltr'><strong>mediterraneam:</strong></span> <span class='ocrx_word' id='word_1_94' title='bbox 514 1023 658 1077; x_wconf 71' lang='lat' dir='ltr'><strong>saphet</strong></span> <span class='ocrx_word' id='word_1_95' title='bbox 681 1024 956 1063; x_wconf 84' lang='lat' dir='ltr'><strong>Occidentem.</strong></span> <span class='ocrx_word' id='word_1_96' title='bbox 1014 1023 1066 1062; x_wconf 81' lang='lat' dir='ltr'><strong>Et</strong></span> <span class='ocrx_word' id='word_1_97' title='bbox 1084 1023 1252 1062; x_wconf 81' lang='lat' dir='ltr'><strong>ostensis</strong></span> <span class='ocrx_word' id='word_1_98' title='bbox 1274 1022 1485 1074; x_wconf 80' lang='lat' dir='ltr'><strong>gentibus,</strong></span> <span class='ocrx_word' id='word_1_99' title='bbox 1514 1034 1615 1074; x_wconf 86' lang='lat' dir='ltr'><strong>quae</strong></span> 
     </span>
     <span class='ocr_line' id='line_1_16' title="bbox 131 1080 1342 1136; baseline -0.004 -13"><span class='ocrx_word' id='word_1_100' title='bbox 131 1084 181 1123; x_wconf 87' lang='lat' dir='ltr'><strong>de</strong></span> <span class='ocrx_word' id='word_1_101' title='bbox 195 1097 277 1136; x_wconf 90' lang='lat' dir='ltr'><strong>quo</strong></span> <span class='ocrx_word' id='word_1_102' title='bbox 298 1088 453 1121; x_wconf 79' lang='lat' dir='ltr'><strong>creatae</strong></span> <span class='ocrx_word' id='word_1_103' title='bbox 471 1080 551 1120; x_wconf 86' lang='lat' dir='ltr'><strong>sint</strong></span> <span class='ocrx_word' id='word_1_104' title='bbox 563 1111 573 1130; x_wconf 92' lang='lat'><em>,</em></span> <span class='ocrx_word' id='word_1_105' title='bbox 605 1080 830 1121; x_wconf 86' lang='lat' dir='ltr'><strong>necessario</strong></span> <span class='ocrx_word' id='word_1_106' title='bbox 848 1081 1109 1120; x_wconf 78' lang='lat' dir='ltr'><strong>decurremus</strong></span> <span class='ocrx_word' id='word_1_107' title='bbox 1131 1080 1183 1120; x_wconf 84' lang='lat' dir='ltr'><strong>ad</strong></span> <span class='ocrx_word' id='word_1_108' title='bbox 1201 1093 1342 1119; x_wconf 88' lang='lat' dir='ltr'><strong>annos.</strong></span> 
     </span>
     <span class='ocr_line' id='line_1_17' title="bbox 242 1138 1055 1189; baseline -0.002 -11"><span class='ocrx_word' id='word_1_109' title='bbox 242 1140 363 1179; x_wconf 87' lang='lat' dir='ltr'><strong>Falec</strong></span> <span class='ocrx_word' id='word_1_110' title='bbox 385 1152 581 1178; x_wconf 90' lang='lat' dir='ltr'><strong>annorum</strong></span> <span class='ocrx_word' id='word_1_111' title='bbox 601 1152 721 1178; x_wconf 63' lang='lat' dir='ltr'><strong>exn.</strong></span> <span class='ocrx_word' id='word_1_112' title='bbox 745 1138 885 1189; x_wconf 86' lang='lat' dir='ltr'><strong>genuit</strong></span> <span class='ocrx_word' id='word_1_113' title='bbox 905 1139 1055 1187; x_wconf 82' lang='lat' dir='ltr'><strong>Ragau.</strong></span> 
     </span>
     <span class='ocr_line' id='line_1_18' title="bbox 242 1193 1127 1247; baseline -0.002 -11"><span class='ocrx_word' id='word_1_114' title='bbox 242 1198 382 1247; x_wconf 87' lang='lat' dir='ltr'><strong>Ragau</strong></span> <span class='ocrx_word' id='word_1_115' title='bbox 403 1209 600 1234; x_wconf 87' lang='lat' dir='ltr'><strong>annorum</strong></span> <span class='ocrx_word' id='word_1_116' title='bbox 623 1208 778 1235; x_wconf 84' lang='lat' dir='ltr'><strong>cxxxn.</strong></span> <span class='ocrx_word' id='word_1_117' title='bbox 799 1196 936 1246; x_wconf 87' lang='lat' dir='ltr'><strong>genuit</strong></span> <span class='ocrx_word' id='word_1_118' title='bbox 958 1193 1127 1234; x_wconf 85' lang='lat' dir='ltr'><strong>Seruch.</strong></span> 
     </span>
     <span class='ocr_line' id='line_1_19' title="bbox 243 1251 1126 1303; baseline -0.002 -11"><span class='ocrx_word' id='word_1_119' title='bbox 243 1252 406 1293; x_wconf 85' lang='lat' dir='ltr'><strong>Suruch</strong></span> <span class='ocrx_word' id='word_1_120' title='bbox 428 1266 625 1292; x_wconf 89' lang='lat' dir='ltr'><strong>annorum</strong></span> <span class='ocrx_word' id='word_1_121' title='bbox 648 1266 770 1292; x_wconf 83' lang='lat' dir='ltr'><strong>cxxx.</strong></span> <span class='ocrx_word' id='word_1_122' title='bbox 795 1253 933 1303; x_wconf 84' lang='lat' dir='ltr'><strong>genuit</strong></span> <span class='ocrx_word' id='word_1_123' title='bbox 949 1251 1126 1290; x_wconf 88' lang='lat' dir='ltr'><strong>Nachor.</strong></span> 
     </span>
     <span class='ocr_line' id='line_1_20' title="bbox 241 1308 1151 1360; baseline -0.002 -10"><span class='ocrx_word' id='word_1_124' title='bbox 241 1309 405 1350; x_wconf 90' lang='lat' dir='ltr'><strong>Nachor</strong></span> <span class='ocrx_word' id='word_1_125' title='bbox 424 1323 624 1348; x_wconf 90' lang='lat' dir='ltr'><strong>annorum</strong></span> <span class='ocrx_word' id='word_1_126' title='bbox 643 1323 787 1349; x_wconf 65' lang='lat' dir='ltr'><strong>Lxxnx.</strong></span> <span class='ocrx_word' id='word_1_127' title='bbox 810 1310 948 1359; x_wconf 87' lang='lat' dir='ltr'><strong>genuit</strong></span> <span class='ocrx_word' id='word_1_128' title='bbox 964 1308 1151 1360; x_wconf 69' lang='lat' dir='ltr'><strong>Tharam.</strong></span> 
     </span>
     <span class='ocr_line' id='line_1_21' title="bbox 242 1365 1112 1417; baseline -0.001 -11"><span class='ocrx_word' id='word_1_129' title='bbox 242 1368 376 1406; x_wconf 82' lang='lat' dir='ltr'><strong>Thara</strong></span> <span class='ocrx_word' id='word_1_130' title='bbox 404 1380 603 1405; x_wconf 90' lang='lat' dir='ltr'><strong>annorum</strong></span> <span class='ocrx_word' id='word_1_131' title='bbox 622 1380 719 1406; x_wconf 72' lang='lat' dir='ltr'><strong>Lxx.</strong></span> <span class='ocrx_word' id='word_1_132' title='bbox 741 1369 876 1417; x_wconf 86' lang='lat' dir='ltr'><strong>genuit</strong></span> <span class='ocrx_word' id='word_1_133' title='bbox 896 1365 1112 1405; x_wconf 85' lang='lat' dir='ltr'><strong>Abraham.</strong></span> 
     </span>
     <span class='ocr_line' id='line_1_22' title="bbox 243 1416 1617 1473; baseline -0.004 -10"><span class='ocrx_word' id='word_1_134' title='bbox 243 1424 445 1464; x_wconf 85' lang='lat' dir='ltr'><strong>Abraham</strong></span> <span class='ocrx_word' id='word_1_135' title='bbox 475 1431 607 1462; x_wconf 85' lang='lat' dir='ltr'><strong>autem</strong></span> <span class='ocrx_word' id='word_1_136' title='bbox 649 1429 739 1462; x_wconf 87' lang='lat' dir='ltr'><strong>erat</strong></span> <span class='ocrx_word' id='word_1_137' title='bbox 769 1436 967 1462; x_wconf 88' lang='lat' dir='ltr'><strong>annorum</strong></span> <span class='ocrx_word' id='word_1_138' title='bbox 997 1436 1126 1461; x_wconf 81' lang='lat' dir='ltr'><strong>Lxxv.</strong></span> <span class='ocrx_word' id='word_1_139' title='bbox 1155 1433 1238 1473; x_wconf 91' lang='lat' dir='ltr'><strong>quo</strong></span> <span class='ocrx_word' id='word_1_140' title='bbox 1270 1425 1455 1471; x_wconf 87' lang='lat' dir='ltr'><strong>tempore</strong></span> <span class='ocrx_word' id='word_1_141' title='bbox 1487 1416 1617 1456; x_wconf 83' lang='lat' dir='ltr'><strong>edixit</strong></span> 
     </span>
     <span class='ocr_line' id='line_1_23' title="bbox 125 1475 1615 1531; baseline -0.006 -10"><span class='ocrx_word' id='word_1_142' title='bbox 125 1483 190 1523; x_wconf 83' lang='lat' dir='ltr'><strong>illi</strong></span> <span class='ocrx_word' id='word_1_143' title='bbox 205 1483 333 1531; x_wconf 87' lang='lat' dir='ltr'><strong>Deus,</strong></span> <span class='ocrx_word' id='word_1_144' title='bbox 368 1487 415 1520; x_wconf 87' lang='lat' dir='ltr'><strong>ut</strong></span> <span class='ocrx_word' id='word_1_145' title='bbox 442 1481 571 1520; x_wconf 82' lang='lat' dir='ltr'><strong>exiret</strong></span> <span class='ocrx_word' id='word_1_146' title='bbox 590 1480 642 1519; x_wconf 88' lang='lat' dir='ltr'><strong>de</strong></span> <span class='ocrx_word' id='word_1_147' title='bbox 660 1486 770 1519; x_wconf 78' lang='lat' dir='ltr'><strong>terra</strong></span> <span class='ocrx_word' id='word_1_148' title='bbox 790 1494 883 1531; x_wconf 87' lang='lat' dir='ltr'><strong>sua,</strong></span> <span class='ocrx_word' id='word_1_149' title='bbox 915 1486 954 1519; x_wconf 75' lang='lat' dir='ltr'><strong>et</strong></span> <span class='ocrx_word' id='word_1_150' title='bbox 982 1480 1032 1519; x_wconf 82' lang='lat' dir='ltr'><strong>de</strong></span> <span class='ocrx_word' id='word_1_151' title='bbox 1063 1479 1184 1518; x_wconf 87' lang='lat' dir='ltr'><strong>domo</strong></span> <span class='ocrx_word' id='word_1_152' title='bbox 1213 1477 1340 1530; x_wconf 81' lang='lat' dir='ltr'><strong>patris</strong></span> <span class='ocrx_word' id='word_1_153' title='bbox 1361 1475 1446 1525; x_wconf 89' lang='lat' dir='ltr'><strong>sui,</strong></span> <span class='ocrx_word' id='word_1_154' title='bbox 1476 1480 1517 1513; x_wconf 85' lang='lat' dir='ltr'><strong>et</strong></span> <span class='ocrx_word' id='word_1_155' title='bbox 1540 1487 1615 1514; x_wconf 86' lang='lat' dir='ltr'><strong>ve-</strong></span> 
     </span>
     <span class='ocr_line' id='line_1_24' title="bbox 127 1537 715 1580; baseline -0.005 0"><span class='ocrx_word' id='word_1_156' title='bbox 127 1541 231 1580; x_wconf 82' lang='lat' dir='ltr'><strong>niret</strong></span> <span class='ocrx_word' id='word_1_157' title='bbox 257 1539 300 1578; x_wconf 90' lang='lat' dir='ltr'><strong>in</strong></span> <span class='ocrx_word' id='word_1_158' title='bbox 323 1544 474 1577; x_wconf 83' lang='lat' dir='ltr'><strong>terram</strong></span> <span class='ocrx_word' id='word_1_159' title='bbox 499 1537 715 1577; x_wconf 83' lang='lat' dir='ltr'><strong>chanaam.</strong></span> 
     </span>
    </p>
   </div>
   <div class='ocr_carea' id='block_1_3' title="bbox 128 1588 1761 2843">
    <p class='ocr_par' dir='ltr' id='par_1_3' title="bbox 128 1588 1761 1764">
     <span class='ocr_line' id='line_1_25' title="bbox 225 1588 1617 1651; baseline -0.007 -16"><span class='ocrx_word' id='word_1_160' title='bbox 225 1596 342 1635; x_wconf 84' lang='lat' dir='ltr'><strong>Fiunt</strong></span> <span class='ocrx_word' id='word_1_161' title='bbox 368 1595 495 1647; x_wconf 79' lang='lat' dir='ltr'><strong>igitur</strong></span> <span class='ocrx_word' id='word_1_162' title='bbox 518 1609 541 1633; x_wconf 85' lang='lat' dir='ltr'><strong>a</strong></span> <span class='ocrx_word' id='word_1_163' title='bbox 572 1594 775 1634; x_wconf 86' lang='lat' dir='ltr'><strong>divisione</strong></span> <span class='ocrx_word' id='word_1_164' title='bbox 805 1606 1018 1651; x_wconf 84' lang='lat' dir='ltr'><strong>usquequo</strong></span> <span class='ocrx_word' id='word_1_165' title='bbox 1043 1592 1158 1632; x_wconf 84' lang='lat' dir='ltr'><strong>venit</strong></span> <span class='ocrx_word' id='word_1_166' title='bbox 1181 1589 1384 1631; x_wconf 72' lang='lat' dir='ltr'><strong>Abraham</strong></span> <span class='ocrx_word' id='word_1_167' title='bbox 1403 1588 1445 1627; x_wconf 90' lang='lat' dir='ltr'><strong>in</strong></span> <span class='ocrx_word' id='word_1_168' title='bbox 1468 1594 1617 1628; x_wconf 89' lang='lat' dir='ltr'><strong>terram</strong></span> 
     </span>
     <span class='ocr_line' id='line_1_26' title="bbox 128 1645 1618 1704; baseline -0.006 -12"><span class='ocrx_word' id='word_1_169' title='bbox 128 1653 333 1695; x_wconf 86' lang='lat' dir='ltr'><strong>Chanaam</strong></span> <span class='ocrx_word' id='word_1_170' title='bbox 370 1652 647 1703; x_wconf 83' lang='lat' dir='ltr'><strong>generationes</strong></span> <span class='ocrx_word' id='word_1_171' title='bbox 688 1651 867 1704; x_wconf 88' lang='lat' dir='ltr'><strong>quinque</strong></span> <span class='ocrx_word' id='word_1_172' title='bbox 881 1679 894 1700; x_wconf 92' lang='lat'>,</span> <span class='ocrx_word' id='word_1_173' title='bbox 936 1649 1031 1688; x_wconf 86' lang='lat' dir='ltr'><strong>anni</strong></span> <span class='ocrx_word' id='word_1_174' title='bbox 1059 1662 1198 1691; x_wconf 86' lang='lat' dir='ltr'><strong>ncxv1.</strong></span> <span class='ocrx_word' id='word_1_175' title='bbox 1241 1647 1291 1686; x_wconf 90' lang='lat' dir='ltr'><strong>ab</strong></span> <span class='ocrx_word' id='word_1_176' title='bbox 1322 1645 1453 1686; x_wconf 79' lang='lat' dir='ltr'><strong>Adam</strong></span> <span class='ocrx_word' id='word_1_177' title='bbox 1486 1651 1618 1684; x_wconf 79' lang='lat' dir='ltr'><strong>autem</strong></span> 
     </span>
     <span class='ocr_line' id='line_1_27' title="bbox 128 1703 1761 1764; baseline -0.006 -14"><span class='ocrx_word' id='word_1_178' title='bbox 128 1710 406 1764; x_wconf 80' lang='lat' dir='ltr'><strong>generationes</strong></span> <span class='ocrx_word' id='word_1_179' title='bbox 424 1722 495 1749; x_wconf 80' lang='lat' dir='ltr'><strong>xx.</strong></span> <span class='ocrx_word' id='word_1_180' title='bbox 518 1708 632 1747; x_wconf 89' lang='lat' dir='ltr'><strong>annis</strong></span> <span class='ocrx_word' id='word_1_181' title='bbox 651 1722 714 1747; x_wconf 77' lang='grc' dir='ltr'><strong>ιιι.</strong></span> <span class='ocrx_word' id='word_1_182' title='bbox 730 1719 1024 1748; x_wconf 68' lang='lat' dir='ltr'><strong>uccunxxxvn.</strong></span> <span class='ocrx_word' id='word_1_183' title='bbox 1641 1705 1670 1741; x_wconf 89' lang='lat' dir='ltr'>P</span> <span class='ocrx_word' id='word_1_184' title='bbox 1691 1703 1761 1742; x_wconf 82' lang='lat'><strong>417</strong></span> 
     </span>
    </p>

    <p class='ocr_par' dir='ltr' id='par_1_4' title="bbox 129 1757 1617 1865">
     <span class='ocr_line' id='line_1_28' title="bbox 246 1757 1617 1811; baseline -0.007 -5"><span class='ocrx_word' id='word_1_185' title='bbox 246 1768 520 1806; x_wconf 77' lang='lat' dir='ltr'><strong>Conversatus</strong></span> <span class='ocrx_word' id='word_1_186' title='bbox 549 1772 609 1804; x_wconf 82' lang='lat' dir='ltr'><strong>est</strong></span> <span class='ocrx_word' id='word_1_187' title='bbox 635 1772 769 1805; x_wconf 87' lang='lat' dir='ltr'><strong>autem</strong></span> <span class='ocrx_word' id='word_1_188' title='bbox 800 1777 893 1803; x_wconf 90' lang='lat' dir='ltr'><strong>cum</strong></span> <span class='ocrx_word' id='word_1_189' title='bbox 922 1762 1122 1803; x_wconf 85' lang='lat' dir='ltr'><strong>Chanaam</strong></span> <span class='ocrx_word' id='word_1_190' title='bbox 1151 1762 1264 1801; x_wconf 87' lang='lat' dir='ltr'><strong>annis</strong></span> <span class='ocrx_word' id='word_1_191' title='bbox 1284 1774 1382 1800; x_wconf 81' lang='lat' dir='ltr'><strong>xxv.</strong></span> <span class='ocrx_word' id='word_1_192' title='bbox 1413 1765 1455 1798; x_wconf 85' lang='lat' dir='ltr'><strong>et</strong></span> <span class='ocrx_word' id='word_1_193' title='bbox 1477 1757 1617 1811; x_wconf 89' lang='lat' dir='ltr'><strong>genuit</strong></span> 
     </span>
     <span class='ocr_line' id='line_1_29' title="bbox 129 1819 1244 1865; baseline -0.011 0"><span class='ocrx_word' id='word_1_194' title='bbox 129 1826 254 1865; x_wconf 83' lang='lat' dir='ltr'><strong>Isaac.</strong></span> <span class='ocrx_word' id='word_1_195' title='bbox 1242 1819 1244 1821; x_wconf 83' lang='grc'><strong>’</strong></span> 
     </span>
    </p>

    <p class='ocr_par' dir='ltr' id='par_1_5' title="bbox 245 1875 971 1931">
     <span class='ocr_line' id='line_1_30' title="bbox 245 1875 971 1931; baseline -0.007 -10"><span class='ocrx_word' id='word_1_196' title='bbox 245 1882 358 1921; x_wconf 81' lang='lat' dir='ltr'><strong>Isaac</strong></span> <span class='ocrx_word' id='word_1_197' title='bbox 378 1893 576 1919; x_wconf 86' lang='lat' dir='ltr'><strong>annorum</strong></span> <span class='ocrx_word' id='word_1_198' title='bbox 593 1893 659 1920; x_wconf 73' lang='lat' dir='ltr'><strong>Lx.</strong></span> <span class='ocrx_word' id='word_1_199' title='bbox 680 1879 817 1931; x_wconf 84' lang='lat' dir='ltr'><strong>genuit</strong></span> <span class='ocrx_word' id='word_1_200' title='bbox 835 1875 971 1917; x_wconf 75' lang='lat' dir='ltr'><strong>Jacob,</strong></span> 
     </span>
    </p>

    <p class='ocr_par' dir='ltr' id='par_1_6' title="bbox 247 1935 1111 1987">
     <span class='ocr_line' id='line_1_31' title="bbox 247 1935 1111 1987; baseline -0.005 -10"><span class='ocrx_word' id='word_1_201' title='bbox 247 1938 370 1978; x_wconf 85' lang='lat' dir='ltr'><strong>Jacob</strong></span> <span class='ocrx_word' id='word_1_202' title='bbox 389 1951 586 1977; x_wconf 84' lang='lat' dir='ltr'><strong>annorum</strong></span> <span class='ocrx_word' id='word_1_203' title='bbox 605 1950 778 1976; x_wconf 69' lang='lat' dir='ltr'><strong>Lxxxv1.</strong></span> <span class='ocrx_word' id='word_1_204' title='bbox 803 1935 940 1987; x_wconf 87' lang='lat' dir='ltr'><strong>genuit</strong></span> <span class='ocrx_word' id='word_1_205' title='bbox 957 1936 1068 1974; x_wconf 91' lang='lat' dir='ltr'><strong>Levi.</strong></span> <span class='ocrx_word' id='word_1_206' title='bbox 1104 1937 1111 1942; x_wconf 59' lang='grc'><strong><em>“</em></strong></span> 
     </span>
    </p>

    <p class='ocr_par' dir='ltr' id='par_1_7' title="bbox 249 1991 972 2045">
     <span class='ocr_line' id='line_1_32' title="bbox 249 1991 972 2045; baseline -0.001 -10"><span class='ocrx_word' id='word_1_207' title='bbox 249 1995 347 2035; x_wconf 81' lang='lat' dir='ltr'><strong>Levi</strong></span> <span class='ocrx_word' id='word_1_208' title='bbox 370 2008 564 2034; x_wconf 81' lang='lat' dir='ltr'><strong>annorum</strong></span> <span class='ocrx_word' id='word_1_209' title='bbox 584 2008 652 2035; x_wconf 73' lang='lat' dir='ltr'><strong>XL.</strong></span> <span class='ocrx_word' id='word_1_210' title='bbox 677 1993 815 2045; x_wconf 85' lang='lat' dir='ltr'><strong>genuit</strong></span> <span class='ocrx_word' id='word_1_211' title='bbox 834 1991 972 2034; x_wconf 84' lang='lat' dir='ltr'><strong>Caath.</strong></span> 
     </span>
    </p>

    <p class='ocr_par' dir='ltr' id='par_1_8' title="bbox 249 2049 1038 2101">
     <span class='ocr_line' id='line_1_33' title="bbox 249 2049 1038 2101; baseline -0.005 -10"><span class='ocrx_word' id='word_1_212' title='bbox 249 2051 376 2091; x_wconf 82' lang='lat' dir='ltr'><strong>caath</strong></span> <span class='ocrx_word' id='word_1_213' title='bbox 397 2065 594 2090; x_wconf 88' lang='lat' dir='ltr'><strong>annorum</strong></span> <span class='ocrx_word' id='word_1_214' title='bbox 615 2065 681 2090; x_wconf 79' lang='lat' dir='ltr'><strong>Lx.</strong></span> <span class='ocrx_word' id='word_1_215' title='bbox 705 2049 844 2101; x_wconf 82' lang='lat' dir='ltr'><strong>genuit</strong></span> <span class='ocrx_word' id='word_1_216' title='bbox 863 2050 1038 2088; x_wconf 83' lang='lat' dir='ltr'><strong>Amram.</strong></span> 
     </span>
    </p>

    <p class='ocr_par' dir='ltr' id='par_1_9' title="bbox 250 2105 1382 2158">
     <span class='ocr_line' id='line_1_34' title="bbox 250 2105 1382 2158; baseline -0.005 -10"><span class='ocrx_word' id='word_1_217' title='bbox 250 2111 408 2148; x_wconf 78' lang='lat' dir='ltr'><strong>Amram</strong></span> <span class='ocrx_word' id='word_1_218' title='bbox 431 2121 626 2147; x_wconf 88' lang='lat' dir='ltr'><strong>annorum</strong></span> <span class='ocrx_word' id='word_1_219' title='bbox 641 2120 741 2147; x_wconf 77' lang='lat' dir='ltr'><strong>Lxx.</strong></span> <span class='ocrx_word' id='word_1_220' title='bbox 762 2107 900 2158; x_wconf 87' lang='lat' dir='ltr'><strong>genuit</strong></span> <span class='ocrx_word' id='word_1_221' title='bbox 918 2105 1065 2144; x_wconf 79' lang='lat' dir='ltr'><strong>Aaron.</strong></span> <span class='ocrx_word' id='word_1_222' title='bbox 1378 2143 1382 2147; x_wconf 81' lang='grc'><strong><em>,</em></strong></span> 
     </span>
    </p>

    <p class='ocr_par' dir='ltr' id='par_1_10' title="bbox 133 2155 1616 2274">
     <span class='ocr_line' id='line_1_35' title="bbox 247 2155 1616 2216; baseline -0.009 -11"><span class='ocrx_word' id='word_1_223' title='bbox 247 2167 295 2206; x_wconf 88' lang='lat' dir='ltr'><strong>In</strong></span> <span class='ocrx_word' id='word_1_224' title='bbox 314 2165 559 2216; x_wconf 87' lang='lat' dir='ltr'><strong>octogesimo</strong></span> <span class='ocrx_word' id='word_1_225' title='bbox 578 2170 712 2203; x_wconf 88' lang='lat' dir='ltr'><strong>autem</strong></span> <span class='ocrx_word' id='word_1_226' title='bbox 741 2170 780 2202; x_wconf 84' lang='lat' dir='ltr'><strong>et</strong></span> <span class='ocrx_word' id='word_1_227' title='bbox 804 2163 928 2202; x_wconf 84' lang='lat' dir='ltr'><strong>tertio</strong></span> <span class='ocrx_word' id='word_1_228' title='bbox 947 2167 1056 2202; x_wconf 84' lang='lat' dir='ltr'><strong>anno</strong></span> <span class='ocrx_word' id='word_1_229' title='bbox 1078 2162 1233 2210; x_wconf 81' lang='lat' dir='ltr'><strong>Aaron,</strong></span> <span class='ocrx_word' id='word_1_230' title='bbox 1262 2157 1407 2209; x_wconf 84' lang='lat' dir='ltr'><strong>egressi</strong></span> <span class='ocrx_word' id='word_1_231' title='bbox 1430 2163 1523 2196; x_wconf 89' lang='lat' dir='ltr'><strong>sunt</strong></span> <span class='ocrx_word' id='word_1_232' title='bbox 1546 2155 1616 2194; x_wconf 81' lang='lat' dir='ltr'><strong>filii</strong></span> 
     </span>
     <span class='ocr_line' id='line_1_36' title="bbox 133 2219 1037 2274; baseline -0.006 -11"><span class='ocrx_word' id='word_1_233' title='bbox 133 2224 260 2264; x_wconf 90' lang='lat' dir='ltr'><strong>Israel</strong></span> <span class='ocrx_word' id='word_1_234' title='bbox 278 2223 329 2262; x_wconf 87' lang='lat' dir='ltr'><strong>de</strong></span> <span class='ocrx_word' id='word_1_235' title='bbox 349 2223 532 2274; x_wconf 83' lang='lat' dir='ltr'><strong>Aegypto</strong></span> <span class='ocrx_word' id='word_1_236' title='bbox 545 2250 558 2269; x_wconf 85' lang='lat'>,</span> <span class='ocrx_word' id='word_1_237' title='bbox 595 2222 771 2260; x_wconf 87' lang='lat' dir='ltr'><strong>ducente</strong></span> <span class='ocrx_word' id='word_1_238' title='bbox 795 2234 861 2259; x_wconf 91' lang='lat' dir='ltr'><strong>eos</strong></span> <span class='ocrx_word' id='word_1_239' title='bbox 883 2219 1037 2271; x_wconf 89' lang='lat' dir='ltr'><strong>Moyse.</strong></span> 
     </span>
    </p>

    <p class='ocr_par' dir='ltr' id='par_1_11' title="bbox 248 2277 1009 2330">
     <span class='ocr_line' id='line_1_37' title="bbox 248 2277 1009 2330; baseline -0.005 -11"><span class='ocrx_word' id='word_1_240' title='bbox 248 2280 368 2319; x_wconf 89' lang='lat' dir='ltr'><strong>Fiunt</strong></span> <span class='ocrx_word' id='word_1_241' title='bbox 390 2279 512 2330; x_wconf 78' lang='lat' dir='ltr'><strong>igitur</strong></span> <span class='ocrx_word' id='word_1_242' title='bbox 533 2291 671 2318; x_wconf 82' lang='lat' dir='ltr'><strong>omnes</strong></span> <span class='ocrx_word' id='word_1_243' title='bbox 693 2277 788 2316; x_wconf 86' lang='lat' dir='ltr'><strong>anni</strong></span> <span class='ocrx_word' id='word_1_244' title='bbox 809 2289 1009 2316; x_wconf 73' lang='lat' dir='ltr'><strong>ccccxxx.</strong></span> 
     </span>
    </p>

    <p class='ocr_par' dir='ltr' id='par_1_12' title="bbox 250 2327 1291 2386">
     <span class='ocr_line' id='line_1_38' title="bbox 250 2327 1291 2386; baseline -0.012 -10"><span class='ocrx_word' id='word_1_245' title='bbox 250 2338 297 2376; x_wconf 86' lang='lat' dir='ltr'><strong>In</strong></span> <span class='ocrx_word' id='word_1_246' title='bbox 315 2337 476 2376; x_wconf 81' lang='lat' dir='ltr'><strong>deserto</strong></span> <span class='ocrx_word' id='word_1_247' title='bbox 493 2349 563 2376; x_wconf 66' lang='lat' dir='ltr'><strong>xx..</strong></span> <span class='ocrx_word' id='word_1_248' title='bbox 583 2348 708 2373; x_wconf 83' lang='lat' dir='ltr'><strong>annos</strong></span> <span class='ocrx_word' id='word_1_249' title='bbox 730 2333 829 2374; x_wconf 79' lang='lat' dir='ltr'><strong>facit</strong></span> <span class='ocrx_word' id='word_1_250' title='bbox 851 2333 1031 2386; x_wconf 83' lang='lat' dir='ltr'><strong>populus</strong></span> <span class='ocrx_word' id='word_1_251' title='bbox 1046 2328 1123 2374; x_wconf 86' lang='lat' dir='ltr'><strong>sub</strong></span> <span class='ocrx_word' id='word_1_252' title='bbox 1141 2327 1291 2379; x_wconf 83' lang='lat' dir='ltr'><strong>Moyse.</strong></span> 
     </span>
    </p>

    <p class='ocr_par' dir='ltr' id='par_1_13' title="bbox 138 2383 1617 2502">
     <span class='ocr_line' id='line_1_39' title="bbox 251 2383 1616 2433; baseline -0.01 0"><span class='ocrx_word' id='word_1_253' title='bbox 251 2394 363 2433; x_wconf 86' lang='lat' dir='ltr'><strong>Jesus</strong></span> <span class='ocrx_word' id='word_1_254' title='bbox 383 2393 494 2432; x_wconf 77' lang='lat' dir='ltr'><strong>Nave</strong></span> <span class='ocrx_word' id='word_1_255' title='bbox 514 2393 681 2432; x_wconf 82' lang='lat' dir='ltr'><strong>transito</strong></span> <span class='ocrx_word' id='word_1_256' title='bbox 696 2390 869 2431; x_wconf 85' lang='lat' dir='ltr'><strong>Jordane</strong></span> <span class='ocrx_word' id='word_1_257' title='bbox 894 2389 994 2429; x_wconf 78' lang='lat' dir='ltr'><strong>facit</strong></span> <span class='ocrx_word' id='word_1_258' title='bbox 1022 2389 1065 2427; x_wconf 88' lang='lat' dir='ltr'><strong>in</strong></span> <span class='ocrx_word' id='word_1_259' title='bbox 1091 2391 1200 2425; x_wconf 81' lang='lat' dir='ltr'><strong>terra</strong></span> <span class='ocrx_word' id='word_1_260' title='bbox 1229 2397 1357 2422; x_wconf 85' lang='lat' dir='ltr'><strong>annos</strong></span> <span class='ocrx_word' id='word_1_261' title='bbox 1374 2396 1507 2422; x_wconf 75' lang='lat' dir='ltr'><strong>xxvix.</strong></span> <span class='ocrx_word' id='word_1_262' title='bbox 1526 2383 1616 2420; x_wconf 93' lang='lat' dir='ltr'><strong>bel—</strong></span> 
     </span>
     <span class='ocr_line' id='line_1_40' title="bbox 138 2440 1617 2502; baseline -0.01 -11"><span class='ocrx_word' id='word_1_263' title='bbox 138 2453 221 2491; x_wconf 82' lang='lat' dir='ltr'><strong>hun</strong></span> <span class='ocrx_word' id='word_1_264' title='bbox 245 2451 327 2502; x_wconf 82' lang='lat' dir='ltr'><strong>agit</strong></span> <span class='ocrx_word' id='word_1_265' title='bbox 347 2451 462 2490; x_wconf 83' lang='lat' dir='ltr'><strong>annis</strong></span> <span class='ocrx_word' id='word_1_266' title='bbox 486 2463 562 2489; x_wconf 78' lang='lat' dir='ltr'><strong>vn.</strong></span> <span class='ocrx_word' id='word_1_267' title='bbox 581 2455 621 2489; x_wconf 87' lang='lat' dir='ltr'><strong>et</strong></span> <span class='ocrx_word' id='word_1_268' title='bbox 638 2455 852 2502; x_wconf 83' lang='lat' dir='ltr'><strong>postquam</strong></span> <span class='ocrx_word' id='word_1_269' title='bbox 881 2445 1064 2500; x_wconf 87' lang='lat' dir='ltr'><strong>possedit</strong></span> <span class='ocrx_word' id='word_1_270' title='bbox 1082 2450 1254 2490; x_wconf 85' lang='lat' dir='ltr'><strong>terram,</strong></span> <span class='ocrx_word' id='word_1_271' title='bbox 1285 2440 1389 2479; x_wconf 81' lang='lat' dir='ltr'><strong>vixit</strong></span> <span class='ocrx_word' id='word_1_272' title='bbox 1414 2440 1528 2479; x_wconf 85' lang='lat' dir='ltr'><strong>anuis</strong></span> <span class='ocrx_word' id='word_1_273' title='bbox 1545 2452 1617 2477; x_wconf 77' lang='lat' dir='ltr'><strong>xx,</strong></span> 
     </span>
    </p>

    <p class='ocr_par' dir='ltr' id='par_1_14' title="bbox 142 2497 1619 2673">
     <span class='ocr_line' id='line_1_41' title="bbox 252 2497 1618 2559; baseline -0.011 -12"><span class='ocrx_word' id='word_1_274' title='bbox 252 2508 376 2547; x_wconf 84' lang='lat' dir='ltr'><strong>Fiunt</strong></span> <span class='ocrx_word' id='word_1_275' title='bbox 394 2521 517 2559; x_wconf 84' lang='lat' dir='ltr'><strong>ergo,</strong></span> <span class='ocrx_word' id='word_1_276' title='bbox 547 2520 598 2545; x_wconf 80' lang='lat' dir='ltr'><strong>ex</strong></span> <span class='ocrx_word' id='word_1_277' title='bbox 615 2519 696 2558; x_wconf 92' lang='lat' dir='ltr'><strong>quo</strong></span> <span class='ocrx_word' id='word_1_278' title='bbox 714 2504 917 2544; x_wconf 78' lang='lat' dir='ltr'><strong>Abraham</strong></span> <span class='ocrx_word' id='word_1_279' title='bbox 939 2503 1053 2543; x_wconf 82' lang='lat' dir='ltr'><strong>venit</strong></span> <span class='ocrx_word' id='word_1_280' title='bbox 1071 2501 1114 2539; x_wconf 89' lang='lat' dir='ltr'><strong>in</strong></span> <span class='ocrx_word' id='word_1_281' title='bbox 1130 2505 1284 2538; x_wconf 82' lang='lat' dir='ltr'><strong>terram</strong></span> <span class='ocrx_word' id='word_1_282' title='bbox 1302 2497 1501 2536; x_wconf 87' lang='lat' dir='ltr'><strong>Chanaam</strong></span> <span class='ocrx_word' id='word_1_283' title='bbox 1513 2525 1528 2546; x_wconf 63' lang='lat'>2</span> <span class='ocrx_word' id='word_1_284' title='bbox 1545 2509 1618 2534; x_wconf 82' lang='lat' dir='ltr'><strong>us-</strong></span> 
     </span>
     <span class='ocr_line' id='line_1_42' title="bbox 142 2553 1619 2617; baseline -0.011 -12"><span class='ocrx_word' id='word_1_285' title='bbox 142 2578 220 2617; x_wconf 89' lang='lat' dir='ltr'><strong>que</strong></span> <span class='ocrx_word' id='word_1_286' title='bbox 249 2564 299 2604; x_wconf 86' lang='lat' dir='ltr'><strong>ad</strong></span> <span class='ocrx_word' id='word_1_287' title='bbox 330 2570 500 2604; x_wconf 81' lang='lat' dir='ltr'><strong>mortem</strong></span> <span class='ocrx_word' id='word_1_288' title='bbox 529 2563 623 2603; x_wconf 85' lang='lat' dir='ltr'><strong>Jesu</strong></span> <span class='ocrx_word' id='word_1_289' title='bbox 643 2563 775 2612; x_wconf 84' lang='lat' dir='ltr'><strong>Nave,</strong></span> <span class='ocrx_word' id='word_1_290' title='bbox 805 2561 1078 2614; x_wconf 82' lang='lat' dir='ltr'><strong>generationes</strong></span> <span class='ocrx_word' id='word_1_291' title='bbox 1104 2569 1272 2597; x_wconf 83' lang='lat' dir='ltr'><strong>numero</strong></span> <span class='ocrx_word' id='word_1_292' title='bbox 1291 2569 1366 2592; x_wconf 83' lang='lat' dir='ltr'><strong>vn.</strong></span> <span class='ocrx_word' id='word_1_293' title='bbox 1393 2553 1544 2592; x_wconf 84' lang='lat' dir='ltr'><strong>annin.</strong></span> <span class='ocrx_word' id='word_1_294' title='bbox 1566 2566 1619 2591; x_wconf 83' lang='lat' dir='ltr'><strong>ex</strong></span> 
     </span>
     <span class='ocr_line' id='line_1_43' title="bbox 142 2618 1369 2673; baseline -0.011 -11"><span class='ocrx_word' id='word_1_295' title='bbox 142 2622 271 2662; x_wconf 74' lang='lat' dir='ltr'><strong>Adam</strong></span> <span class='ocrx_word' id='word_1_296' title='bbox 287 2628 421 2661; x_wconf 87' lang='lat' dir='ltr'><strong>autem</strong></span> <span class='ocrx_word' id='word_1_297' title='bbox 440 2620 718 2673; x_wconf 84' lang='lat' dir='ltr'><strong>generationes</strong></span> <span class='ocrx_word' id='word_1_298' title='bbox 738 2633 875 2660; x_wconf 76' lang='lat' dir='ltr'><strong>xxvii.</strong></span> <span class='ocrx_word' id='word_1_299' title='bbox 895 2618 991 2657; x_wconf 85' lang='lat' dir='ltr'><strong>anni</strong></span> <span class='ocrx_word' id='word_1_300' title='bbox 1008 2630 1068 2656; x_wconf 85' lang='lat'><strong>111.</strong></span> <span class='ocrx_word' id='word_1_301' title='bbox 1087 2625 1369 2654; x_wconf 69' lang='lat' dir='ltr'><strong>MCGGLXXXLV.</strong></span> 
     </span>
    </p>

    <p class='ocr_par' dir='ltr' id='par_1_15' title="bbox 148 2667 1620 2843">
     <span class='ocr_line' id='line_1_44' title="bbox 256 2667 1620 2729; baseline -0.01 -13"><span class='ocrx_word' id='word_1_302' title='bbox 256 2679 354 2718; x_wconf 86' lang='lat' dir='ltr'><strong>Post</strong></span> <span class='ocrx_word' id='word_1_303' title='bbox 375 2685 543 2718; x_wconf 82' lang='lat' dir='ltr'><strong>mortem</strong></span> <span class='ocrx_word' id='word_1_304' title='bbox 561 2691 661 2717; x_wconf 77' lang='lat' dir='ltr'><strong>vero</strong></span> <span class='ocrx_word' id='word_1_305' title='bbox 679 2677 772 2716; x_wconf 86' lang='lat' dir='ltr'><strong>Jesu</strong></span> <span class='ocrx_word' id='word_1_306' title='bbox 794 2690 970 2729; x_wconf 80' lang='lat' dir='ltr'><strong>peccans</strong></span> <span class='ocrx_word' id='word_1_307' title='bbox 990 2673 1167 2727; x_wconf 83' lang='lat' dir='ltr'><strong>populus</strong></span> <span class='ocrx_word' id='word_1_308' title='bbox 1188 2669 1363 2710; x_wconf 73' lang='lat' dir='ltr'><strong>traditur</strong></span> <span class='ocrx_word' id='word_1_309' title='bbox 1381 2667 1620 2705; x_wconf 75' lang='lat' dir='ltr'><strong>cusarsaton</strong></span> 
     </span>
     <span class='ocr_line' id='line_1_45' title="bbox 148 2722 1618 2789; baseline -0.01 -15"><span class='ocrx_word' id='word_1_310' title='bbox 148 2737 244 2787; x_wconf 68' lang='lat' dir='ltr'><strong>Regi</strong></span> <span class='ocrx_word' id='word_1_311' title='bbox 267 2735 576 2789; x_wconf 89' lang='lat' dir='ltr'><strong>Mesopotamiae</strong></span> <span class='ocrx_word' id='word_1_312' title='bbox 590 2765 602 2786; x_wconf 89' lang='lat'>‚</span> <span class='ocrx_word' id='word_1_313' title='bbox 633 2734 700 2773; x_wconf 88' lang='lat' dir='ltr'><strong>cui</strong></span> <span class='ocrx_word' id='word_1_314' title='bbox 725 2733 848 2773; x_wconf 81' lang='lat' dir='ltr'><strong>servit</strong></span> <span class='ocrx_word' id='word_1_315' title='bbox 876 2747 1001 2772; x_wconf 86' lang='lat' dir='ltr'><strong>annos</strong></span> <span class='ocrx_word' id='word_1_316' title='bbox 1021 2744 1110 2770; x_wconf 84' lang='lat' dir='ltr'><strong>vm.</strong></span> <span class='ocrx_word' id='word_1_317' title='bbox 1131 2734 1173 2768; x_wconf 84' lang='lat' dir='ltr'><strong>et</strong></span> <span class='ocrx_word' id='word_1_318' title='bbox 1200 2740 1290 2766; x_wconf 87' lang='lat' dir='ltr'><strong>cum</strong></span> <span class='ocrx_word' id='word_1_319' title='bbox 1320 2725 1534 2763; x_wconf 73' lang='lat' dir='ltr'><strong>clamasset</strong></span> <span class='ocrx_word' id='word_1_320' title='bbox 1552 2722 1618 2788; x_wconf 39' lang='lat' dir='ltr'><strong>‘ad</strong></span> 
     </span>
     <span class='ocr_line' id='line_1_46' title="bbox 148 2779 1620 2843; baseline -0.009 -12"><span class='ocrx_word' id='word_1_321' title='bbox 148 2793 382 2843; x_wconf 84' lang='lat' dir='ltr'><strong>Dominum,</strong></span> <span class='ocrx_word' id='word_1_322' title='bbox 421 2791 628 2833; x_wconf 80' lang='lat' dir='ltr'><strong>exurrexit</strong></span> <span class='ocrx_word' id='word_1_323' title='bbox 650 2789 878 2831; x_wconf 74' lang='lat' dir='ltr'><strong>-Gothoniel</strong></span> <span class='ocrx_word' id='word_1_324' title='bbox 916 2791 1042 2830; x_wconf 81' lang='lat' dir='ltr'><strong>frater</strong></span> <span class='ocrx_word' id='word_1_325' title='bbox 1071 2785 1191 2827; x_wconf 89' lang='lat' dir='ltr'><strong>Caleb</strong></span> <span class='ocrx_word' id='word_1_326' title='bbox 1228 2783 1367 2836; x_wconf 88' lang='lat' dir='ltr'><strong>junior</strong></span> <span class='ocrx_word' id='word_1_327' title='bbox 1405 2780 1458 2821; x_wconf 78' lang='lat' dir='ltr'><strong>de</strong></span> <span class='ocrx_word' id='word_1_328' title='bbox 1494 2779 1620 2832; x_wconf 53' lang='lat' dir='ltr'><strong>Tmou</strong></span> 
     </span>
    </p>
   </div>
  </div>
 </body>
</html>
