1884 3262
568 213 838 258 CHRONICI
878 216 1184 259 PASCHALIS.
1532 217 1633 264 229

149 320 273 365 5509.
304 321 573 374 Dionysianus
602 324 753 362 Natalis
783 327 1002 378 competit,
1035 328 1135 366 citra
1164 327 1468 367 diminutionem
1491 328 1632 379 ullam,

148 378 313 418 idoneas
352 379 404 418 ad
444 380 623 430 lunarem
659 381 893 421 methodum
933 390 1092 435 epactas
1122 384 1258 425 efficit.
1318 384 1440 433 Quod
1469 385 1504 423 si
1534 399 1636 438 epa-

148 441 306 474 ctarum
344 437 526 475 calculus
567 452 589 476 a
626 439 852 490 Septembri
889 441 1051 479 initium
1091 446 1289 491 sumeret,
1337 448 1424 481 tum
1469 442 1634 494 quidem

148 492 296 532 additis
327 494 378 532 ad
409 494 569 546 cyclum
605 494 892 547 Dionysianum
922 497 1073 547 tribus,
1105 506 1269 550 epactae
1291 506 1632 552 propagarentur,

149 563 252 601 quae
292 563 385 589 cum
425 552 616 607 ποστιαίᾳ
654 553 804 592 mensis
844 560 884 592 et
920 568 1002 594 uno
1037 562 1245 607 praeterea
1282 557 1479 607 regulari,
1509 570 1631 598 xxxs.

146 612 390 647 constarent.
448 608 526 647 Sed
563 622 614 647 ex
655 623 702 648 eo
742 610 901 649 minime
941 612 1127 662 sequitur
1165 614 1632 666 Constantinopolitanos

147 671 384 716 computum
413 664 534 704 istum
560 665 670 704 illius
700 667 761 705 rei
794 681 912 706 causa
934 668 1047 706 annis
1076 683 1160 708 xiv.
1191 670 1414 709 mutilasse:
1446 684 1559 718 cum,
1584 680 1632 710 ut

146 721 415 772 ostendimus,
445 736 571 762 annus
602 723 752 762 Natalis
781 725 960 776 vulgaris
989 739 1072 763 non
1101 726 1143 765 in
1182 740 1328 765 annum
1353 726 1481 770 5495.
1513 741 1630 767 aerae
1676 738 1679 739 ’

145 777 257 816 illius
291 778 546 827 decurtatae,
578 780 648 818 sed
677 780 722 818 in
751 782 877 825 5493.
910 783 1075 822 incidat.
1119 783 1328 822 Postremo
1358 784 1389 822 si
1419 785 1461 822 in
1492 784 1629 824 eadem

145 848 258 886 aera,
290 835 406 889 cujus
437 850 564 874 annus
594 838 719 880 5509.
750 838 907 889 vulgari
935 840 1070 878 Natali
1098 842 1306 892 congruit,
1344 848 1504 894 epactas
1535 842 1641 893 ple—‘

143 891 233 931 beio
255 906 365 932 more
395 893 655 944 formaveris,
696 894 845 934 additis
876 896 926 934 ad
957 898 1116 948 cyclum
1149 898 1243 936 anni
1273 897 1443 936 labentis
1473 898 1625 948 decem,

141 954 230 988 tum
266 957 428 1002 praeter
467 957 653 1002 epactas,
701 954 906 1003 regulares
943 955 1171 992 assumendi
1203 961 1347 1003 erunt,
1384 961 1425 993 et
1464 955 1626 1006 quidem

140 1006 302 1058 plures:
332 1007 671 1059 quemadmodum
701 1016 741 1048 et
771 1009 812 1048 in
847 1011 1091 1063 Dionysiano
1123 1012 1240 1063 cyclo
1270 1011 1442 1061 accidit,
1473 1012 1512 1050 in
1545 1026 1626 1064 quo

137 1070 301 1115 epactae
332 1078 434 1116 quae
464 1079 516 1104 ex
545 1066 675 1104 aureis
705 1067 883 1106 numeris
915 1075 1184 1118 consurgunt,
1213 1069 1415 1120 regulaoes
1440 1070 1626 1108 omnibus

136 1121 313 1160 numeris
345 1122 519 1172 exigunt.
579 1123 672 1161 Esto
703 1124 844 1176 cyclus
876 1125 1146 1177 Dionysianus
1176 1140 1234 1165 lx.
1280 1127 1627 1178 Constantinopo-

134 1177 284 1216 litanus
314 1193 385 1219 vn.
415 1185 580 1231 epactae
609 1193 715 1219 xvn.
747 1194 840 1219 cum
867 1196 987 1221 xvm.
1019 1182 1083 1220 die
1113 1184 1286 1233 mensis,
1318 1183 1555 1234 relinquunt
1583 1197 1624 1223 v.

135 1233 319 1274 Addendi
355 1235 478 1287 igitur
506 1237 712 1287 regulares
735 1251 856 1277 xxVI.
914 1240 996 1278 Sed
1023 1239 1126 1279 haec
1155 1240 1369 1280 methodus
1398 1240 1530 1279 minus
1564 1248 1624 1280 est
1695 1288 1698 1289 ⁷

134 1292 270 1343 priore
298 1292 367 1333 illa
397 1293 630 1345 probabilis.

723 1554 1012 1611 XXVIII.

1646 1577 1679 1609 V
1701 1577 1772 1614 390

195 1652 584 1702 METHODUS
621 1655 712 1702 AD
749 1654 1143 1706 PASCHALES
1183 1653 1545 1703 TERMINOS
1617 1646 1671 1679 10'2
1685 1647 1762 1680 eod·
1778 1646 1842 1680 Pe-

1549 1693 1562 1716 ⁹
1614 1693 1712 1726 tmn’o
1734 1694 1792 1727 lu'b.
1805 1695 1839 1728 8.

129 1744 244 1784 SlvE
271 1745 490 1785 JUDAICA
519 1747 792 1786 PASCHATA
823 1746 1235 1797 COGNOSCENDA‚
1267 1747 1378 1796 Quo
1402 1739 1778 1829 AUCTORggtfff

475 1815 727 1854 CHRONICI
755 1816 1037 1855 PASCH'ALIS
1070 1817 1273 1858 UTITUR.

241 1916 315 1956 Est
346 1917 595 1957 Graecorum
635 1918 969 1971 Computatorum
1008 1926 1048 1958 et
1086 1919 1161 1958 alia
1202 1917 1419 1956 methodus
1452 1917 1502 1955 ad
1534 1918 1613 1956 Pa-

128 1971 284 2012 schalas
319 1974 538 2025 terminos,
578 1975 664 2015 sive
704 1976 871 2015 Judai’ca
910 1976 1101 2016 Paschata
1142 1975 1447 2026 cognoscenda,
1491 1989 1611 2030 quam

129 2029 358 2069 Chronicon
388 2031 704 2071 Alexandrinum
736 2035 940 2085 sequitur:
988 2034 1054 2072 cui
1084 2047 1164 2071 non
1200 2034 1373 2071 multum
1404 2032 1611 2070 dissimilis

126 2094 188 2126 est
216 2101 262 2126 ea
291 2101 393 2139 quae
423 2089 466 2126 in
497 2089 695 2142 Computo
725 2090 910 2129 Andreae
941 2089 1299 2142 Hierosolymitani
1329 2089 1495 2139 legitur,
1534 2101 1610 2126 cu·-

60 2160 64 2163 ·
123 2143 189 2196 jus
230 2144 446 2184 declaratio
488 2146 542 2184 ad
579 2159 622 2184 ea
665 2160 769 2198 quae
808 2147 1008 2200 capitibus
1047 2145 1377 2186 antecedentibus
1409 2145 1609 2198 explicata

125 2208 220 2239 sunt
249 2215 329 2239 non
362 2216 505 2254 parum
535 2203 748 2242 conducet.

239 2258 366 2296 Annis
407 2260 455 2297 ab
497 2259 651 2298 Adamo
681 2275 755 2312 per
782 2274 871 2300 xix.
903 2260 1154 2309 distributis,
1194 2259 1352 2311 cyclum
1383 2258 1527 2307 lunae,
1568 2265 1608 2297 et

125 2314 163 2353 ei
203 2323 467 2366 congruentes
507 2323 668 2369 epactas
707 2318 888 2356 invenire
925 2317 1052 2370 jubet.
1112 2317 1181 2354 His
1223 2316 1368 2354 deinde
1398 2315 1483 2353 dies
1513 2329 1605 2354 xm.

125 2371 272 2411 addere
311 2371 382 2421 τοὶς
413 2370 491 2426 πρὸ
523 2377 606 2414 τῶν
638 2370 887 2427 φωστήρων,
937 2387 1039 2425 quae
1086 2373 1331 2412 antecedunt
1373 2373 1603 2412 luminaria.

123 2429 223 2468 Item
244 2427 538 2483 προσελήνους,
578 2432 804 2470 antelunares
833 2445 901 2469 vn.
961 2431 1063 2468 Tum
1095 2430 1146 2468 ad
1172 2429 1455 2482 >complendam
1489 2429 1604 2468 deci-

124 2499 229 2524 mam
258 2494 465 2538 quartam,
513 2494 614 2539 quot
651 2501 754 2541 opus
782 2494 842 2527 est
876 2485 959 2525 dies
999 2487 1186 2542 adjicere.
1245 2487 1391 2525 Facilis
1422 2492 1483 2524 est
1515 2499 1602 2524 me-

123 2541 295 2594 thodus,
327 2559 348 2582 a
377 2545 569 2583 Kalendis
598 2545 777 2594 Martiis,
808 2544 860 2583 ad
890 2557 978 2584 vn1.
1008 2557 1137 2595 usque
1172 2544 1300 2594 diem,
1339 2557 1440 2596 quae
1470 2543 1602 2594 prima

125 2605 186 2638 est
213 2601 430 2640 Neomenia
460 2601 688 2653 paschalis,
720 2602 805 2641 dies
834 2607 929 2640 sunt
958 2615 1030 2639 vn.
1068 2601 1335 2652 Iipropterea
1360 2599 1601 2653 προσέληνοι

124 2664 343 2706 vocantur,
383 2658 478 2710 quia
506 2660 676 2712 primam
704 2659 959 2698 Neomeniam
991 2657 1249 2710 praecedunt.
1315 2657 1416 2695 Inde
1447 2657 1500 2695 ad
1528 2670 1599 2696 xx.

94 2740 98 2742 -
124 2712 279 2765 Martii,
308 2715 393 2754 dies
420 2730 511 2755 xm.
542 2716 610 2768 qui
642 2714 721 2770 πρὸ
742 2719 824 2757 τῶν
848 2711 1075 2768 φωστήρων
1102 2715 1379 2766 appellantur,
1407 2726 1455 2751 eo
1488 2713 1599 2765 quod

124 2770 294 2822 primam
325 2786 371 2810 ac
399 2772 575 2812 citimam
611 2774 788 2812 omnium
826 2772 1022 2812 decimam
1053 2777 1237 2823 quartam
1270 2770 1455 2823 proxime
1486 2777 1598 2810 ante-

126 2826 297 2878 cedunt,
337 2843 439 2880 quae
479 2835 539 2869 est
572 2843 660 2869 xxx.
695 2829 844 2870 Martii.
900 2830 1174 2868 Luminarium
1214 2834 1344 2866 autem
1393 2827 1596 2880 oppositio

108 2882 210 2929 [fieri
243 2885 292 2923 ab
322 2885 403 2925 illis
432 2887 652 2940 putabatur
679 2888 722 2927 in
751 2887 923 2927 termino
953 2885 1150 2926 Paschali.
1208 2885 1348 2938 Itaque
1378 2884 1477 2924 citra
1509 2899 1595 2924 am—
