1884 3262
280 187 380 235 278
842 186 1171 230 NOTAE

279 296 473 337 salarium
507 295 713 348 Scriptore
744 294 893 335 haecce
928 295 1064 336 hausit
1103 295 1256 335 Auctor
1293 294 1503 345 Chronici,
1544 295 1611 346 qui
1651 307 1754 346 quae

279 355 350 393 ille
380 354 555 402 Graece,
585 353 640 390 ita
669 352 705 391 is
732 350 874 391 Latine
904 353 1122 393 extulerit.
1153 354 1226 392 His
1256 353 1374 391 conss.
1405 353 1565 393 Romani
1591 355 1756 392 Procem

280 412 375 451 dicti
399 413 506 458 sunt,
538 409 743 460 quomodo
769 409 879 448 Fasti
907 410 1077 450 [datiani
1109 410 1202 451 edit.
1234 408 1400 449 Pontaci
1431 415 1470 448 et
1499 408 1646 447 Labbei
1675 407 1756 447 ha-

282 469 376 506 bent
404 466 485 504 hoc
513 465 603 517 ipso
634 480 759 516 anno;
810 480 890 518 quo
929 467 1043 515 loco,
1084 467 1193 505 Fasti
1233 479 1316 504 non
1355 479 1406 504 ex
1438 465 1646 514 paschali,
1682 464 1756 508 sed

282 536 333 563 ex
360 523 488 561 Fastis
518 521 707 562 Paschale
737 522 857 562 debet
880 523 1099 563 illustrari:
1130 537 1220 562 cum
1251 523 1292 561 in
1323 536 1370 561 eo
1391 526 1590 575 Αρχοντες
1618 521 1755 561 dican-

280 587 349 619 tur
379 593 482 633 quos
510 579 640 618 Latini
675 583 841 620 Prooeres
869 582 1136 633 appellarunt.
1193 580 1255 618 Ita
1285 579 1436 631 quippe
1467 578 1574 630 apud
1602 579 1757 617 Roma-

228 665 232 667 -
282 651 354 675 nos
384 636 484 675 dicti
512 636 765 688 potissimum
793 637 968 677 Patricii.
1026 638 1125 676 Nam
1158 650 1246 675 cum
1278 636 1417 688 primis
1446 635 1498 673 ab
1529 634 1637 675 Urbe
1655 635 1757 675 com

281 694 368 732 dita
392 693 666 758 temporibus,
691 707 786 733 cum
811 694 885 732 sub
907 694 1101 746 Regibus,
1132 699 1218 732 tum
1248 693 1322 731 sub
1352 692 1491 745 primis
1511 692 1620 732 Coss.
1643 692 1758 730 Cives

283 751 450 789 Romani
480 750 521 788 in
550 750 747 790 Patricios
777 750 996 800 duntaxat,
1027 765 1096 790 seu
1127 751 1196 802 qui
1226 764 1248 788 a
1278 750 1464 789 Patribus
1494 749 1560 787 vel
1589 762 1612 786 a
1633 750 1759 788 Sena-

282 807 437 846 toribus
467 806 547 846 orti
575 813 716 858 erant,
754 813 792 847 et
820 808 998 847 Plebeios
1037 813 1170 847 essent
1207 807 1437 856 distributi,
1476 806 1652 857 solisque
1676 806 1759 846 Pe·-

283 864 411 903 triciis
441 863 575 903 aditus
605 870 759 917 pateret
796 864 839 903 in
876 865 1064 903 Senatum
1105 871 1146 903 et
1184 865 1237 903 ad
1278 863 1448 916 majores
1487 859 1759 914 Magistratus,

283 920 361 961 hac
389 921 551 960 tandem
579 927 830 973 tempestate.
841 921 1010 974 plebeiis
1040 921 1157 960 etiam
1177 934 1437 968 concessum,
1467 925 1512 958 ut
1535 933 1616 960 non
1636 919 1758 958 modo

284 980 496 1017 Senatores
528 991 612 1017 esse
642 983 827 1044 possent,
870 978 941 1016 sed
980 978 1097 1017 etiarn
1140 978 1189 1016 ad
1223 977 1384 1030 quasvis
1432 976 1645 1027 dignitates
1683 976 1791 1033 aab(

283 1035 551 1074 mitterentur.
607 1034 688 1074 Isto
716 1036 868 1087 quippe
897 1049 1029 1084 anno,
1075 1034 1170 1073 Caio
1199 1035 1303 1073 Julio
1328 1034 1422 1072 Julo
1461 1039 1501 1073 et
1530 1034 1570 1074 P.
1601 1032 1760 1072 Piuatio

283 1092 390 1130 Rufo
428 1092 539 1130 Coss.
565 1090 706 1130 Caium
742 1091 937 1131 Marcium
978 1091 1258 1141 Coriolanum,
1296 1090 1478 1130 exercitu
1518 1090 1760 1133 Volscorum

282 1155 513 1201 assumptO,
561 1148 713 1187 bellum
753 1149 907 1200 patriae
944 1148 1128 1187 intulisse
1175 1161 1272 1201 prae
1307 1146 1476 1186 caeteris
1517 1153 1662 1186 auctor
1700 1152 1762 1186 est

284 1205 499 1257 Dionysius
529 1204 880 1245 Halicarnasseus:
929 1206 996 1244 cui
1026 1205 1187 1256 quidem
1229 1204 1338 1243 bello
1366 1203 1480 1243 civili
1509 1218 1691 1243 caussam
1721 1208 1762 1243 et

281 1262 535 1300 occasionem
565 1261 751 1314 praebuit
780 1268 918 1301 exorta
947 1263 1055 1300 inter
1080 1261 1276 1300 Patricius
1306 1267 1346 1300 et
1374 1260 1532 1312 plebem
1563 1260 1762 1310 simultas,

283 1332 378 1356 cum
409 1319 667 1365 Coriolanus,
698 1320 811 1370 gravi
839 1332 1020 1368 annona,
1053 1319 1269 1357 advectum
1300 1331 1320 1356 e
1347 1317 1485 1356 Sicilia
1515 1318 1762 1356 frumentum

283 1389 427 1426 magno
461 1375 592 1427 pretio
626 1375 804 1414 dandum
834 1376 989 1428 populo
1018 1375 1062 1413 in
1092 1377 1243 1415 Senatu
1273 1374 1491 1423 suasisset,
1521 1380 1566 1412 ut
1588 1366 1673 1412 liae
1700 1373 1764 1412 in·

250 1468 251 1472 ,
281 1433 389 1485 juria
421 1432 533 1484 plebs
558 1445 674 1482 agios
705 1431 882 1482 coleret,
922 1446 972 1470 ac
1012 1433 1249 1471 necessitate
1288 1432 1344 1470 ad
1379 1430 1616 1472 modestiam
1646 1444 1764 1469 com-

284 1489 516 1542 pelleretur.
574 1489 757 1528 Excitata
796 1489 889 1527 inde
919 1490 1151 1540 gravissima
1182 1488 1425 1539 secessione,
1456 1501 1527 1527 seu
1555 1486 1761 1537 seditione,

283 1552 325 1584 et
356 1560 377 1584 a
408 1545 531 1585 Decio
561 1546 741 1585 'tribuno
769 1545 898 1597 plebis
926 1546 995 1597 die
1033 1545 1143 1588 dicta
1174 1546 1407 1595 Coriolano,
1458 1545 1609 1597 illoque
1643 1549 1762 1597 post·-

284 1602 447 1641 modum
477 1603 519 1640 in
549 1602 715 1642 exilium
745 1610 859 1653 acto,
894 1603 1087 1642 Patricius
1124 1617 1173 1642 eo
1209 1602 1329 1655 ‘plebs
1367 1602 1524 1653 adegit,
1554 1600 1762 1640 nonnullis

285 1659 406 1699 etiam
440 1672 491 1698 ex
519 1658 570 1697 iis
600 1658 709 1698 haud
734 1660 1020 1710 renuentibus,
1058 1666 1105 1699 ut
1132 1659 1314 1712 plebeios
1349 1658 1391 1698 in
1421 1660 1611 1697 Senatum
1642 1664 1682 1698 et
1709 1657 1762 1699 ad

287 1716 454 1767 quosvis
495 1714 751 1764 Magistratus
786 1716 1056 1756 admitterent.
1130 1717 1243 1756 Unde
1281 1721 1328 1754 ut
1367 1716 1588 1758 maximum
1626 1715 1762 1755 inem·-

286 1779 464 1810 mentum
496 1773 624 1823 plebis
653 1773 844 1825 potestati
872 1774 1059 1822 accessit,
1108 1770 1163 1812 ita
1195 1774 1443 1826 Optimatum
1475 1772 1598 1811 factio
1624 1772 1763 1811 maxi·

286 1841 398 1867 mum
435 1829 628 1879 pristinae
668 1830 872 1880 dignitatis
906 1830 1193 1875 detrimentum
1232 1829 1408 1882 aceepit,
1429 1862 1433 1867 .
1453 1829 1635 1869 admissis
1664 1829 1764 1880 ple-

285 1885 387 1924 beiis
416 1884 647 1924 hominibus
677 1885 728 1924 ad
764 1886 976 1938 dignitates
1008 1892 1048 1925 et
1068 1886 1319 1934 Sacerdotia,
1347 1886 1531 1937 aliosque
1550 1885 1764 1937 primarios

285 1941 464 1981 honores
484 1970 496 1991 ,
533 1942 605 1993 qui
641 1949 760 1982 antea
806 1943 901 1981 solis
941 1942 1124 1981 Patriciis
1162 1943 1383 1994 peculiares
1418 1942 1578 1980 fuerant
1601 1972 1611 1991 ,
1661 1955 1764 1994 quos

286 1999 399 2052 plebi
426 1998 777 2038 communicarunt
805 2000 954 2051 *partim
984 1999 1102 2037 inviti
1131 2005 1173 2038 et
1207 1999 1446 2039 necessitate
1476 1999 1633 2049 coacti,
1661 2012 1764 2051 par·-

287 2056 360 2095 tim
391 2055 509 2094 etiam
536 2055 712 2108 sapienti
753 2056 921 2094 consilio
953 2056 1138 2106 inducti,
1176 2062 1224 2094 ut
1260 2056 1447 2108 pluribus
1481 2061 1621 2095 narrat
1657 2055 1765 2094 idem

289 2112 507 2164 Dionysius
547 2113 617 2152 lib.
648 2126 726 2153 vu.
783 2112 915 2164 Atque
944 2113 986 2151 id
1018 2112 1178 2164 quidem
1208 2112 1342 2152 verbis
1373 2126 1495 2165 supra
1523 2112 1662 2152 relatis
1690 2112 1765 2152 vi·-

292 2169 413 2208 detur
445 2172 690 2222 expressisse
720 2175 888 2221 uterque
916 2170 1124 2222 Scriptor,
1156 2169 1348 2208 Chronici
1376 2176 1418 2209 et
1435 2170 1646 2209 Fastorum
1665 2169 1764 2209 Ida-

290 2226 512 2276 tianorum,
539 2225 689 2278 quibus
718 2226 893 2265 innuunt
920 2225 1001 2267 hoc
1027 2240 1135 2266 anno
1158 2227 1359 2276 Romanos,
1389 2227 1565 2279 plebeios
1595 2225 1765 2276 scilicet,

232 2297 235 2302 ¹
292 2282 479 2331 Proceres,
508 2284 576 2322 vel
592 2287 797 2337 Αρχοντας
825 2285 958 2322 dictos.-
986 2282 1066 2322 hoc
1096 2290 1156 2323 est
1184 2291 1270 2322 tum
1300 2284 1474 2336 primum
1503 2285 1545 2322 in
1575 2285 1764 2323 Senatum

292 2339 479 2386 allectos,
503 2345 548 2377 et
574 2339 626 2379 ad
656 2339 826 2390 majores
854 2340 1105 2392 Magistratus
1134 2340 1355 2387 admissos,
1383 2340 1632 2392 proindeque
1653 2341 1764 2380 Pro—

289 2395 454 2435 ceribus
483 2408 528 2434 ae
554 2395 759 2446 Patriciis‚
790 2410 961 2448 quorum
993 2403 1107 2436 antea
1135 2397 1181 2435 id
1209 2398 1408 2437 duntaxat
1434 2397 1536 2450 juris
1561 2402 1661 2446 erat,
1691 2411 1762 2436 ac—

294 2453 482 2491 censitos:
513 2453 622 2503 quod
653 2453 874 2506 superiori,
910 2460 954 2493 ut
981 2454 1089 2493 velle
1106 2454 1271 2494 videtur
1288 2454 1522 2505 Dionysius,
1544 2453 1763 2494 ’1781110οο8

294 2509 412 2548 etiam
443 2511 614 2549 fortasse
640 2523 744 2548 anno
772 2510 935 2555 tandem
965 2511 1171 2550 decretum
1199 2511 1278 2550 fuit
1295 2540 1307 2561 ,
1351 2511 1417 2549 vel
1454 2515 1561 2549 certe
1597 2510 1643 2550 in
1684 2524 1764 2550 usu

294 2579 381 2604 esse
411 2565 568 2618 coepi&
598 2568 758 2606 tametsi
784 2567 950 2618 quando
973 2569 1150 2620 primum
1179 2568 1223 2607 in
1250 2568 1440 2606 Senatum
1456 2566 1592 2606 allecti
1610 2567 1764 2607 fuerint

293 2622 442 2675 plebeii
482 2623 614 2663 variae
655 2624 740 2662 sint
771 2624 998 2663 'Auctorum
1036 2627 1270 2664 sententiae.
1340 2623 1504 2665 Eusebii
1533 2622 1764 2663 chronicon

296 2679 349 2717 ad
379 2693 527 2719 annum
567 2694 648 2732 quo
689 2686 853 2719 exactus
898 2681 1161 2720 Coriolanus:
1204 2683 1340 2720 Romae
1359 2681 1512 2732 populus
1544 2694 1569 2719 a
1589 2681 1764 2726 thribtu

291 2735 399 2776 facta
428 2737 598 2776 sedium
624 2737 787 2777 discedit.
854 2736 980 2776 Iidem
1009 2751 1135 2789 porro
1166 2743 1263 2776 sunt
1294 2737 1460 2778 Pmceres
1478 2742 1524 2781 «εἰ,
1542 2740 1764 2791 Λρχοντες·

295 2805 388 2831 nam
426 2794 534 2845 apud
567 2794 726 2833 Festum
763 2794 807 2833 in
835 2793 883 2832 V.
916 2796 1085 2842 Procum,
1119 2797 1303 2843 Proceres,
1335 2796 1516 2846 Principes
1545 2807 1762 2846 exponun-

294 2854 389 2900 tur,
432 2856 480 2889 ut
509 2848 617 2903 apud
651 2851 839 2892 servium
872 2850 925 2891 ad
952 2865 984 2893 1.
1012 2850 1178 2893 Aeneia.
1219 2853 1402 2904 Principes
1430 2852 1617 2902 civitatis,
1653 2849 1763 2904 apud
