<?xml version="1.0" encoding="UTF-8"?>
<!DOCTYPE html PUBLIC "-//W3C//DTD XHTML 1.0 Transitional//EN"
    "http://www.w3.org/TR/xhtml1/DTD/xhtml1-transitional.dtd">
<html xmlns="http://www.w3.org/1999/xhtml" xml:lang="en" lang="en">
 <head>
  <title>
</title>
<meta http-equiv="Content-Type" content="text/html;charset=utf-8" />
  <meta name='ocr-system' content='tesseract 3.04.00' />
  <meta name='ocr-capabilities' content='ocr_page ocr_carea ocr_par ocr_line ocrx_word'/>
</head>
<body>
  <div class='ocr_page' id='page_1' title='image "./corpusscriptorum05niebuoft_0475.png"; bbox 0 0 1820 3276; ppageno 0'>
   <div class='ocr_carea' id='block_1_1' title="bbox 445 200 1549 252">
    <p class='ocr_par' dir='ltr' id='par_1_1' title="bbox 445 200 1549 252">
     <span class='ocr_line' id='line_1_1' title="bbox 445 200 1549 252; baseline 0.007 -8"><span class='ocrx_word' id='word_1_1' title='bbox 445 200 504 244; x_wconf 85' lang='lat' dir='ltr'><strong><em>IN</em></strong></span> <span class='ocrx_word' id='word_1_2' title='bbox 539 201 872 246; x_wconf 86' lang='lat' dir='ltr'><strong><em>CHRONICON</em></strong></span> <span class='ocrx_word' id='word_1_3' title='bbox 905 203 1195 247; x_wconf 88' lang='lat' dir='ltr'><strong><em>PASCHALE.</em></strong></span> <span class='ocrx_word' id='word_1_4' title='bbox 1447 203 1549 252; x_wconf 82' lang='lat'><strong><em>465</em></strong></span> 
     </span>
    </p>
   </div>
   <div class='ocr_carea' id='block_1_2' title="bbox 72 309 1771 366">
    <p class='ocr_par' dir='ltr' id='par_1_2' title="bbox 72 309 1771 366">
     <span class='ocr_line' id='line_1_2' title="bbox 72 309 1771 366; baseline 0.006 -17"><span class='ocrx_word' id='word_1_5' title='bbox 72 323 142 349; x_wconf 85' lang='lat' dir='ltr'><strong><em>xv.</em></strong></span> <span class='ocrx_word' id='word_1_6' title='bbox 181 310 268 349; x_wconf 80' lang='lat' dir='ltr'><strong><em>Kal.</em></strong></span> <span class='ocrx_word' id='word_1_7' title='bbox 309 309 433 349; x_wconf 84' lang='lat' dir='ltr'><strong><em>Maii:</em></strong></span> <span class='ocrx_word' id='word_1_8' title='bbox 470 313 578 350; x_wconf 73' lang='lat' dir='ltr'><strong><em>tertia</em></strong></span> <span class='ocrx_word' id='word_1_9' title='bbox 608 325 697 351; x_wconf 86' lang='lat' dir='ltr'><strong><em>vm.</em></strong></span> <span class='ocrx_word' id='word_1_10' title='bbox 735 313 794 352; x_wconf 79' lang='lat' dir='ltr'><strong><em>Id.</em></strong></span> <span class='ocrx_word' id='word_1_11' title='bbox 833 313 955 352; x_wconf 77' lang='lat' dir='ltr'><strong><em>Maii.-</em></strong></span> <span class='ocrx_word' id='word_1_12' title='bbox 992 319 1123 366; x_wconf 77' lang='lat' dir='ltr'><strong><em>quarta</em></strong></span> <span class='ocrx_word' id='word_1_13' title='bbox 1153 312 1243 353; x_wconf 80' lang='lat'><strong><em>¹111.</em></strong></span> <span class='ocrx_word' id='word_1_14' title='bbox 1281 315 1367 355; x_wconf 81' lang='lat' dir='ltr'><strong><em>Kal.</em></strong></span> <span class='ocrx_word' id='word_1_15' title='bbox 1403 313 1548 366; x_wconf 77' lang='lat' dir='ltr'><strong><em>²Maii,</em></strong></span> <span class='ocrx_word' id='word_1_16' title='bbox 1572 325 1591 359; x_wconf 90' lang='lat'><strong>1</strong></span> <span class='ocrx_word' id='word_1_17' title='bbox 1616 333 1697 358; x_wconf 80' lang='lat' dir='ltr'><strong><em>vero</em></strong></span> <span class='ocrx_word' id='word_1_18' title='bbox 1712 324 1771 360; x_wconf 66' lang='lat' dir='ltr'><strong><em>ate</em></strong></span> 
     </span>
    </p>
   </div>
   <div class='ocr_carea' id='block_1_3' title="bbox 71 363 1068 410">
    <p class='ocr_par' dir='ltr' id='par_1_3' title="bbox 71 363 1068 410">
     <span class='ocr_line' id='line_1_3' title="bbox 71 363 1068 410; baseline 0.005 -5"><span class='ocrx_word' id='word_1_19' title='bbox 71 369 175 406; x_wconf 88' lang='lat' dir='ltr'><strong><em>tertio</em></strong></span> <span class='ocrx_word' id='word_1_20' title='bbox 203 366 279 407; x_wconf 75' lang='lat' dir='ltr'><strong><em>³P.</em></strong></span> <span class='ocrx_word' id='word_1_21' title='bbox 310 367 349 406; x_wconf 87' lang='lat' dir='ltr'><strong><em>C.</em></strong></span> <span class='ocrx_word' id='word_1_22' title='bbox 375 363 549 406; x_wconf 81' lang='lat' dir='ltr'><strong><em>4Basilio</em></strong></span> <span class='ocrx_word' id='word_1_23' title='bbox 581 369 618 407; x_wconf 88' lang='lat' dir='ltr'><strong><em>V.</em></strong></span> <span class='ocrx_word' id='word_1_24' title='bbox 651 369 690 408; x_wconf 87' lang='lat' dir='ltr'><strong><em>C.</em></strong></span> <span class='ocrx_word' id='word_1_25' title='bbox 718 369 918 409; x_wconf 81' lang='lat' dir='ltr'><strong><em>Indictione</em></strong></span> <span class='ocrx_word' id='word_1_26' title='bbox 946 369 965 395; x_wconf 83' lang='lat'>⁵</span> <span class='ocrx_word' id='word_1_27' title='bbox 982 385 1068 410; x_wconf 69' lang='lat' dir='ltr'><strong><em>vm.</em></strong></span> 
     </span>
    </p>
   </div>
   <div class='ocr_carea' id='block_1_4' title="bbox 293 424 1182 534">
    <p class='ocr_par' dir='ltr' id='par_1_4' title="bbox 293 424 1182 534">
     <span class='ocr_line' id='line_1_4' title="bbox 300 424 1168 475; baseline 0.006 -14"><span class='ocrx_word' id='word_1_28' title='bbox 300 424 461 462; x_wconf 73' lang='lat' dir='ltr'><strong><em>Versibus</em></strong></span> <span class='ocrx_word' id='word_1_29' title='bbox 489 427 646 475; x_wconf 78' lang='lat' dir='ltr'><em>egregiis</em></span> <span class='ocrx_word' id='word_1_30' title='bbox 674 425 859 465; x_wconf 84' lang='lat' dir='ltr'><strong><em>decursum</em></strong></span> <span class='ocrx_word' id='word_1_31' title='bbox 887 427 1008 467; x_wconf 80' lang='lat' dir='ltr'><strong><em>clarus</em></strong></span> <span class='ocrx_word' id='word_1_32' title='bbox 1035 429 1168 467; x_wconf 83' lang='lat' dir='ltr'><strong><em>Aratm·</em></strong></span> 
     </span>
     <span class='ocr_line' id='line_1_5' title="bbox 293 481 1182 534; baseline 0.003 -14"><span class='ocrx_word' id='word_1_33' title='bbox 293 481 440 520; x_wconf 82' lang='lat' dir='ltr'><strong><em>Carmen</em></strong></span> <span class='ocrx_word' id='word_1_34' title='bbox 465 481 678 533; x_wconf 77' lang='lat' dir='ltr'><strong><em>Apostolicis</em></strong></span> <span class='ocrx_word' id='word_1_35' title='bbox 705 485 828 521; x_wconf 80' lang='lat' dir='ltr'><em>cecinit</em></span> <span class='ocrx_word' id='word_1_36' title='bbox 854 486 994 534; x_wconf 76' lang='lat' dir='ltr'><strong><em>insigne</em></strong></span> <span class='ocrx_word' id='word_1_37' title='bbox 1025 484 1182 533; x_wconf 85' lang='lat' dir='ltr'><strong><em>Coronis,</em></strong></span> 
     </span>
    </p>
   </div>
   <div class='ocr_carea' id='block_1_5' title="bbox 1566 370 1772 544">
    <p class='ocr_par' dir='ltr' id='par_1_5' title="bbox 1566 370 1742 452">
     <span class='ocr_line' id='line_1_6' title="bbox 1568 370 1742 405; baseline -0.006 0"><span class='ocrx_word' id='word_1_38' title='bbox 1568 370 1592 405; x_wconf 75' lang='lat'><strong>2</strong></span> <span class='ocrx_word' id='word_1_39' title='bbox 1615 371 1742 405; x_wconf 78' lang='lat' dir='ltr'><strong><em>Juniae</em></strong></span> 
     </span>
     <span class='ocr_line' id='line_1_7' title="bbox 1566 417 1707 452; baseline -0.014 0"><span class='ocrx_word' id='word_1_40' title='bbox 1566 417 1591 452; x_wconf 87' lang='lat'>3</span> <span class='ocrx_word' id='word_1_41' title='bbox 1614 428 1707 450; x_wconf 84' lang='lat' dir='ltr'><strong><em>anno</em></strong></span> 
     </span>
    </p>

    <p class='ocr_par' dir='ltr' id='par_1_6' title="bbox 1566 461 1772 544">
     <span class='ocr_line' id='line_1_8' title="bbox 1566 461 1745 498; baseline 0.006 -1"><span class='ocrx_word' id='word_1_42' title='bbox 1566 461 1591 497; x_wconf 82' lang='grc'><strong>4</strong></span> <span class='ocrx_word' id='word_1_43' title='bbox 1614 463 1745 498; x_wconf 74' lang='lat' dir='ltr'><strong><em>Basilii</em></strong></span> 
     </span>
     <span class='ocr_line' id='line_1_9' title="bbox 1566 509 1772 544; baseline -0.005 0"><span class='ocrx_word' id='word_1_44' title='bbox 1566 509 1590 544; x_wconf 86' lang='lat'>5</span> <span class='ocrx_word' id='word_1_45' title='bbox 1612 520 1676 543; x_wconf 85' lang='lat' dir='ltr'><strong><em>vu.</em></strong></span> <span class='ocrx_word' id='word_1_46' title='bbox 1713 510 1772 544; x_wconf 83' lang='lat' dir='ltr'><strong><em>Ita</em></strong></span> 
     </span>
    </p>
   </div>
   <div class='ocr_carea' id='block_1_6' title="bbox 294 537 1772 649">
    <p class='ocr_par' dir='ltr' id='par_1_7' title="bbox 294 537 1772 649">
     <span class='ocr_line' id='line_1_10' title="bbox 294 537 1771 593; baseline 0.003 -17"><span class='ocrx_word' id='word_1_47' title='bbox 294 537 560 589; x_wconf 83' lang='lat' dir='ltr'><strong><em>Historiamque</em></strong></span> <span class='ocrx_word' id='word_1_48' title='bbox 581 541 686 590; x_wconf 85' lang='lat' dir='ltr'><strong><em>prius</em></strong></span> <span class='ocrx_word' id='word_1_49' title='bbox 709 553 926 591; x_wconf 82' lang='lat' dir='ltr'><strong><em>praeponens</em></strong></span> <span class='ocrx_word' id='word_1_50' title='bbox 954 539 1140 580; x_wconf 81' lang='lat' dir='ltr'><strong><em>⁶Caustus</em></strong></span> <span class='ocrx_word' id='word_1_51' title='bbox 1167 542 1294 593; x_wconf 81' lang='lat' dir='ltr'><strong><em>ubique</em></strong></span> <span class='ocrx_word' id='word_1_52' title='bbox 1549 555 1656 590; x_wconf 63' lang='lat' dir='ltr'><strong><em>etiam</em></strong></span> <span class='ocrx_word' id='word_1_53' title='bbox 1689 555 1771 590; x_wconf 78' lang='lat' dir='ltr'><strong><em>cod.</em></strong></span> 
     </span>
     <span class='ocr_line' id='line_1_11' title="bbox 295 594 1772 649; baseline 0.003 -17"><span class='ocrx_word' id='word_1_54' title='bbox 295 594 494 633; x_wconf 75' lang='lat' dir='ltr'><strong><em>Substituit</em></strong></span> <span class='ocrx_word' id='word_1_55' title='bbox 522 598 665 647; x_wconf 78' lang='lat' dir='ltr'><em>typicae</em></span> <span class='ocrx_word' id='word_1_56' title='bbox 692 599 860 635; x_wconf 75' lang='lat' dir='ltr'><strong><em>sensatim</em></strong></span> <span class='ocrx_word' id='word_1_57' title='bbox 888 598 993 636; x_wconf 79' lang='lat' dir='ltr'><strong><em>verba</em></strong></span> <span class='ocrx_word' id='word_1_58' title='bbox 1007 599 1171 649; x_wconf 81' lang='lat' dir='ltr'><strong><em>figurae.</em></strong></span> <span class='ocrx_word' id='word_1_59' title='bbox 1549 603 1586 636; x_wconf 85' lang='lat' dir='ltr'><strong><em>S.</em></strong></span> <span class='ocrx_word' id='word_1_60' title='bbox 1601 602 1772 637; x_wconf 64' lang='lat' dir='ltr'><strong><em>Vincentia·</em></strong></span> 
     </span>
    </p>
   </div>
   <div class='ocr_carea' id='block_1_7' title="bbox 292 651 1300 817">
    <p class='ocr_par' dir='ltr' id='par_1_8' title="bbox 292 651 1300 817">
     <span class='ocr_line' id='line_1_12' title="bbox 293 651 1279 703; baseline 0.002 -14"><span class='ocrx_word' id='word_1_61' title='bbox 293 651 447 702; x_wconf 80' lang='lat' dir='ltr'><strong><em>Lingua</em></strong></span> <span class='ocrx_word' id='word_1_62' title='bbox 477 665 610 690; x_wconf 79' lang='lat' dir='ltr'><strong><em>canora</em></strong></span> <span class='ocrx_word' id='word_1_63' title='bbox 639 654 761 691; x_wconf 86' lang='lat' dir='ltr'><strong><em>bonum</em></strong></span> <span class='ocrx_word' id='word_1_64' title='bbox 790 657 943 692; x_wconf 81' lang='lat' dir='ltr'><strong><em>testatur</em></strong></span> <span class='ocrx_word' id='word_1_65' title='bbox 966 655 1052 703; x_wconf 82' lang='lat' dir='ltr'><strong><em>jure</em></strong></span> <span class='ocrx_word' id='word_1_66' title='bbox 1083 653 1279 703; x_wconf 75' lang='grc' dir='ltr'><strong><em>7Ροὲἰα1η,</em></strong></span> 
     </span>
     <span class='ocr_line' id='line_1_13' title="bbox 292 707 1300 764; baseline 0.001 -18"><span class='ocrx_word' id='word_1_67' title='bbox 292 707 478 761; x_wconf 78' lang='lat' dir='ltr'><strong><em>Mysticus</em></strong></span> <span class='ocrx_word' id='word_1_68' title='bbox 502 710 683 759; x_wconf 75' lang='lat' dir='ltr'><strong><em>ingenium</em></strong></span> <span class='ocrx_word' id='word_1_69' title='bbox 711 712 764 747; x_wconf 87' lang='lat' dir='ltr'><strong><em>sic</em></strong></span> <span class='ocrx_word' id='word_1_70' title='bbox 792 711 932 749; x_wconf 83' lang='lat' dir='ltr'><strong><em>indicat</em></strong></span> <span class='ocrx_word' id='word_1_71' title='bbox 962 712 1048 750; x_wconf 82' lang='lat' dir='ltr'><strong><em>ordo</em></strong></span> <span class='ocrx_word' id='word_1_72' title='bbox 1069 712 1300 764; x_wconf 81' lang='lat' dir='ltr'><strong><em>profundum.</em></strong></span> 
     </span>
     <span class='ocr_line' id='line_1_14' title="bbox 405 764 1006 817; baseline 0.005 -14"><span class='ocrx_word' id='word_1_73' title='bbox 405 764 518 804; x_wconf 85' lang='lat' dir='ltr'><strong><em>Finit.</em></strong></span> <span class='ocrx_word' id='word_1_74' title='bbox 574 766 651 804; x_wconf 91' lang='lat' dir='ltr'><strong><em>Deo</em></strong></span> <span class='ocrx_word' id='word_1_75' title='bbox 674 769 829 817; x_wconf 77' lang='lat' dir='ltr'><strong><em>gratias.</em></strong></span> <span class='ocrx_word' id='word_1_76' title='bbox 886 768 1006 806; x_wconf 85' lang='lat' dir='ltr'><strong><em>Amen.</em></strong></span> 
     </span>
    </p>
   </div>
   <div class='ocr_carea' id='block_1_8' title="bbox 1548 648 1772 824">
    <p class='ocr_par' dir='ltr' id='par_1_9' title="bbox 1548 648 1772 786">
     <span class='ocr_line' id='line_1_15' title="bbox 1565 648 1760 690; baseline 0 -8"><span class='ocrx_word' id='word_1_77' title='bbox 1565 648 1760 690; x_wconf 71' lang='lat' dir='ltr'><strong><em>Emensis,</em></strong></span> 
     </span>
     <span class='ocr_line' id='line_1_16' title="bbox 1551 695 1772 739; baseline 0.005 -11"><span class='ocrx_word' id='word_1_78' title='bbox 1551 699 1657 739; x_wconf 82' lang='lat' dir='ltr'><strong><em>atque</em></strong></span> <span class='ocrx_word' id='word_1_79' title='bbox 1665 695 1713 729; x_wconf 81' lang='lat' dir='ltr'><strong><em>sic</em></strong></span> <span class='ocrx_word' id='word_1_80' title='bbox 1722 696 1772 729; x_wconf 86' lang='lat' dir='ltr'><strong><em>le-</em></strong></span> 
     </span>
     <span class='ocr_line' id='line_1_17' title="bbox 1548 741 1715 786; baseline 0.006 -12"><span class='ocrx_word' id='word_1_81' title='bbox 1548 741 1715 786; x_wconf 69' lang='lat' dir='ltr'><strong><em>gentiunt.</em></strong></span> 
     </span>
    </p>

    <p class='ocr_par' dir='ltr' id='par_1_10' title="bbox 1573 789 1743 824">
     <span class='ocr_line' id='line_1_18' title="bbox 1573 789 1743 824; baseline 0.006 -3"><span class='ocrx_word' id='word_1_82' title='bbox 1573 789 1596 824; x_wconf 83' lang='lat'><strong><em>6</em></strong></span> <span class='ocrx_word' id='word_1_83' title='bbox 1619 792 1743 822; x_wconf 80' lang='lat' dir='ltr'><strong><em>cautus</em></strong></span> 
     </span>
    </p>
   </div>
   <div class='ocr_carea' id='block_1_9' title="bbox 71 818 1769 931">
    <p class='ocr_par' dir='ltr' id='par_1_11' title="bbox 71 818 1769 931">
     <span class='ocr_line' id='line_1_19' title="bbox 72 818 1769 879; baseline 0 -20"><span class='ocrx_word' id='word_1_84' title='bbox 72 819 134 859; x_wconf 88' lang='lat' dir='ltr'><strong><em>Ex</em></strong></span> <span class='ocrx_word' id='word_1_85' title='bbox 171 818 251 858; x_wconf 85' lang='lat' dir='ltr'><strong><em>hoc</em></strong></span> <span class='ocrx_word' id='word_1_86' title='bbox 292 834 417 872; x_wconf 85' lang='lat' dir='ltr'><strong><em>porro</em></strong></span> <span class='ocrx_word' id='word_1_87' title='bbox 447 821 652 875; x_wconf 87' lang='lat' dir='ltr'><strong><em>adscripto</em></strong></span> <span class='ocrx_word' id='word_1_88' title='bbox 682 823 878 862; x_wconf 79' lang='lat' dir='ltr'><strong><em>duntaxat</em></strong></span> <span class='ocrx_word' id='word_1_89' title='bbox 909 823 1102 876; x_wconf 87' lang='lat' dir='ltr'><strong><em>temporis</em></strong></span> <span class='ocrx_word' id='word_1_90' title='bbox 1134 822 1444 862; x_wconf 87' lang='lat' dir='ltr'><strong><em>characterismo</em></strong></span> <span class='ocrx_word' id='word_1_91' title='bbox 1474 836 1546 862; x_wconf 89' lang='lat' dir='ltr'><strong><em>re—</em></strong></span> <span class='ocrx_word' id='word_1_92' title='bbox 1568 834 1591 869; x_wconf 87' lang='grc'><strong>7</strong></span> <span class='ocrx_word' id='word_1_93' title='bbox 1618 833 1769 879; x_wconf 63' lang='lat' dir='ltr'><strong><em>prophe-</em></strong></span> 
     </span>
     <span class='ocr_line' id='line_1_20' title="bbox 71 876 1669 931; baseline 0.001 -16"><span class='ocrx_word' id='word_1_94' title='bbox 71 876 225 916; x_wconf 83' lang='lat' dir='ltr'><strong><em>fellitur</em></strong></span> <span class='ocrx_word' id='word_1_95' title='bbox 261 878 324 915; x_wconf 88' lang='lat' dir='ltr'><strong><em>vir</em></strong></span> <span class='ocrx_word' id='word_1_96' title='bbox 360 878 639 927; x_wconf 87' lang='lat' dir='ltr'><strong><em>doctissimus,</em></strong></span> <span class='ocrx_word' id='word_1_97' title='bbox 677 881 748 931; x_wconf 90' lang='lat' dir='ltr'><strong><em>qui</em></strong></span> <span class='ocrx_word' id='word_1_98' title='bbox 779 887 895 931; x_wconf 88' lang='lat' dir='ltr'><strong><em>negat</em></strong></span> <span class='ocrx_word' id='word_1_99' title='bbox 926 881 1054 919; x_wconf 89' lang='lat' dir='ltr'><strong><em>ullum</em></strong></span> <span class='ocrx_word' id='word_1_100' title='bbox 1085 886 1221 919; x_wconf 81' lang='lat' dir='ltr'><strong><em>extare</em></strong></span> <span class='ocrx_word' id='word_1_101' title='bbox 1251 879 1479 931; x_wconf 84' lang='lat' dir='ltr'><strong><em>exemplum</em></strong></span> <span class='ocrx_word' id='word_1_102' title='bbox 1507 880 1549 918; x_wconf 88' lang='lat' dir='ltr'><strong><em>in</em></strong></span> <span class='ocrx_word' id='word_1_103' title='bbox 1594 885 1669 916; x_wconf 84' lang='lat' dir='ltr'><strong><em>tam</em></strong></span> 
     </span>
    </p>
   </div>
   <div class='ocr_carea' id='block_1_10' title="bbox 71 934 1604 2908">
    <p class='ocr_par' dir='ltr' id='par_1_12' title="bbox 71 934 1554 1500">
     <span class='ocr_line' id='line_1_21' title="bbox 73 934 1552 988; baseline 0.003 -16"><span class='ocrx_word' id='word_1_104' title='bbox 73 947 155 985; x_wconf 87' lang='lat' dir='ltr'><strong><em>quo</em></strong></span> <span class='ocrx_word' id='word_1_105' title='bbox 186 934 352 973; x_wconf 85' lang='lat' dir='ltr'><strong><em>vocibus</em></strong></span> <span class='ocrx_word' id='word_1_106' title='bbox 390 935 478 974; x_wconf 82' lang='lat' dir='ltr'><strong><em>Post</em></strong></span> <span class='ocrx_word' id='word_1_107' title='bbox 509 934 761 983; x_wconf 80' lang='lat' dir='ltr'><strong><em>Consulatum,</em></strong></span> <span class='ocrx_word' id='word_1_108' title='bbox 799 950 994 976; x_wconf 87' lang='lat' dir='ltr'><strong><em>annorum</em></strong></span> <span class='ocrx_word' id='word_1_109' title='bbox 1028 951 1219 976; x_wconf 86' lang='lat' dir='ltr'><strong><em>numerus</em></strong></span> <span class='ocrx_word' id='word_1_110' title='bbox 1255 935 1552 988; x_wconf 76' lang='lat' dir='ltr'><strong><em>praemittatur.</em></strong></span> 
     </span>
     <span class='ocr_line' id='line_1_22' title="bbox 73 990 1553 1046; baseline 0.003 -18"><span class='ocrx_word' id='word_1_111' title='bbox 73 990 154 1029; x_wconf 85' lang='lat' dir='ltr'><strong><em>Sed</em></strong></span> <span class='ocrx_word' id='word_1_112' title='bbox 193 997 231 1029; x_wconf 91' lang='lat' dir='ltr'><strong><em>et</em></strong></span> <span class='ocrx_word' id='word_1_113' title='bbox 271 1005 399 1042; x_wconf 88' lang='lat' dir='ltr'><strong><em>neque</em></strong></span> <span class='ocrx_word' id='word_1_114' title='bbox 438 991 517 1031; x_wconf 89' lang='lat' dir='ltr'><strong><em>hoc</em></strong></span> <span class='ocrx_word' id='word_1_115' title='bbox 546 993 706 1032; x_wconf 88' lang='lat' dir='ltr'><strong><em>unicum</em></strong></span> <span class='ocrx_word' id='word_1_116' title='bbox 737 1001 942 1046; x_wconf 78' lang='lat' dir='ltr'><strong><em>superest,</em></strong></span> <span class='ocrx_word' id='word_1_117' title='bbox 982 1007 1073 1033; x_wconf 88' lang='lat' dir='ltr'><strong><em>cum</em></strong></span> <span class='ocrx_word' id='word_1_118' title='bbox 1100 994 1177 1032; x_wconf 90' lang='lat' dir='ltr'><strong><em>alia</em></strong></span> <span class='ocrx_word' id='word_1_119' title='bbox 1203 995 1284 1046; x_wconf 85' lang='lat' dir='ltr'><strong><em>peti</em></strong></span> <span class='ocrx_word' id='word_1_120' title='bbox 1315 993 1471 1045; x_wconf 82' lang='lat' dir='ltr'><strong><em>possint</em></strong></span> <span class='ocrx_word' id='word_1_121' title='bbox 1502 1006 1553 1032; x_wconf 80' lang='lat' dir='ltr'><strong><em>ex</em></strong></span> 
     </span>
     <span class='ocr_line' id='line_1_23' title="bbox 72 1047 1553 1100; baseline 0.001 -13"><span class='ocrx_word' id='word_1_122' title='bbox 72 1047 267 1100; x_wconf 83' lang='lat' dir='ltr'><strong><em>Epistolis</em></strong></span> <span class='ocrx_word' id='word_1_123' title='bbox 298 1048 432 1100; x_wconf 82' lang='lat' dir='ltr'><strong><em>vigilii</em></strong></span> <span class='ocrx_word' id='word_1_124' title='bbox 461 1055 502 1088; x_wconf 91' lang='lat' dir='ltr'><strong><em>et</em></strong></span> <span class='ocrx_word' id='word_1_125' title='bbox 531 1050 679 1100; x_wconf 82' lang='lat' dir='ltr'><strong><em>Pelagii</em></strong></span> <span class='ocrx_word' id='word_1_126' title='bbox 710 1065 738 1089; x_wconf 90' lang='lat'><strong><em>1.</em></strong></span> <span class='ocrx_word' id='word_1_127' title='bbox 774 1052 847 1090; x_wconf 89' lang='grc' dir='ltr'><strong><em>ΡΡ.</em></strong></span> <span class='ocrx_word' id='word_1_128' title='bbox 879 1051 1111 1090; x_wconf 84' lang='lat' dir='ltr'><strong><em>Marcellino</em></strong></span> <span class='ocrx_word' id='word_1_129' title='bbox 1144 1050 1296 1089; x_wconf 79' lang='lat' dir='ltr'><strong><em>comite</em></strong></span> <span class='ocrx_word' id='word_1_130' title='bbox 1325 1049 1376 1088; x_wconf 91' lang='lat' dir='ltr'><strong><em>ad</em></strong></span> <span class='ocrx_word' id='word_1_131' title='bbox 1400 1063 1446 1089; x_wconf 90' lang='lat'><strong><em>11.</em></strong></span> <span class='ocrx_word' id='word_1_132' title='bbox 1477 1063 1553 1088; x_wconf 89' lang='lat' dir='ltr'><strong><em>an-</em></strong></span> 
     </span>
     <span class='ocr_line' id='line_1_24' title="bbox 72 1105 1554 1160; baseline 0.002 -18"><span class='ocrx_word' id='word_1_133' title='bbox 72 1118 168 1143; x_wconf 90' lang='lat' dir='ltr'><strong><em>num</em></strong></span> <span class='ocrx_word' id='word_1_134' title='bbox 193 1105 521 1144; x_wconf 71' lang='lat' dir='ltr'><strong><em>Postconsulatus</em></strong></span> <span class='ocrx_word' id='word_1_135' title='bbox 545 1107 704 1157; x_wconf 85' lang='lat' dir='ltr'><strong><em>Basilii,</em></strong></span> <span class='ocrx_word' id='word_1_136' title='bbox 734 1114 771 1146; x_wconf 89' lang='lat' dir='ltr'><strong><em>et</em></strong></span> <span class='ocrx_word' id='word_1_137' title='bbox 800 1122 849 1147; x_wconf 84' lang='lat' dir='ltr'><strong><em>ex</em></strong></span> <span class='ocrx_word' id='word_1_138' title='bbox 876 1108 1026 1160; x_wconf 91' lang='lat' dir='ltr'><strong><em>Sponio</em></strong></span> <span class='ocrx_word' id='word_1_139' title='bbox 1056 1108 1100 1145; x_wconf 90' lang='lat' dir='ltr'><strong><em>in</em></strong></span> <span class='ocrx_word' id='word_1_140' title='bbox 1127 1107 1342 1146; x_wconf 81' lang='lat' dir='ltr'><strong><em>Miscellan.</em></strong></span> <span class='ocrx_word' id='word_1_141' title='bbox 1372 1105 1554 1145; x_wconf 82' lang='lat' dir='ltr'><strong><em>eruditae</em></strong></span> 
     </span>
     <span class='ocr_line' id='line_1_25' title="bbox 71 1161 1552 1214; baseline 0 -13"><span class='ocrx_word' id='word_1_142' title='bbox 71 1161 204 1213; x_wconf 87' lang='lat' dir='ltr'><strong><em>Antiq.</em></strong></span> <span class='ocrx_word' id='word_1_143' title='bbox 245 1177 283 1214; x_wconf 89' lang='lat' dir='ltr'><strong><em>p.</em></strong></span> <span class='ocrx_word' id='word_1_144' title='bbox 324 1162 421 1204; x_wconf 83' lang='lat'><strong><em>314.</em></strong></span> <span class='ocrx_word' id='word_1_145' title='bbox 482 1163 709 1211; x_wconf 82' lang='lat' dir='ltr'><strong><em>Quinetiam</em></strong></span> <span class='ocrx_word' id='word_1_146' title='bbox 756 1165 797 1203; x_wconf 91' lang='lat' dir='ltr'><strong><em>in</em></strong></span> <span class='ocrx_word' id='word_1_147' title='bbox 844 1165 1055 1203; x_wconf 89' lang='lat' dir='ltr'><strong><em>Laterculo</em></strong></span> <span class='ocrx_word' id='word_1_148' title='bbox 1097 1164 1316 1203; x_wconf 75' lang='lat' dir='ltr'><strong><em>Consulum</em></strong></span> <span class='ocrx_word' id='word_1_149' title='bbox 1358 1163 1464 1202; x_wconf 88' lang='lat' dir='ltr'><strong><em>edito</em></strong></span> <span class='ocrx_word' id='word_1_150' title='bbox 1503 1163 1552 1201; x_wconf 91' lang='lat' dir='ltr'><strong><em>ab</em></strong></span> 
     </span>
     <span class='ocr_line' id='line_1_26' title="bbox 71 1219 1554 1273; baseline 0.002 -17"><span class='ocrx_word' id='word_1_151' title='bbox 71 1219 253 1257; x_wconf 83' lang='lat' dir='ltr'><strong><em>Arnaldo</em></strong></span> <span class='ocrx_word' id='word_1_152' title='bbox 283 1220 470 1266; x_wconf 88' lang='lat' dir='ltr'><strong><em>Pontaco,</em></strong></span> <span class='ocrx_word' id='word_1_153' title='bbox 507 1220 791 1260; x_wconf 81' lang='lat' dir='ltr'><strong><em>consulatibus</em></strong></span> <span class='ocrx_word' id='word_1_154' title='bbox 816 1221 1004 1261; x_wconf 88' lang='lat' dir='ltr'><strong><em>omnibus</em></strong></span> <span class='ocrx_word' id='word_1_155' title='bbox 1028 1221 1204 1273; x_wconf 87' lang='lat' dir='ltr'><strong><em>ejusdem</em></strong></span> <span class='ocrx_word' id='word_1_156' title='bbox 1229 1219 1366 1259; x_wconf 88' lang='lat' dir='ltr'><strong><em>Basilii</em></strong></span> <span class='ocrx_word' id='word_1_157' title='bbox 1398 1221 1554 1259; x_wconf 87' lang='lat' dir='ltr'><strong><em>numeri</em></strong></span> 
     </span>
     <span class='ocr_line' id='line_1_27' title="bbox 71 1276 1553 1328; baseline 0.001 -13"><span class='ocrx_word' id='word_1_158' title='bbox 71 1282 381 1328; x_wconf 87' lang='lat' dir='ltr'><strong><em>praeponuntur</em></strong></span> <span class='ocrx_word' id='word_1_159' title='bbox 413 1276 489 1315; x_wconf 86' lang='lat' dir='ltr'><strong><em>hac</em></strong></span> <span class='ocrx_word' id='word_1_160' title='bbox 519 1277 711 1317; x_wconf 87' lang='lat' dir='ltr'><strong><em>formula:</em></strong></span> <span class='ocrx_word' id='word_1_161' title='bbox 753 1292 798 1317; x_wconf 86' lang='lat'><strong><em>11.</em></strong></span> <span class='ocrx_word' id='word_1_162' title='bbox 830 1278 875 1317; x_wconf 92' lang='lat' dir='ltr'><strong><em>P.</em></strong></span> <span class='ocrx_word' id='word_1_163' title='bbox 907 1279 946 1318; x_wconf 89' lang='lat' dir='ltr'><strong><em>C.</em></strong></span> <span class='ocrx_word' id='word_1_164' title='bbox 978 1278 1050 1317; x_wconf 84' lang='lat' dir='ltr'><strong><em>Ter</em></strong></span> <span class='ocrx_word' id='word_1_165' title='bbox 1078 1277 1121 1316; x_wconf 91' lang='lat' dir='ltr'><strong><em>P.</em></strong></span> <span class='ocrx_word' id='word_1_166' title='bbox 1155 1278 1195 1316; x_wconf 85' lang='lat' dir='ltr'><strong><em>C.</em></strong></span> <span class='ocrx_word' id='word_1_167' title='bbox 1225 1291 1300 1315; x_wconf 86' lang='lat' dir='ltr'><strong><em>nn.</em></strong></span> <span class='ocrx_word' id='word_1_168' title='bbox 1331 1276 1376 1315; x_wconf 93' lang='lat' dir='ltr'><strong><em>P.</em></strong></span> <span class='ocrx_word' id='word_1_169' title='bbox 1408 1277 1448 1316; x_wconf 91' lang='lat' dir='ltr'><strong><em>C.</em></strong></span> <span class='ocrx_word' id='word_1_170' title='bbox 1478 1283 1553 1316; x_wconf 87' lang='lat' dir='ltr'><strong><em>etc.</em></strong></span> 
     </span>
     <span class='ocr_line' id='line_1_28' title="bbox 72 1332 1553 1387; baseline 0.001 -16"><span class='ocrx_word' id='word_1_171' title='bbox 72 1332 247 1372; x_wconf 86' lang='lat' dir='ltr'><strong><em>Proinde</em></strong></span> <span class='ocrx_word' id='word_1_172' title='bbox 281 1332 391 1372; x_wconf 85' lang='lat' dir='ltr'><strong><em>haud</em></strong></span> <span class='ocrx_word' id='word_1_173' title='bbox 432 1334 592 1373; x_wconf 86' lang='lat' dir='ltr'><strong><em>omnino</em></strong></span> <span class='ocrx_word' id='word_1_174' title='bbox 629 1334 895 1387; x_wconf 82' lang='lat' dir='ltr'><strong><em>improbanda</em></strong></span> <span class='ocrx_word' id='word_1_175' title='bbox 932 1334 1064 1374; x_wconf 83' lang='lat' dir='ltr'><strong><em>videri</em></strong></span> <span class='ocrx_word' id='word_1_176' title='bbox 1094 1334 1234 1373; x_wconf 87' lang='lat' dir='ltr'><strong><em>debuit</em></strong></span> <span class='ocrx_word' id='word_1_177' title='bbox 1262 1334 1308 1372; x_wconf 90' lang='lat' dir='ltr'><strong><em>V.</em></strong></span> <span class='ocrx_word' id='word_1_178' title='bbox 1340 1334 1382 1372; x_wconf 85' lang='lat' dir='ltr'><strong><em>C.</em></strong></span> <span class='ocrx_word' id='word_1_179' title='bbox 1413 1334 1553 1385; x_wconf 84' lang='lat' dir='ltr'><strong><em>conje-</em></strong></span> 
     </span>
     <span class='ocr_line' id='line_1_29' title="bbox 73 1389 1554 1444; baseline 0 -16"><span class='ocrx_word' id='word_1_180' title='bbox 73 1396 189 1429; x_wconf 84' lang='lat' dir='ltr'><strong><em>ctura</em></strong></span> <span class='ocrx_word' id='word_1_181' title='bbox 226 1389 267 1428; x_wconf 87' lang='lat' dir='ltr'><strong><em>in</em></strong></span> <span class='ocrx_word' id='word_1_182' title='bbox 305 1390 576 1443; x_wconf 80' lang='lat' dir='ltr'><strong><em>explicatione</em></strong></span> <span class='ocrx_word' id='word_1_183' title='bbox 605 1391 883 1444; x_wconf 80' lang='lat' dir='ltr'><strong><em>[ascriptionis</em></strong></span> <span class='ocrx_word' id='word_1_184' title='bbox 915 1391 1111 1431; x_wconf 86' lang='lat' dir='ltr'><strong><em>Basilicae</em></strong></span> <span class='ocrx_word' id='word_1_185' title='bbox 1145 1390 1437 1442; x_wconf 77' lang='lat' dir='ltr'><strong><em>Narbonensis,</em></strong></span> <span class='ocrx_word' id='word_1_186' title='bbox 1475 1391 1554 1430; x_wconf 85' lang='lat' dir='ltr'><strong><em>nisi</em></strong></span> 
     </span>
     <span class='ocr_line' id='line_1_30' title="bbox 72 1446 764 1500; baseline 0.003 -15"><span class='ocrx_word' id='word_1_187' title='bbox 72 1447 179 1486; x_wconf 83' lang='lat' dir='ltr'><strong><em>forte</em></strong></span> <span class='ocrx_word' id='word_1_188' title='bbox 204 1446 364 1486; x_wconf 87' lang='lat' dir='ltr'><strong><em>aliunde</em></strong></span> <span class='ocrx_word' id='word_1_189' title='bbox 390 1454 528 1500; x_wconf 89' lang='lat' dir='ltr'><strong><em>posset</em></strong></span> <span class='ocrx_word' id='word_1_190' title='bbox 552 1448 764 1488; x_wconf 73' lang='lat' dir='ltr'><strong><em>confutari.</em></strong></span> 
     </span>
    </p>

    <p class='ocr_par' dir='ltr' id='par_1_13' title="bbox 71 1501 1555 2056">
     <span class='ocr_line' id='line_1_31' title="bbox 186 1501 1554 1557; baseline -0.005 -10"><span class='ocrx_word' id='word_1_191' title='bbox 186 1502 283 1554; x_wconf 73' lang='lat' dir='ltr'><strong><em>Pag·</em></strong></span> <span class='ocrx_word' id='word_1_192' title='bbox 313 1506 408 1547; x_wconf 83' lang='lat'><strong><em>634.</em></strong></span> <span class='ocrx_word' id='word_1_193' title='bbox 442 1507 507 1546; x_wconf 88' lang='lat'><strong><em>16.</em></strong></span> <span class='ocrx_word' id='word_1_194' title='bbox 566 1502 686 1546; x_wconf 76' lang='grc' dir='ltr'><em>Μετοὶ</em></span> <span class='ocrx_word' id='word_1_195' title='bbox 723 1509 798 1546; x_wconf 86' lang='grc' dir='ltr'><strong><em>Τπ.</em></strong></span> <span class='ocrx_word' id='word_1_196' title='bbox 830 1505 1042 1546; x_wconf 81' lang='grc' dir='ltr'><strong><em>Βασιλείου</em></strong></span> <span class='ocrx_word' id='word_1_197' title='bbox 1073 1501 1145 1556; x_wconf 83' lang='grc' dir='ltr'><strong><em>δ’.]</em></strong></span> <span class='ocrx_word' id='word_1_198' title='bbox 1179 1504 1302 1557; x_wconf 87' lang='lat' dir='ltr'><strong><em>Epist.</em></strong></span> <span class='ocrx_word' id='word_1_199' title='bbox 1328 1517 1390 1541; x_wconf 87' lang='lat'><strong><em>111.</em></strong></span> <span class='ocrx_word' id='word_1_200' title='bbox 1415 1502 1554 1554; x_wconf 84' lang='lat' dir='ltr'><strong><em>vigilii</em></strong></span> 
     </span>
     <span class='ocr_line' id='line_1_32' title="bbox 73 1559 1553 1613; baseline -0.001 -14"><span class='ocrx_word' id='word_1_201' title='bbox 73 1561 224 1613; x_wconf 86' lang='lat' dir='ltr'><strong><em>Papae:</em></strong></span> <span class='ocrx_word' id='word_1_202' title='bbox 253 1573 309 1600; x_wconf 71' lang='grc' dir='ltr'><strong><em>ιν.</em></strong></span> <span class='ocrx_word' id='word_1_203' title='bbox 345 1564 386 1601; x_wconf 90' lang='grc' dir='ltr'><strong><em>Ρ.</em></strong></span> <span class='ocrx_word' id='word_1_204' title='bbox 413 1560 452 1600; x_wconf 80' lang='lat' dir='ltr'><strong><em>C.</em></strong></span> <span class='ocrx_word' id='word_1_205' title='bbox 482 1561 623 1601; x_wconf 83' lang='lat' dir='ltr'><strong><em>Basilii</em></strong></span> <span class='ocrx_word' id='word_1_206' title='bbox 658 1562 696 1602; x_wconf 94' lang='lat' dir='ltr'><strong><em>V.</em></strong></span> <span class='ocrx_word' id='word_1_207' title='bbox 723 1562 762 1602; x_wconf 89' lang='lat' dir='ltr'><strong><em>C.</em></strong></span> <span class='ocrx_word' id='word_1_208' title='bbox 794 1562 1051 1601; x_wconf 86' lang='lat' dir='ltr'><strong><em>Marcellinus</em></strong></span> <span class='ocrx_word' id='word_1_209' title='bbox 1088 1562 1227 1601; x_wconf 82' lang='lat' dir='ltr'><strong><em>Comes</em></strong></span> <span class='ocrx_word' id='word_1_210' title='bbox 1257 1559 1430 1598; x_wconf 80' lang='lat' dir='ltr'><strong><em>formula</em></strong></span> <span class='ocrx_word' id='word_1_211' title='bbox 1458 1560 1553 1598; x_wconf 86' lang='lat' dir='ltr'><strong><em>vul·</em></strong></span> 
     </span>
     <span class='ocr_line' id='line_1_33' title="bbox 74 1616 1554 1671; baseline -0.002 -14"><span class='ocrx_word' id='word_1_212' title='bbox 74 1619 179 1669; x_wconf 85' lang='lat' dir='ltr'><strong><em>gari:</em></strong></span> <span class='ocrx_word' id='word_1_213' title='bbox 209 1617 252 1656; x_wconf 90' lang='lat' dir='ltr'><strong><em>P.</em></strong></span> <span class='ocrx_word' id='word_1_214' title='bbox 286 1617 326 1657; x_wconf 89' lang='lat' dir='ltr'><strong><em>C.</em></strong></span> <span class='ocrx_word' id='word_1_215' title='bbox 355 1617 494 1657; x_wconf 85' lang='lat' dir='ltr'><strong><em>Basilii</em></strong></span> <span class='ocrx_word' id='word_1_216' title='bbox 520 1633 614 1658; x_wconf 86' lang='lat' dir='ltr'><strong><em>anno</em></strong></span> <span class='ocrx_word' id='word_1_217' title='bbox 636 1633 694 1659; x_wconf 87' lang='lat' dir='ltr'><strong><em>1v.</em></strong></span> <span class='ocrx_word' id='word_1_218' title='bbox 727 1619 931 1671; x_wconf 86' lang='lat' dir='ltr'><strong><em>quomodo</em></strong></span> <span class='ocrx_word' id='word_1_219' title='bbox 957 1619 1077 1657; x_wconf 83' lang='lat' dir='ltr'><strong><em>etiam</em></strong></span> <span class='ocrx_word' id='word_1_220' title='bbox 1108 1618 1216 1670; x_wconf 89' lang='lat' dir='ltr'><strong><em>apud</em></strong></span> <span class='ocrx_word' id='word_1_221' title='bbox 1238 1617 1440 1656; x_wconf 78' lang='lat' dir='ltr'><strong><em>sulianum</em></strong></span> <span class='ocrx_word' id='word_1_222' title='bbox 1472 1616 1554 1655; x_wconf 86' lang='lat' dir='ltr'><strong><em>An-</em></strong></span> 
     </span>
     <span class='ocr_line' id='line_1_34' title="bbox 71 1673 1552 1716; baseline -0.001 -3"><span class='ocrx_word' id='word_1_223' title='bbox 71 1681 213 1714; x_wconf 86' lang='lat' dir='ltr'><strong><em>tecess.</em></strong></span> <span class='ocrx_word' id='word_1_224' title='bbox 244 1675 486 1714; x_wconf 80' lang='lat' dir='ltr'><strong><em>Constitutio</em></strong></span> <span class='ocrx_word' id='word_1_225' title='bbox 511 1689 591 1714; x_wconf 64' lang='lat' dir='ltr'><strong><em>cxr</em></strong></span> <span class='ocrx_word' id='word_1_226' title='bbox 624 1689 674 1715; x_wconf 88' lang='lat' dir='ltr'><strong><em>ex</em></strong></span> <span class='ocrx_word' id='word_1_227' title='bbox 700 1676 797 1716; x_wconf 81' lang='lat' dir='ltr'><strong><em>edit.</em></strong></span> <span class='ocrx_word' id='word_1_228' title='bbox 822 1677 888 1716; x_wconf 83' lang='lat' dir='ltr'><strong><em>Fr.</em></strong></span> <span class='ocrx_word' id='word_1_229' title='bbox 918 1675 1076 1715; x_wconf 89' lang='lat' dir='ltr'><strong><em>Pithoei</em></strong></span> <span class='ocrx_word' id='word_1_230' title='bbox 1101 1674 1323 1714; x_wconf 86' lang='lat' dir='ltr'><strong><em>clauditur:</em></strong></span> <span class='ocrx_word' id='word_1_231' title='bbox 1366 1673 1455 1712; x_wconf 84' lang='lat' dir='ltr'><strong><em>Dat.</em></strong></span> <span class='ocrx_word' id='word_1_232' title='bbox 1479 1686 1552 1712; x_wconf 84' lang='lat' dir='ltr'><strong><em>vn.</em></strong></span> 
     </span>
     <span class='ocr_line' id='line_1_35' title="bbox 73 1729 1555 1784; baseline -0.001 -15"><span class='ocrx_word' id='word_1_233' title='bbox 73 1730 134 1774; x_wconf 75' lang='lat' dir='ltr'><strong><em>Id.</em></strong></span> <span class='ocrx_word' id='word_1_234' title='bbox 163 1730 292 1770; x_wconf 83' lang='lat' dir='ltr'><strong><em>Maias</em></strong></span> <span class='ocrx_word' id='word_1_235' title='bbox 323 1732 464 1784; x_wconf 84' lang='lat' dir='ltr'><strong><em>Constp.</em></strong></span> <span class='ocrx_word' id='word_1_236' title='bbox 495 1732 586 1784; x_wconf 86' lang='lat' dir='ltr'><strong><em>Imp.</em></strong></span> <span class='ocrx_word' id='word_1_237' title='bbox 618 1731 704 1772; x_wconf 89' lang='lat' dir='ltr'><strong><em>DN.</em></strong></span> <span class='ocrx_word' id='word_1_238' title='bbox 732 1734 866 1774; x_wconf 85' lang='lat' dir='ltr'><strong><em>Justin.</em></strong></span> <span class='ocrx_word' id='word_1_239' title='bbox 897 1734 995 1784; x_wconf 87' lang='lat' dir='ltr'><strong><em>Aug.</em></strong></span> <span class='ocrx_word' id='word_1_240' title='bbox 1028 1746 1147 1771; x_wconf 83' lang='lat' dir='ltr'><strong><em>xvm.</em></strong></span> <span class='ocrx_word' id='word_1_241' title='bbox 1172 1736 1253 1784; x_wconf 84' lang='lat' dir='ltr'><strong><em>post</em></strong></span> <span class='ocrx_word' id='word_1_242' title='bbox 1284 1731 1386 1771; x_wconf 77' lang='lat' dir='ltr'><strong><em>cons.</em></strong></span> <span class='ocrx_word' id='word_1_243' title='bbox 1416 1729 1555 1769; x_wconf 83' lang='lat' dir='ltr'><strong><em>Basilii</em></strong></span> 
     </span>
     <span class='ocr_line' id='line_1_36' title="bbox 73 1785 1551 1840; baseline -0.001 -13"><span class='ocrx_word' id='word_1_244' title='bbox 73 1802 167 1827; x_wconf 88' lang='lat' dir='ltr'><strong><em>anno</em></strong></span> <span class='ocrx_word' id='word_1_245' title='bbox 203 1801 285 1828; x_wconf 85' lang='lat'><strong><em>1111.</em></strong></span> <span class='ocrx_word' id='word_1_246' title='bbox 343 1788 394 1827; x_wconf 89' lang='lat' dir='ltr'><strong><em>Et</em></strong></span> <span class='ocrx_word' id='word_1_247' title='bbox 431 1789 674 1828; x_wconf 83' lang='lat' dir='ltr'><strong><em>Constitutio</em></strong></span> <span class='ocrx_word' id='word_1_248' title='bbox 712 1804 822 1830; x_wconf 74' lang='lat' dir='ltr'><strong><em>cxix.</em></strong></span> <span class='ocrx_word' id='word_1_249' title='bbox 855 1791 944 1830; x_wconf 91' lang='lat' dir='ltr'><strong><em>Dat.</em></strong></span> <span class='ocrx_word' id='word_1_250' title='bbox 977 1803 1034 1828; x_wconf 73' lang='lat' dir='ltr'><strong><em>xx.</em></strong></span> <span class='ocrx_word' id='word_1_251' title='bbox 1074 1789 1160 1828; x_wconf 85' lang='lat' dir='ltr'><strong><em>Kal.</em></strong></span> <span class='ocrx_word' id='word_1_252' title='bbox 1190 1788 1306 1840; x_wconf 79' lang='lat' dir='ltr'><strong><em>April.</em></strong></span> <span class='ocrx_word' id='word_1_253' title='bbox 1338 1785 1426 1826; x_wconf 91' lang='lat' dir='ltr'><strong><em>DN.</em></strong></span> <span class='ocrx_word' id='word_1_254' title='bbox 1455 1787 1551 1826; x_wconf 87' lang='lat' dir='ltr'><strong><em>Just.</em></strong></span> 
     </span>
     <span class='ocr_line' id='line_1_37' title="bbox 74 1842 1553 1899; baseline -0.003 -15"><span class='ocrx_word' id='word_1_255' title='bbox 74 1844 158 1884; x_wconf 93' lang='grc' dir='ltr'><strong><em>ΡΡ.</em></strong></span> <span class='ocrx_word' id='word_1_256' title='bbox 184 1845 227 1884; x_wconf 92' lang='lat' dir='ltr'><strong><em>A.</em></strong></span> <span class='ocrx_word' id='word_1_257' title='bbox 258 1859 350 1883; x_wconf 90' lang='lat' dir='ltr'><strong><em>anno</em></strong></span> <span class='ocrx_word' id='word_1_258' title='bbox 376 1859 478 1886; x_wconf 85' lang='lat' dir='ltr'><strong><em>xvn.</em></strong></span> <span class='ocrx_word' id='word_1_259' title='bbox 504 1851 587 1899; x_wconf 79' lang='lat' dir='ltr'><strong><em>post</em></strong></span> <span class='ocrx_word' id='word_1_260' title='bbox 614 1846 753 1886; x_wconf 84' lang='lat' dir='ltr'><strong><em>Basilii</em></strong></span> <span class='ocrx_word' id='word_1_261' title='bbox 787 1848 826 1887; x_wconf 90' lang='lat' dir='ltr'><strong><em>V.</em></strong></span> <span class='ocrx_word' id='word_1_262' title='bbox 858 1848 896 1887; x_wconf 88' lang='lat' dir='ltr'><strong><em>C.</em></strong></span> <span class='ocrx_word' id='word_1_263' title='bbox 929 1847 1028 1886; x_wconf 86' lang='lat' dir='ltr'><strong><em>Cons.</em></strong></span> <span class='ocrx_word' id='word_1_264' title='bbox 1059 1859 1143 1885; x_wconf 88' lang='lat' dir='ltr'><strong><em>ann.</em></strong></span> <span class='ocrx_word' id='word_1_265' title='bbox 1173 1859 1252 1884; x_wconf 89' lang='lat'><strong><em>1111.</em></strong></span> <span class='ocrx_word' id='word_1_266' title='bbox 1285 1842 1411 1883; x_wconf 87' lang='lat' dir='ltr'><strong><em>Cassii</em></strong></span> <span class='ocrx_word' id='word_1_267' title='bbox 1441 1843 1553 1881; x_wconf 86' lang='lat' dir='ltr'><strong><em>Nar-</em></strong></span> 
     </span>
     <span class='ocr_line' id='line_1_38' title="bbox 73 1899 1551 1956; baseline -0.001 -17"><span class='ocrx_word' id='word_1_268' title='bbox 73 1901 220 1940; x_wconf 83' lang='lat' dir='ltr'><strong><em>niensis</em></strong></span> <span class='ocrx_word' id='word_1_269' title='bbox 253 1901 442 1955; x_wconf 87' lang='lat' dir='ltr'><strong><em>Episcopi</em></strong></span> <span class='ocrx_word' id='word_1_270' title='bbox 479 1903 741 1956; x_wconf 85' lang='lat' dir='ltr'><strong><em>Epitaphium</em></strong></span> <span class='ocrx_word' id='word_1_271' title='bbox 770 1905 812 1943; x_wconf 90' lang='lat' dir='ltr'><strong><em>in</em></strong></span> <span class='ocrx_word' id='word_1_272' title='bbox 846 1903 1025 1943; x_wconf 83' lang='lat' dir='ltr'><strong><em>Ecclesia</em></strong></span> <span class='ocrx_word' id='word_1_273' title='bbox 1054 1904 1206 1954; x_wconf 82' lang='lat' dir='ltr'><strong><em>majore</em></strong></span> <span class='ocrx_word' id='word_1_274' title='bbox 1239 1914 1363 1953; x_wconf 89' lang='lat' dir='ltr'><strong><em>supra</em></strong></span> <span class='ocrx_word' id='word_1_275' title='bbox 1387 1899 1551 1953; x_wconf 89' lang='lat' dir='ltr'><strong><em>januam</em></strong></span> 
     </span>
     <span class='ocr_line' id='line_1_39' title="bbox 75 1957 1548 2014; baseline -0.001 -17"><span class='ocrx_word' id='word_1_276' title='bbox 75 1959 249 2011; x_wconf 85' lang='lat' dir='ltr'><strong><em>Cryptae</em></strong></span> <span class='ocrx_word' id='word_1_277' title='bbox 276 1959 314 1998; x_wconf 94' lang='lat' dir='ltr'><strong><em>S.</em></strong></span> <span class='ocrx_word' id='word_1_278' title='bbox 342 1958 507 2000; x_wconf 80' lang='lat' dir='ltr'><strong><em>Juliani:</em></strong></span> <span class='ocrx_word' id='word_1_279' title='bbox 550 1961 623 2013; x_wconf 83' lang='lat' dir='ltr'><strong><em>Rq.</em></strong></span> <span class='ocrx_word' id='word_1_280' title='bbox 651 1963 692 2000; x_wconf 85' lang='lat' dir='ltr'><strong><em>in</em></strong></span> <span class='ocrx_word' id='word_1_281' title='bbox 714 1975 807 2014; x_wconf 85' lang='lat' dir='ltr'><strong><em>pace</em></strong></span> <span class='ocrx_word' id='word_1_282' title='bbox 830 1962 932 2014; x_wconf 82' lang='lat' dir='ltr'><strong><em>prid.</em></strong></span> <span class='ocrx_word' id='word_1_283' title='bbox 961 1960 1050 2000; x_wconf 86' lang='lat' dir='ltr'><strong><em>Kal.</em></strong></span> <span class='ocrx_word' id='word_1_284' title='bbox 1078 1959 1154 1999; x_wconf 83' lang='lat' dir='ltr'><strong><em>Jul.</em></strong></span> <span class='ocrx_word' id='word_1_285' title='bbox 1186 1958 1231 1998; x_wconf 93' lang='lat' dir='ltr'><strong><em>P.</em></strong></span> <span class='ocrx_word' id='word_1_286' title='bbox 1264 1958 1305 1997; x_wconf 90' lang='lat' dir='ltr'><strong><em>C.</em></strong></span> <span class='ocrx_word' id='word_1_287' title='bbox 1334 1957 1474 1996; x_wconf 83' lang='lat' dir='ltr'><strong><em>Basilii</em></strong></span> <span class='ocrx_word' id='word_1_288' title='bbox 1511 1957 1548 1995; x_wconf 87' lang='lat' dir='ltr'><strong><em>V.</em></strong></span> 
     </span>
     <span class='ocr_line' id='line_1_40' title="bbox 77 2015 358 2056; baseline -0.004 0"><span class='ocrx_word' id='word_1_289' title='bbox 77 2015 118 2056; x_wconf 87' lang='lat' dir='ltr'><strong><em>C.</em></strong></span> <span class='ocrx_word' id='word_1_290' title='bbox 143 2029 225 2055; x_wconf 82' lang='lat' dir='ltr'><strong><em>ann.</em></strong></span> <span class='ocrx_word' id='word_1_291' title='bbox 254 2029 358 2055; x_wconf 83' lang='lat' dir='ltr'><strong><em>xvu.</em></strong></span> 
     </span>
    </p>

    <p class='ocr_par' dir='ltr' id='par_1_14' title="bbox 74 2070 1549 2239">
     <span class='ocr_line' id='line_1_41' title="bbox 186 2070 1548 2126; baseline -0.007 -10"><span class='ocrx_word' id='word_1_292' title='bbox 186 2071 283 2124; x_wconf 77' lang='lat' dir='ltr'><strong><em>Pag-</em></strong></span> <span class='ocrx_word' id='word_1_293' title='bbox 314 2072 410 2116; x_wconf 81' lang='lat'><strong><em>634-</em></strong></span> <span class='ocrx_word' id='word_1_294' title='bbox 445 2076 510 2117; x_wconf 86' lang='lat'><strong><em>17.</em></strong></span> <span class='ocrx_word' id='word_1_295' title='bbox 570 2070 718 2115; x_wconf 78' lang='grc' dir='ltr'><strong><em>Μόνον</em></strong></span> <span class='ocrx_word' id='word_1_296' title='bbox 749 2070 814 2126; x_wconf 88' lang='grc' dir='ltr'><strong><em>ε’.]</em></strong></span> <span class='ocrx_word' id='word_1_297' title='bbox 843 2073 1023 2113; x_wconf 81' lang='lat' dir='ltr'><strong><em>Julianus</em></strong></span> <span class='ocrx_word' id='word_1_298' title='bbox 1052 2071 1294 2111; x_wconf 87' lang='lat' dir='ltr'><strong><em>Antecessor</em></strong></span> <span class='ocrx_word' id='word_1_299' title='bbox 1321 2071 1364 2109; x_wconf 90' lang='lat' dir='ltr'><strong><em>in</em></strong></span> <span class='ocrx_word' id='word_1_300' title='bbox 1391 2070 1548 2108; x_wconf 83' lang='lat' dir='ltr'><strong><em>Consti-</em></strong></span> 
     </span>
     <span class='ocr_line' id='line_1_42' title="bbox 74 2124 1549 2182; baseline -0.003 -14"><span class='ocrx_word' id='word_1_301' title='bbox 74 2135 149 2168; x_wconf 87' lang='lat' dir='ltr'><strong><em>tut.</em></strong></span> <span class='ocrx_word' id='word_1_302' title='bbox 174 2142 265 2168; x_wconf 86' lang='lat' dir='ltr'><strong><em>cxv.</em></strong></span> <span class='ocrx_word' id='word_1_303' title='bbox 295 2129 403 2182; x_wconf 89' lang='lat' dir='ltr'><strong><em>apud</em></strong></span> <span class='ocrx_word' id='word_1_304' title='bbox 433 2130 498 2169; x_wconf 89' lang='lat' dir='ltr'><strong><em>Fr.</em></strong></span> <span class='ocrx_word' id='word_1_305' title='bbox 527 2129 758 2170; x_wconf 84' lang='lat' dir='ltr'><strong><em>Pithoeum:</em></strong></span> <span class='ocrx_word' id='word_1_306' title='bbox 789 2131 879 2170; x_wconf 85' lang='lat' dir='ltr'><strong><em>Dat.</em></strong></span> <span class='ocrx_word' id='word_1_307' title='bbox 908 2131 996 2169; x_wconf 81' lang='lat' dir='ltr'><strong><em>Kal.</em></strong></span> <span class='ocrx_word' id='word_1_308' title='bbox 1025 2129 1130 2168; x_wconf 83' lang='lat' dir='ltr'><strong><em>Maii</em></strong></span> <span class='ocrx_word' id='word_1_309' title='bbox 1155 2129 1321 2168; x_wconf 65' lang='lat' dir='ltr'><strong><em>metan.</em></strong></span> <span class='ocrx_word' id='word_1_310' title='bbox 1341 2124 1430 2165; x_wconf 89' lang='lat' dir='ltr'><strong><em>DN.</em></strong></span> <span class='ocrx_word' id='word_1_311' title='bbox 1454 2128 1549 2166; x_wconf 81' lang='lat' dir='ltr'><strong><em>Just.</em></strong></span> 
     </span>
     <span class='ocr_line' id='line_1_43' title="bbox 74 2185 1337 2239; baseline 0 -15"><span class='ocrx_word' id='word_1_312' title='bbox 74 2185 156 2226; x_wconf 87' lang='lat' dir='ltr'><strong><em>PP.</em></strong></span> <span class='ocrx_word' id='word_1_313' title='bbox 184 2186 280 2237; x_wconf 83' lang='lat' dir='ltr'><strong><em>Aug.</em></strong></span> <span class='ocrx_word' id='word_1_314' title='bbox 308 2200 400 2225; x_wconf 83' lang='lat' dir='ltr'><strong><em>anno</em></strong></span> <span class='ocrx_word' id='word_1_315' title='bbox 428 2200 496 2226; x_wconf 71' lang='grc' dir='ltr'><strong><em>Π.</em></strong></span> <span class='ocrx_word' id='word_1_316' title='bbox 524 2192 602 2239; x_wconf 84' lang='lat' dir='ltr'><strong><em>post</em></strong></span> <span class='ocrx_word' id='word_1_317' title='bbox 630 2187 732 2226; x_wconf 81' lang='lat' dir='ltr'><strong><em>Cous.</em></strong></span> <span class='ocrx_word' id='word_1_318' title='bbox 760 2187 900 2226; x_wconf 82' lang='lat' dir='ltr'><strong><em>Basilii</em></strong></span> <span class='ocrx_word' id='word_1_319' title='bbox 925 2200 1019 2225; x_wconf 85' lang='lat' dir='ltr'><strong><em>anno</em></strong></span> <span class='ocrx_word' id='word_1_320' title='bbox 1045 2199 1087 2225; x_wconf 81' lang='lat' dir='ltr'><strong><em>v.</em></strong></span> <span class='ocrx_word' id='word_1_321' title='bbox 1115 2185 1247 2224; x_wconf 82' lang='lat' dir='ltr'><strong><em>Indict.</em></strong></span> <span class='ocrx_word' id='word_1_322' title='bbox 1276 2197 1337 2224; x_wconf 77' lang='lat' dir='ltr'><strong><em>lx.</em></strong></span> 
     </span>
    </p>

    <p class='ocr_par' dir='ltr' id='par_1_15' title="bbox 73 2238 1604 2622">
     <span class='ocr_line' id='line_1_44' title="bbox 186 2238 1549 2296; baseline -0.007 -10"><span class='ocrx_word' id='word_1_323' title='bbox 186 2242 284 2293; x_wconf 85' lang='lat' dir='ltr'><strong><em>Pag-</em></strong></span> <span class='ocrx_word' id='word_1_324' title='bbox 315 2242 412 2285; x_wconf 83' lang='lat'><strong><em>635.</em></strong></span> <span class='ocrx_word' id='word_1_325' title='bbox 441 2245 483 2286; x_wconf 83' lang='grc'><strong><em>3.</em></strong></span> <span class='ocrx_word' id='word_1_326' title='bbox 541 2241 695 2285; x_wconf 83' lang='grc' dir='ltr'><strong><em>Μόνου</em></strong></span> <span class='ocrx_word' id='word_1_327' title='bbox 726 2240 800 2296; x_wconf 84' lang='grc' dir='ltr'><strong><em>ζ’.]</em></strong></span> <span class='ocrx_word' id='word_1_328' title='bbox 851 2243 998 2283; x_wconf 83' lang='lat' dir='ltr'><strong><em>Mentio</em></strong></span> <span class='ocrx_word' id='word_1_329' title='bbox 1029 2247 1090 2281; x_wconf 85' lang='lat' dir='ltr'><strong><em>est</em></strong></span> <span class='ocrx_word' id='word_1_330' title='bbox 1119 2241 1235 2280; x_wconf 85' lang='lat' dir='ltr'><strong><em>istius</em></strong></span> <span class='ocrx_word' id='word_1_331' title='bbox 1261 2238 1549 2279; x_wconf 89' lang='lat' dir='ltr'><strong><em>Postconsula-</em></strong></span> 
     </span>
     <span class='ocr_line' id='line_1_45' title="bbox 74 2296 1545 2352; baseline -0.003 -15"><span class='ocrx_word' id='word_1_332' title='bbox 74 2304 140 2337; x_wconf 86' lang='lat' dir='ltr'><strong><em>tus</em></strong></span> <span class='ocrx_word' id='word_1_333' title='bbox 169 2298 306 2337; x_wconf 90' lang='lat' dir='ltr'><strong><em>Basilii</em></strong></span> <span class='ocrx_word' id='word_1_334' title='bbox 328 2312 398 2338; x_wconf 87' lang='lat' dir='ltr'><strong><em>vu.</em></strong></span> <span class='ocrx_word' id='word_1_335' title='bbox 424 2299 475 2339; x_wconf 82' lang='lat' dir='ltr'><strong><em>ad</em></strong></span> <span class='ocrx_word' id='word_1_336' title='bbox 499 2300 652 2340; x_wconf 81' lang='lat' dir='ltr'><strong><em>calcem</em></strong></span> <span class='ocrx_word' id='word_1_337' title='bbox 677 2301 851 2352; x_wconf 87' lang='lat' dir='ltr'><strong><em>Regulae</em></strong></span> <span class='ocrx_word' id='word_1_338' title='bbox 881 2301 919 2339; x_wconf 93' lang='lat' dir='ltr'><strong><em>S.</em></strong></span> <span class='ocrx_word' id='word_1_339' title='bbox 946 2298 1146 2338; x_wconf 81' lang='lat' dir='ltr'><strong><em>Aureliani</em></strong></span> <span class='ocrx_word' id='word_1_340' title='bbox 1171 2297 1366 2350; x_wconf 88' lang='lat' dir='ltr'><strong><em>Episcopi</em></strong></span> <span class='ocrx_word' id='word_1_341' title='bbox 1395 2296 1545 2335; x_wconf 84' lang='lat' dir='ltr'><strong><em>Arelat.</em></strong></span> 
     </span>
     <span class='ocr_line' id='line_1_46' title="bbox 74 2351 1548 2408; baseline -0.003 -14"><span class='ocrx_word' id='word_1_342' title='bbox 74 2355 144 2394; x_wconf 88' lang='lat' dir='ltr'><strong><em>ubi</em></strong></span> <span class='ocrx_word' id='word_1_343' title='bbox 174 2370 248 2408; x_wconf 89' lang='lat' dir='ltr'><strong><em>pro</em></strong></span> <span class='ocrx_word' id='word_1_344' title='bbox 278 2369 383 2394; x_wconf 90' lang='lat' dir='ltr'><strong><em>anno</em></strong></span> <span class='ocrx_word' id='word_1_345' title='bbox 412 2370 451 2395; x_wconf 88' lang='lat' dir='ltr'><strong><em>v.</em></strong></span> <span class='ocrx_word' id='word_1_346' title='bbox 473 2356 687 2408; x_wconf 87' lang='lat' dir='ltr'><strong><em>legendum</em></strong></span> <span class='ocrx_word' id='word_1_347' title='bbox 710 2371 782 2396; x_wconf 84' lang='lat' dir='ltr'><strong><em>vn.</em></strong></span> <span class='ocrx_word' id='word_1_348' title='bbox 814 2371 866 2396; x_wconf 85' lang='lat' dir='ltr'><strong><em>ex</em></strong></span> <span class='ocrx_word' id='word_1_349' title='bbox 887 2355 1031 2397; x_wconf 89' lang='lat' dir='ltr'><strong><em>Indict.</em></strong></span> <span class='ocrx_word' id='word_1_350' title='bbox 1053 2370 1111 2396; x_wconf 73' lang='lat' dir='ltr'><strong><em>n.</em></strong></span> <span class='ocrx_word' id='word_1_351' title='bbox 1134 2361 1246 2394; x_wconf 85' lang='lat' dir='ltr'><strong><em>recte</em></strong></span> <span class='ocrx_word' id='word_1_352' title='bbox 1275 2359 1439 2393; x_wconf 86' lang='lat' dir='ltr'><strong><em>monent</em></strong></span> <span class='ocrx_word' id='word_1_353' title='bbox 1468 2351 1548 2390; x_wconf 80' lang='lat' dir='ltr'><strong><em>viri</em></strong></span> 
     </span>
     <span class='ocr_line' id='line_1_47' title="bbox 75 2408 1549 2453; baseline -0.005 -1"><span class='ocrx_word' id='word_1_354' title='bbox 75 2412 233 2452; x_wconf 87' lang='lat' dir='ltr'><strong><em>eruditi.</em></strong></span> <span class='ocrx_word' id='word_1_355' title='bbox 291 2413 353 2451; x_wconf 80' lang='lat' dir='ltr'><strong><em>Ad</em></strong></span> <span class='ocrx_word' id='word_1_356' title='bbox 382 2411 492 2451; x_wconf 88' lang='lat' dir='ltr'><strong><em>hunc</em></strong></span> <span class='ocrx_word' id='word_1_357' title='bbox 520 2414 636 2453; x_wconf 88' lang='lat' dir='ltr'><strong><em>etiam</em></strong></span> <span class='ocrx_word' id='word_1_358' title='bbox 666 2413 830 2453; x_wconf 86' lang='lat' dir='ltr'><strong><em>videtur</em></strong></span> <span class='ocrx_word' id='word_1_359' title='bbox 856 2412 1090 2453; x_wconf 86' lang='lat' dir='ltr'><strong><em>referendus</em></strong></span> <span class='ocrx_word' id='word_1_360' title='bbox 1114 2411 1248 2451; x_wconf 88' lang='lat' dir='ltr'><strong><em>obitus</em></strong></span> <span class='ocrx_word' id='word_1_361' title='bbox 1278 2408 1549 2450; x_wconf 86' lang='lat' dir='ltr'><strong><em>Valentiniani</em></strong></span> 
     </span>
     <span class='ocr_line' id='line_1_48' title="bbox 73 2465 1604 2526; baseline -0.004 -19"><span class='ocrx_word' id='word_1_362' title='bbox 73 2469 266 2523; x_wconf 88' lang='lat' dir='ltr'><strong><em>Episcopi</em></strong></span> <span class='ocrx_word' id='word_1_363' title='bbox 311 2468 510 2509; x_wconf 78' lang='lat' dir='ltr'><strong><em>curiensis</em></strong></span> <span class='ocrx_word' id='word_1_364' title='bbox 561 2470 669 2523; x_wconf 88' lang='lat' dir='ltr'><strong><em>apud</em></strong></span> <span class='ocrx_word' id='word_1_365' title='bbox 713 2471 951 2510; x_wconf 87' lang='lat' dir='ltr'><strong><em>Bucelinum</em></strong></span> <span class='ocrx_word' id='word_1_366' title='bbox 990 2470 1032 2509; x_wconf 89' lang='lat' dir='ltr'><strong><em>in</em></strong></span> <span class='ocrx_word' id='word_1_367' title='bbox 1078 2468 1347 2519; x_wconf 89' lang='lat' dir='ltr'><strong><em>Chronologia</em></strong></span> <span class='ocrx_word' id='word_1_368' title='bbox 1386 2465 1546 2504; x_wconf 86' lang='lat' dir='ltr'><strong><em>Raetiae</em></strong></span> <span class='ocrx_word' id='word_1_369' title='bbox 1590 2516 1604 2526; x_wconf 25' lang='grc' dir='ltr'><strong><em>ὠ</em></strong></span> 
     </span>
     <span class='ocr_line' id='line_1_49' title="bbox 75 2520 1544 2580; baseline -0.004 -16"><span class='ocrx_word' id='word_1_370' title='bbox 75 2539 162 2578; x_wconf 91' lang='lat' dir='ltr'><strong><em>pag.</em></strong></span> <span class='ocrx_word' id='word_1_371' title='bbox 195 2529 288 2569; x_wconf 87' lang='grc'><strong>116.</strong></span> <span class='ocrx_word' id='word_1_372' title='bbox 327 2527 398 2578; x_wconf 86' lang='lat' dir='ltr'><strong><em>qui</em></strong></span> <span class='ocrx_word' id='word_1_373' title='bbox 436 2527 642 2580; x_wconf 84' lang='lat' dir='ltr'><strong><em>depositus</em></strong></span> <span class='ocrx_word' id='word_1_374' title='bbox 682 2526 833 2567; x_wconf 87' lang='lat' dir='ltr'><strong><em>dicitur</em></strong></span> <span class='ocrx_word' id='word_1_375' title='bbox 991 2527 1050 2566; x_wconf 81' lang='lat' dir='ltr'><strong><em>Id.</em></strong></span> <span class='ocrx_word' id='word_1_376' title='bbox 1084 2526 1168 2565; x_wconf 87' lang='lat' dir='ltr'><strong><em>Jan.</em></strong></span> <span class='ocrx_word' id='word_1_377' title='bbox 1207 2525 1282 2566; x_wconf 90' lang='lat' dir='ltr'><strong><em>PC.</em></strong></span> <span class='ocrx_word' id='word_1_378' title='bbox 1319 2521 1455 2561; x_wconf 86' lang='lat' dir='ltr'><strong><em>Basilii</em></strong></span> <span class='ocrx_word' id='word_1_379' title='bbox 1496 2520 1544 2558; x_wconf 90' lang='lat' dir='ltr'><strong><em>V.</em></strong></span> 
     </span>
     <span class='ocr_line' id='line_1_50' title="bbox 77 2581 851 2622; baseline 0 -2"><span class='ocrx_word' id='word_1_380' title='bbox 77 2583 186 2622; x_wconf 88' lang='lat' dir='ltr'><strong><em>C....</em></strong></span> <span class='ocrx_word' id='word_1_381' title='bbox 216 2581 304 2622; x_wconf 89' lang='lat' dir='ltr'><strong><em>Ind.</em></strong></span> <span class='ocrx_word' id='word_1_382' title='bbox 330 2596 389 2622; x_wconf 77' lang='lat' dir='ltr'><strong><em>xx.</em></strong></span> <span class='ocrx_word' id='word_1_383' title='bbox 846 2615 851 2620; x_wconf 28' lang='grc' dir='ltr'><strong><em>Δ</em></strong></span> 
     </span>
    </p>

    <p class='ocr_par' dir='ltr' id='par_1_16' title="bbox 75 2631 1546 2908">
     <span class='ocr_line' id='line_1_51' title="bbox 189 2631 1546 2693; baseline -0.011 -10"><span class='ocrx_word' id='word_1_384' title='bbox 189 2638 286 2690; x_wconf 75' lang='lat' dir='ltr'><strong><em>Pag·</em></strong></span> <span class='ocrx_word' id='word_1_385' title='bbox 316 2638 409 2682; x_wconf 81' lang='grc'><strong>635.</strong></span> <span class='ocrx_word' id='word_1_386' title='bbox 438 2639 478 2682; x_wconf 88' lang='grc'><strong><em>4.</em></strong></span> <span class='ocrx_word' id='word_1_387' title='bbox 537 2636 690 2681; x_wconf 85' lang='grc' dir='ltr'><strong><em>Μόνου</em></strong></span> <span class='ocrx_word' id='word_1_388' title='bbox 727 2636 807 2693; x_wconf 82' lang='grc' dir='ltr'><strong><em>η’.]</em></strong></span> <span class='ocrx_word' id='word_1_389' title='bbox 851 2640 897 2679; x_wconf 89' lang='lat' dir='ltr'><strong><em>ln</em></strong></span> <span class='ocrx_word' id='word_1_390' title='bbox 935 2638 1134 2678; x_wconf 79' lang='lat' dir='ltr'><strong><em>classensi</em></strong></span> <span class='ocrx_word' id='word_1_391' title='bbox 1174 2635 1342 2675; x_wconf 87' lang='lat' dir='ltr'><strong><em>Basilica</em></strong></span> <span class='ocrx_word' id='word_1_392' title='bbox 1375 2632 1426 2671; x_wconf 88' lang='lat' dir='ltr'><strong><em>ad</em></strong></span> <span class='ocrx_word' id='word_1_393' title='bbox 1465 2631 1546 2669; x_wconf 86' lang='lat' dir='ltr'><strong><em>Ra-</em></strong></span> 
     </span>
     <span class='ocr_line' id='line_1_52' title="bbox 77 2689 1544 2750; baseline -0.005 -17"><span class='ocrx_word' id='word_1_394' title='bbox 77 2708 244 2734; x_wconf 87' lang='lat' dir='ltr'><strong><em>vennam</em></strong></span> <span class='ocrx_word' id='word_1_395' title='bbox 274 2701 384 2735; x_wconf 77' lang='lat' dir='ltr'><strong><em>extat</em></strong></span> <span class='ocrx_word' id='word_1_396' title='bbox 416 2703 532 2736; x_wconf 81' lang='lat' dir='ltr'><strong><em>vetus</em></strong></span> <span class='ocrx_word' id='word_1_397' title='bbox 558 2697 792 2750; x_wconf 85' lang='lat' dir='ltr'><strong><em>Inscriptio,</em></strong></span> <span class='ocrx_word' id='word_1_398' title='bbox 823 2710 923 2748; x_wconf 83' lang='lat' dir='ltr'><strong><em>quae</em></strong></span> <span class='ocrx_word' id='word_1_399' title='bbox 955 2696 1073 2736; x_wconf 87' lang='lat' dir='ltr'><strong><em>docet</em></strong></span> <span class='ocrx_word' id='word_1_400' title='bbox 1102 2696 1141 2733; x_wconf 94' lang='lat' dir='ltr'><strong><em>S.</em></strong></span> <span class='ocrx_word' id='word_1_401' title='bbox 1172 2689 1419 2745; x_wconf 86' lang='lat' dir='ltr'><strong><em>Apollinaris</em></strong></span> <span class='ocrx_word' id='word_1_402' title='bbox 1449 2701 1544 2726; x_wconf 87' lang='lat' dir='ltr'><strong><em>cor-</em></strong></span> 
     </span>
     <span class='ocr_line' id='line_1_53' title="bbox 75 2745 1544 2807; baseline -0.006 -16"><span class='ocrx_word' id='word_1_403' title='bbox 75 2765 155 2804; x_wconf 84' lang='lat' dir='ltr'><strong><em>pus</em></strong></span> <span class='ocrx_word' id='word_1_404' title='bbox 192 2765 267 2804; x_wconf 86' lang='lat' dir='ltr'><strong><em>per</em></strong></span> <span class='ocrx_word' id='word_1_405' title='bbox 302 2751 583 2794; x_wconf 84' lang='lat' dir='ltr'><strong><em>Maximianum</em></strong></span> <span class='ocrx_word' id='word_1_406' title='bbox 619 2753 978 2807; x_wconf 87' lang='lat' dir='ltr'><strong><em>Archiepiscopum</em></strong></span> <span class='ocrx_word' id='word_1_407' title='bbox 1007 2753 1050 2791; x_wconf 88' lang='lat' dir='ltr'><strong><em>in</em></strong></span> <span class='ocrx_word' id='word_1_408' title='bbox 1075 2751 1180 2790; x_wconf 89' lang='lat' dir='ltr'><strong><em>hanc</em></strong></span> <span class='ocrx_word' id='word_1_409' title='bbox 1209 2746 1345 2787; x_wconf 87' lang='lat' dir='ltr'><strong><em>aedem</em></strong></span> <span class='ocrx_word' id='word_1_410' title='bbox 1377 2745 1544 2784; x_wconf 87' lang='lat' dir='ltr'><strong><em>transla-</em></strong></span> 
     </span>
     <span class='ocr_line' id='line_1_54' title="bbox 77 2806 1544 2853; baseline -0.003 -7"><span class='ocrx_word' id='word_1_411' title='bbox 77 2814 162 2848; x_wconf 88' lang='lat' dir='ltr'><strong><em>tum</em></strong></span> <span class='ocrx_word' id='word_1_412' title='bbox 190 2822 261 2847; x_wconf 88' lang='lat' dir='ltr'><strong><em>vn.</em></strong></span> <span class='ocrx_word' id='word_1_413' title='bbox 291 2807 350 2847; x_wconf 84' lang='lat' dir='ltr'><strong><em>Id.</em></strong></span> <span class='ocrx_word' id='word_1_414' title='bbox 379 2808 508 2850; x_wconf 83' lang='lat' dir='ltr'><strong><em>Maias</em></strong></span> <span class='ocrx_word' id='word_1_415' title='bbox 536 2810 669 2850; x_wconf 69' lang='lat' dir='ltr'><strong><em>Indici.</em></strong></span> <span class='ocrx_word' id='word_1_416' title='bbox 700 2825 774 2850; x_wconf 63' lang='grc' dir='ltr'><strong><em>ιιι.</em></strong></span> <span class='ocrx_word' id='word_1_417' title='bbox 810 2812 930 2850; x_wconf 85' lang='lat' dir='ltr'><strong><em>Octies</em></strong></span> <span class='ocrx_word' id='word_1_418' title='bbox 963 2809 1007 2851; x_wconf 86' lang='lat' dir='ltr'><strong><em>P.</em></strong></span> <span class='ocrx_word' id='word_1_419' title='bbox 1040 2808 1079 2847; x_wconf 87' lang='lat' dir='ltr'><strong><em>C.</em></strong></span> <span class='ocrx_word' id='word_1_420' title='bbox 1104 2806 1269 2853; x_wconf 80' lang='lat' dir='ltr'><strong><em>Basilii,</em></strong></span> <span class='ocrx_word' id='word_1_421' title='bbox 1306 2809 1352 2842; x_wconf 90' lang='lat' dir='ltr'><strong><em>ut</em></strong></span> <span class='ocrx_word' id='word_1_422' title='bbox 1380 2808 1544 2841; x_wconf 84' lang='lat' dir='ltr'><strong><em>monent</em></strong></span> 
     </span>
     <span class='ocr_line' id='line_1_55' title="bbox 76 2858 1543 2908; baseline -0.005 -5"><span class='ocrx_word' id='word_1_423' title='bbox 76 2864 152 2903; x_wconf 84' lang='lat' dir='ltr'><strong><em>viri</em></strong></span> <span class='ocrx_word' id='word_1_424' title='bbox 193 2865 451 2904; x_wconf 82' lang='lat' dir='ltr'><strong><em>eruditissimi</em></strong></span> <span class='ocrx_word' id='word_1_425' title='bbox 487 2867 657 2907; x_wconf 74' lang='lat' dir='ltr'><strong><em>,loannes</em></strong></span> <span class='ocrx_word' id='word_1_426' title='bbox 695 2867 951 2908; x_wconf 79' lang='lat' dir='ltr'><strong><em>mabillonius</em></strong></span> <span class='ocrx_word' id='word_1_427' title='bbox 981 2872 1021 2906; x_wconf 84' lang='lat' dir='ltr'><strong><em>et</em></strong></span> <span class='ocrx_word' id='word_1_428' title='bbox 1048 2861 1218 2905; x_wconf 69' lang='lat' dir='ltr'><strong><em>Michael</em></strong></span> <span class='ocrx_word' id='word_1_429' title='bbox 1249 2860 1471 2900; x_wconf 85' lang='lat' dir='ltr'><strong><em>Germanus</em></strong></span> <span class='ocrx_word' id='word_1_430' title='bbox 1501 2858 1543 2897; x_wconf 89' lang='lat' dir='ltr'><strong><em>in</em></strong></span> 
     </span>
    </p>
   </div>
   <div class='ocr_carea' id='block_1_11' title="bbox 134 2930 1270 2977">
    <p class='ocr_par' dir='ltr' id='par_1_17' title="bbox 134 2930 1270 2977">
     <span class='ocr_line' id='line_1_56' title="bbox 134 2930 1270 2977; baseline -0.001 -6"><span class='ocrx_word' id='word_1_431' title='bbox 134 2937 327 2971; x_wconf 71' lang='lat' dir='ltr'><strong><em>Chronicon</em></strong></span> <span class='ocrx_word' id='word_1_432' title='bbox 359 2937 528 2973; x_wconf 77' lang='lat' dir='ltr'><strong><em>Paschale</em></strong></span> <span class='ocrx_word' id='word_1_433' title='bbox 554 2939 624 2973; x_wconf 84' lang='lat' dir='ltr'><strong><em>vol.</em></strong></span> <span class='ocrx_word' id='word_1_434' title='bbox 657 2940 708 2977; x_wconf 89' lang='grc' dir='ltr'><strong><em>ΙΙ.</em></strong></span> <span class='ocrx_word' id='word_1_435' title='bbox 1214 2930 1270 2971; x_wconf 81' lang='lat'><strong><em>30</em></strong></span> 
     </span>
    </p>
   </div>
  </div>
 </body>
</html>
