1884 3262
482 189 541 231 IN
575 186 905 232 CHRONICON
937 185 1226 229 PASCHALE.
1501 177 1602 228 349

128 314 206 340 ras.
262 300 362 338 Nam
395 305 552 338 constat
582 313 603 337 a
632 298 822 351 Philippo
854 298 1062 338 Praefecto
1091 297 1318 346 Praetorio,
1354 293 1531 334 accensis
1560 292 1604 332 in

127 355 364 397 seditionem
394 356 607 406 militibus,
636 356 894 395 interfectum
924 369 979 396 v1.
1007 354 1194 407 Imperii,
1224 366 1312 392 xlx.
1328 351 1465 392 aetatis
1482 363 1603 391 anno.

129 411 329 487 Ioiivcooan
355 414 474 453 etiam
513 419 637 452 vocat
664 406 812 451 Joeles·
854 410 974 452 Μετα
1002 411 1045 452 δὲ
1082 408 1343 452 Πουπλιανον
1373 409 1604 478 ἐβασίλευσε

129 468 329 523 Ιούνωρ”
305 487 371 569 εδῖη
393 467 442 524 η’.
474 468 593 511 Mem
625 467 670 510 δὲ
691 466 876 523 Ιούνωρα
905 469 1135 522 ἐβασίλευσε
1165 471 1204 508 Γ
1199 464 1385 529 ορδιανος
1409 463 1501 514 υἱός
1532 481 1602 506 αυ-

125 530 202 570 τοῦ
225 528 290 579 ἔτη

241 584 338 635 Pag
366 585 464 628 502.
496 584 534 626 5-
596 584 798 632 Φίλιππος
825 581 847 625 ὅ
877 581 1074 635 Ιουνίωρ]
1136 582 1320 635 Plerique
1362 580 1600 632 Scriptores,

124 642 259 694 inquit
290 641 571 692 Casaubonus,
605 654 814 694 perperam
845 639 1077 678 existimant
1102 639 1291 693 Philippo
1309 638 1486 677 Junioris
1512 636 1600 689 epi—

126 698 265 738 theton
306 699 579 751 adscriptum,
618 698 668 736 ad
713 698 838 750 patiis
877 697 1115 746 discrimen,
1168 711 1257 735 cum
1296 696 1336 734 id
1378 707 1600 746 cognomen

126 755 305 822 Philippi
330 756 457 809 patris
487 755 631 804 fuisse,
669 755 732 793 vel
765 769 815 793 ex
843 753 923 792 hoc
962 755 1052 792 loco
1084 754 1179 792 satis
1212 754 1451 805 colligatur,
1483 758 1522 790 et
1551 764 1602 789 ex

125 813 174 852 iis
205 826 306 864 quae
336 812 480 851 deinde
510 818 730 851 narrantur
761 811 804 849 in
841 811 1042 850 Chronico
1078 825 1142 852 an.
1173 825 1228 850 ιν.
1262 816 1303 849 et
1330 823 1385 851 VI.
1420 808 1602 862 ejusdem

125 870 319 921 Augusti,
360 883 464 908 anno
496 883 522 907 1.
557 869 689 916 Decii,
738 874 778 907 et
817 882 922 906 anno
960 882 1059 910 xxv.
1095 868 1321 907 justiniani.
1378 866 1529 905 Verum
1558 870 1606 902 ut

126 927 258 967 dicam
289 926 398 978 quod
429 926 578 976 sentio,
610 932 656 964 ut
690 939 763 964 nec
792 926 954 977 utrique
985 924 1211 974 Gordiano,
1242 925 1298 963 ita
1319 938 1394 963 nec
1416 922 1604 975 Philippo

123 984 258 1037 patri,
295 997 369 1022 nec
397 983 480 1022 filio
509 983 686 1022 Junioris
717 996 936 1048 cognomen
973 996 1152 1034 unquam
1182 982 1271 1021 suit.
1330 980 1453 1030 Quod
1483 980 1518 1018 si
1546 980 1603 1017 ita

126 1047 253 1091 esset,
285 1040 534 1093 descriptum
564 1041 765 1091 legeretur
793 1042 836 1078 in
869 1039 1072 1078 veteribus
1102 1038 1464 1092 inscriptionibus,
1494 1043 1533 1075 et
1561 1035 1604 1074 in

125 1098 212 1150 ejus
246 1098 437 1146 nummis,
480 1098 519 1136 in
558 1097 704 1150 quibus
737 1097 788 1135 M.
819 1097 920 1138 JUL
960 1097 1222 1136 PHILIPPUS
1254 1096 1372 1135 AUG.
1405 1096 1606 1134 duntaxat

124 1155 372 1194 inscribitur.
409 1155 606 1193 Baronius
635 1154 942 1207 Inscriptionem
972 1154 1112 1203 refert,
1145 1167 1267 1207 quam
1290 1153 1474 1192 Veronae
1502 1152 1605 1204 jux-

123 1218 166 1251 ta
198 1219 358 1265 portam
380 1213 642 1251 Bursaraeam
672 1225 755 1250 esse
786 1210 996 1260 observat,
1027 1210 1138 1250 hisce
1159 1210 1314 1250 verbis:
1344 1211 1447 1249 Anno
1470 1210 1610 1248 Christi

126 1283 262 1308 ccmn.
291 1269 383 1320 Imp.
406 1269 522 1308 Divus
543 1269 732 1323 Philippus
762 1267 893 1306 Senior
920 1269 1090 1317 Veronae,
1120 1273 1154 1307 et
1175 1269 1314 1306 Romae
1332 1269 1459 1307 Janior
1489 1281 1513 1305 a
1540 1279 1603 1303 sa-

125 1327 297 1365 tellitz'bus
336 1328 610 1378 interficiuntur.
670 1324 748 1363 Sed
784 1338 901 1363 nemo
944 1338 1026 1362 non
1068 1325 1176 1364 videt
1201 1321 1314 1363 'hauc
1351 1337 1436 1363 esse
1472 1323 1603 1362 multo

124 1383 361 1423 recentioris
399 1383 499 1422 aevi.
569 1383 730 1421 Junioris
775 1380 900 1432 igitur
944 1381 1131 1447 Philippo
1177 1382 1284 1434 patri
1323 1393 1544 1430 cognomen
1579 1393 1602 1417 a

125 1440 337 1480 Graeculis
366 1439 652 1492 scriptoribus,
681 1438 750 1491 qui
784 1438 947 1478 Latinae
976 1439 1090 1478 vocis
1126 1438 1209 1478 vim
1239 1438 1499 1491 ignorabant,
1531 1436 1602 1475 ad-

124 1499 322 1551 scriptum
366 1498 470 1536 forte
509 1502 580 1535 aut
627 1510 676 1534 ex
712 1496 807 1534 Iulii
845 1496 1104 1548 praenomine
1144 1497 1246 1535 male
1274 1495 1502 1544 intellecto,
1533 1500 1604 1534 aut

125 1555 236 1607 quod
265 1568 356 1593 cum
386 1554 571 1606 Scriptor
599 1552 791 1592 Chronici
829 1553 872 1591 in
902 1553 1056 1605 aliquot
1084 1553 1374 1606 Imperatorum
1406 1551 1604 1601 Catalogis

61 1660 65 1663 Δ
126 1612 326 1665 Ιουνίωρα
355 1619 445 1650 ante
475 1610 707 1663 Philippum
736 1610 844 1648 nude
864 1611 1040 1662 positum
1060 1610 1241 1662 legisset,
1272 1610 1395 1662 idque
1417 1609 1603 1659 nominis,

125 1669 323 1708 Gordiani
366 1667 624 1720 Imperatoris
672 1667 919 1719 adscriptum
973 1665 1182 1719 epitheton
1224 1681 1303 1706 non
1351 1667 1603 1712 advertisset,

121 1726 227 1765 illud
256 1725 431 1778 Philippi
462 1739 547 1764 esse
579 1724 890 1772 existimaverit,
934 1738 1026 1762 cum
1056 1731 1263 1777 praeterea
1295 1724 1509 1763 Gratianus
1539 1736 1602 1761 111.

124 1789 164 1823 et
199 1784 329 1821 Iunior
366 1783 409 1820 in
450 1782 592 1821 iisdem
635 1781 834 1833 Catalogis
871 1781 1078 1820 interdum
1129 1782 1458 1833 distinguantur,
1506 1780 1605 1818 licet

122 1853 228 1879 unus
258 1839 445 1891 idemque
475 1840 539 1878 sit.
600 1839 772 1878 Proinde
814 1839 925 1890 quod
968 1838 1017 1877 de
1057 1839 1191 1878 Schola
1229 1841 1414 1878 chiorum
1451 1852 1471 1876 a
1510 1836 1606 1876 Phi-

122 1897 236 1950 lippo
265 1897 449 1935 instituta
479 1895 638 1942 subdit,
671 1896 799 1935 eidem
829 1894 1034 1934 Gordiano
1055 1896 1268 1948 competit,
1300 1901 1345 1935 ut
1364 1895 1434 1948 qui
1453 1901 1604 1934 utram-

124 1967 203 2007 que
235 1953 421 1992 Seniorum
450 1953 606 1992 scilicet
634 1959 672 1991 et
700 1954 909 2002 Jum’mum,
949 1952 1244 1993 Gordianorum
1275 1967 1440 2005 nempe,
1480 1951 1602 1991 insti-

122 2010 270 2053 tuerit:
301 2025 350 2050 ex
385 2010 530 2063 quibus
561 2011 666 2049 forte
695 2009 812 2060 Legio
835 2023 896 2051 111.
931 2008 977 2047 F.
1008 2010 1217 2060 Gordiano,
1248 2011 1364 2063 cujus
1394 2023 1489 2048 mox
1517 2022 1603 2048 me-

123 2067 332 2118 minimus,
359 2068 473 2121 prior
502 2068 647 2118 suerit,
678 2081 780 2119 quae
811 2072 897 2104 tum
927 2066 1088 2105 demum
1120 2067 1384 2107 Gordianorum
1416 2067 1602 2105 ,seniorum

124 2125 233 2164 dicta
262 2125 408 2175 fuerit,
454 2125 579 2164 altera
611 2123 869 2178 postmodum
898 2122 1106 2174 instituta,
1148 2138 1194 2162 ac
1223 2130 1310 2163 tum
1342 2124 1502 2163 demum
1528 2123 1603 2161 Ju-

122 2182 288 2222 niorumv
313 2181 539 2235 appellata,
568 2183 628 2220 uti
657 2182 796 2234 paullo
827 2186 919 2219 ante
949 2180 1139 2220 diximus.

239 2239 335 2278 stand
397 2240 585 2295 Φιλίππῳ
612 2241 670 2294 τῷ
698 2237 807 2294 υἱῷ]
867 2236 962 2276 Caio
999 2237 1106 2276 Julio
1139 2235 1331 2290 Philippo
1370 2236 1600 2278 Saturnino.

122 2295 299 2336 Victoris
331 2295 435 2348 Epit.

236 2353 332 2392 Ibid.
391 2355 478 2405 Ετη
508 2367 532 2398 ς
528 2347 571 2403 ’.]
623 2351 682 2390 De
711 2350 824 2389 annis
856 2349 1073 2401 utriusque
1099 2347 1280 2402 Philippi
1305 2349 1386 2401 agit
1414 2349 1602 2389 Petavius

124 2409 176 2448 ad
204 2409 476 2463 Epiphanium
516 2421 605 2461 pag.
636 2407 732 2451 402.
774 2413 821 2446 ut
859 2413 898 2445 et
934 2407 1044 2445 Joan.
1094 2406 1332 2446 Pearsonius
1376 2406 1602 2460 Episcopus

125 2467 344 2508 Cestrensis
372 2467 414 2506 in
446 2464 667 2504 Annalibus
700 2463 948 2517 Cyprianicis
980 2477 1082 2502 anno
1114 2476 1274 2503 ccxmx.

165 2523 173 2526 ”
237 2524 457 2575 Pag.502.
493 2526 557 2567 13.
615 2521 790 2573 Δεκίου]
825 2520 1062 2560 Addendum
1092 2517 1203 2572 τόβ’.
1222 2534 1272 2558 ex
1289 2519 1430 2560 Fastis

237 2581 333 2621 Ibid.
393 2579 476 2621 Καὶ
506 2575 756 2635 Γρατιανοῦ]
790 2579 944 2617 Gratum
971 2583 1119 2616 vocant
1149 2577 1258 2615 Fasti
1288 2591 1438 2617 omnes.
1496 2575 1599 2616 Vide

125 2635 263 2676 Joann.
293 2637 534 2676 Bollandum
563 2637 607 2675 in
636 2636 860 2685 Prolegom.
894 2635 946 2673 ad
975 2635 1099 2673 vitam
1129 2635 1167 2675 S.
1198 2628 1329 2672 Pi6nii
1357 2649 1395 2676 ιι.
1426 2647 1527 2673 xvn.
1559 2631 1600 2673 el

125 2693 234 2732 Joan.
264 2695 526 2733 Pearsonium
561 2694 603 2733 in
632 2693 852 2732 Annalibus
890 2691 1153 2744 Cyprianicis.
1214 2690 1426 2730 omittitur
1455 2690 1600 2731 deinde

127 2749 369 2790 Consulatus
399 2751 504 2790 Decii
535 2765 596 2790 ιιι.
628 2755 662 2790 et
688 2751 794 2790 Decii
825 2749 992 2789 Caesaris
1010 2780 1022 2798 ,
1068 2749 1135 2800 qui
1166 2747 1273 2800 apud
1304 2748 1524 2788 Pollionem
1554 2748 1596 2787 in

126 2806 337 2848 Valeriano
366 2808 422 2847 ita
451 2808 728 2861 consignatur,
759 2808 908 2847 Duobus
933 2806 1055 2846 Deciis
1083 2806 1179 2845 Coss.
1203 2805 1273 2857 qui
1303 2805 1464 2856 quidem
1495 2807 1596 2846 Con-
1636 2815 1641 2819 ’
