1820 3276
275 202 375 249 412
843 205 1166 248 NOTAE

272 315 529 363 communibus,
569 315 667 352 adsit
692 315 811 353 Iudex
842 317 916 353 sine
943 315 1166 354 adorationis
1191 316 1373 354 ambitioso
1401 315 1580 367 fastidio,
1609 321 1650 355 ut
1681 331 1737 356 or-

270 375 471 410 namentum
511 371 585 410 diei
616 375 649 409 et
677 371 752 410 loeo
789 375 822 410 et
852 376 992 411 nostrae
1026 373 1263 411 recordationi
1300 375 1361 410 sui
1379 375 1513 424 probet
1552 377 1738 413 accessisse
1804 422 1807 424 q

265 429 515 481 praesentiam.
1804 426 1809 434 ’

119 490 151 524 V
174 491 242 527 505
382 483 482 534 Pag
514 482 608 526 579
643 487 707 527 19.
768 484 877 536 Νίκη
906 500 1005 525 κατα
1033 483 1230 538 Περσων]
1269 484 1523 523 Marcellinus
1553 485 1706 525 Comes.

382 538 478 590 Pag.
509 542 602 582 580.
633 543 672 583 6.
732 540 883 582 Πολλοὶ
910 540 1081 595 σεισμοὶ]
1113 541 1330 580 Marcellin.
1361 545 1476 580 terrae
1500 546 1616 582 motus
1642 543 1735 581 mul-

266 598 314 635 tis
338 599 378 636 in
406 598 493 635 locis
510 597 605 648 fuit.

382 652 481 703 Pag
512 652 607 695 580.
643 655 707 696 13.
767 649 976 722 Επήρθη]
1006 655 1157 694 Socrat.
1189 653 1258 693 lib.
1291 666 1362 691 vu.
1393 667 1480 704 cap.
1509 667 1609 694 xxv.
1641 653 1734 707 ἔμη-

270 705 385 762 νύθη
406 709 497 764 περὶ
518 725 595 760 την
612 710 749 763 τρίτην
768 709 835 751 καὶ
855 706 1017 759 εἰκάδα,
1051 710 1400 774 Constantinopoli
1435 710 1612 760 scilicet,
1643 725 1734 750 cum

264 765 470 816 Augustus
501 767 713 805 Ravennae
743 773 857 806 antea
887 767 1042 806 fuisset
1056 766 1321 806 renuntiatus.
1381 766 1481 805 Vide
1510 767 1633 806 Notas
1657 768 1735 806 Va·

263 822 352 860 lesii
383 823 435 862 ad
470 821 579 861 hunc
616 824 751 862 locum
782 824 984 874 Socratis,
1038 830 1077 862 et
1116 822 1428 862 Gotthofredum
1463 823 1507 861 in
1545 823 1734 867 Chronol.

267 878 362 918 cod.
393 878 543 920 Theod.
572 879 652 918 hoc
681 894 799 922 ann0.
1807 926 1812 933 ,

382 935 480 987 Pag-
509 938 604 980 580.
638 940 701 979 16.
732 958 739 959 ff
763 936 982 978 Θεοδοσίου
1012 932 1116 990 Αὕγ.
1140 934 1186 977 τό
1217 933 1300 989 iffi]
1332 936 1387 974 De
1416 934 1494 974 hoc
1515 937 1735 976 Consulatu

269 991 350 1042 egit
378 993 613 1032 Sirmondus
644 994 695 1032 ad
725 993 931 1032 Sidonium
962 993 1004 1030 in
1037 993 1278 1045 Panegyrico
1309 992 1446 1041 Aviti„
1471 993 1599 1032 initio.

122 1057 152 1092 P
175 1057 244 1095 574
365 1049 918 1104 -Pag.580.18.1291'0v]
951 1050 1006 1087 De
1035 1063 1114 1100 quo
1133 1051 1240 1088 idem
1261 1049 1553 1088 Gotthosredus
1570 1050 1613 1088 in
1634 1051 1735 1089 Pro-

268 1105 535 1158 sopographia
579 1106 675 1147 Cod.
706 1107 856 1145 Theod.
918 1107 970 1144 De
1013 1106 1196 1144 Thermis
1235 1105 1523 1145 Theodosianis
1561 1107 1734 1146 diximus

267 1162 307 1200 in
340 1163 684 1215 Constantinopoli
715 1164 860 1202 Christ.
890 1163 959 1202 lib.
989 1176 1015 1201 1.
1046 1169 1141 1201 sect.
1170 1176 1303 1201 xxvn.
1334 1177 1373 1202 n.
1403 1176 1443 1202 v.
1814 1164 1815 1169 ’

384 1220 605 1270 Pag.580.
638 1223 701 1263 19.
765 1218 816 1261 Τὸ
840 1215 1060 1272 δημόσιον]
1085 1219 1427 1271 Constantinopol.
1448 1217 1591 1259 Christ.
1613 1219 1682 1258 lib.
1705 1233 1734 1260 1.

268 1281 364 1315 sect.
392 1289 523 1314 xxvn
553 1290 589 1313 n.
620 1289 658 1313 v.

382 1331 481 1382 Pag.
507 1333 603 1374 581.
637 1335 677 1374 7.
737 1331 1013 1384 Φλωρεντίου]
1061 1331 1279 1379 Quaedam
1303 1331 1421 1383 Leges
1452 1331 1548 1371 cod.
1578 1331 1732 1371 Theod.

265 1388 416 1428 habent
444 1388 524 1427 hoc
554 1402 657 1426 anno
689 1388 734 1427 P.
760 1389 799 1427 C.
815 1389 948 1427 Felicis
972 1392 1008 1426 'et
1033 1389 1156 1427 Tauri.
1812 1401 1820 1442 :i

380 1449 473 1496 Pag.
504 1446 597 1488 581.
631 1448 707 1489 10..
756 1444 837 1485 Καὶ
871 1441 1058 1496 Βάσσου]
1091 1444 1578 1496 SubscriptioConstitut.
1599 1444 1732 1484 Theo-
1812 1451 1820 1497 ζ

264 1502 368 1541 dosii
399 1509 438 1541 et
473 1501 739 1540 Valentiniani
779 1502 829 1540 de
873 1501 923 1539 iis
966 1501 1034 1553 qui
1073 1502 1122 1540 ad
1162 1502 1358 1540 Ecclesias
1397 1501 1650 1552 confugiunt,
1687 1503 1732 1541 in

263 1559 383 1598 tertia
412 1558 610 1611 Synodozs
628 1558 820 1610 Proposita
841 1558 1043 1597 Indictione
1061 1572 1165 1597 xnn.
1188 1559 1381 1597 Pharmuti
1405 1561 1532 1597 mensis
1549 1572 1624 1597 xu.
1643 1559 1732 1599 Dat.

263 1616 349 1654 Kal.
373 1617 487 1667 April.
511 1615 590 1654 CP.
615 1615 786 1654 Antiocho
814 1615 852 1654 V.
879 1616 917 1654 C.
938 1619 971 1653 et
1000 1617 1064 1667 qui
1079 1616 1201 1667 suerit
1228 1618 1426 1654 nuntiatus.

379 1675 469 1723 Pag.
501 1673 598 1716 581.
632 1675 696 1714 11.
756 1675 820 1712 Ev
841 1671 916 1712 ἔτει
937 1668 1014 1723 vol,
1036 1671 1126 1723 etc]
1157 1673 1205 1710 In
1235 1685 1316 1723 quo
1347 1670 1508 1723 quidem
1537 1685 1730 1711 annorum

260 1728 440 1779 calculo,
482 1735 527 1767 ut
557 1735 595 1767 et
622 1728 726 1767 infra
764 1743 866 1766 anno
897 1741 1018 1767 anu.
1055 1727 1210 1767 Christo
1239 1742 1337 1767 xxx.
1376 1727 1574 1766 duntaxat
1610 1743 1733 1768 annos

257 1785 377 1837 juxta
407 1792 588 1824 veterum
619 1786 774 1836 aliquot
815 1786 1003 1834 Pastum,
1052 1792 1171 1837 atque
1213 1786 1312 1824 adeo
1352 1784 1526 1823 Africani
1564 1792 1732 1824 senten-
1814 1814 1820 1831 4

259 1842 385 1891 tiam,
424 1848 468 1880 ut
498 1848 637 1880 auctor
668 1848 728 1880 est
767 1841 1057 1893 Hieronymus,
1089 1843 1308 1894 adsignati
1342 1854 1420 1893 quo
1458 1840 1503 1880 fit
1542 1848 1588 1880 ut
1627 1855 1731 1894 quae

260 1899 481 1936 secundum
529 1899 643 1936 illurn
683 1898 885 1951 calculum
919 1898 986 1937 hic
1027 1898 1197 1938 subinde
1235 1899 1498 1947 inseruntur,
1553 1899 1730 1951 ejusdem

259 1954 437 1993 Africani
467 1969 549 1994 esse
588 1955 812 1993 existimare
849 1955 987 2004 liceat,
1042 1957 1104 1993 uti
1141 1954 1367 1994 monuimus
1403 1954 1445 1991 in
1486 1954 1653 1993 Praefat.
1684 1955 1730 1994 N.

259 2025 377 2050 xxm.
422 2011 523 2050 Vide
555 2011 862 2049 Grandamicum
893 2018 1007 2063 parte
1037 2025 1100 2051 111.
1135 2012 1374 2061 Chronolog.
1409 2010 1556 2051 Christ.
1575 2025 1614 2064 p.
1637 2011 1728 2054 124.

372 2067 469 2119 Pag.
499 2068 592 2111 582.
638 2067 675 2109 5.
731 2065 806 2108 ‘Tol
849 2064 971 2122 ὅρια]
1022 2068 1365 2120 Constantinopol.
1411 2067 1562 2116 Christ,v
1583 2067 1651 2107 lib.
1685 2082 1727 2107 11.

260 2131 356 2164 sect.
390 2138 432 2162 x.

372 2181 468 2219 Ιὶηᾶ.
502 2178 715 2233 Αχιλευς]
751 2179 850 2221 lbid.
881 2167 951 2218 lib.
974 2194 1002 2220 1.
1035 2186 1132 2221 sect.
1152 2194 1301 2219 xxvnt.
1339 2194 1377 2218 n.
1399 2194 1426 2218 1.

371 2235 467 2287 Pag.
498 2236 594 2279 582.
623 2242 662 2280 7.
721 2237 999 2304 Αρεοβίνδου]
1033 2238 1212 2278 Holsten
1237 2236 1477 2290 Αρεοβίνδα.
1802 2287 1803 2290 ¹

372 2292 470 2342 Pag
501 2294 696 2336 58212.
754 2289 1050 2360 Σιγισβαλδου]
1102 2294 1263 2333 Rectius
1294 2293 1414 2332 editio
1445 2292 1654 2345 Scaligeri‚
1687 2299 1728 2332 et

258 2348 364 2386 Fasti
395 2350 604 2399 Vossiani,
646 2347 962 2404 Σιγισβούλδου,
998 2351 1067 2403 qui
1104 2351 1233 2390 Idatio
1274 2356 1312 2389 et
1352 2349 1557 2398 victorio,
1607 2356 1646 2389 et
1685 2349 1727 2389 in

257 2405 420 2457 Synodo
450 2382 626 2444 Romaria
657 2421 718 2446 111.
758 2421 846 2458 cap.
870 2421 955 2445 xvx.
981 2414 1020 2446 et
1048 2421 1148 2446 xvn.
1182 2407 1431 2458 Segisvultus:
1461 2407 1655 2458 Prospero
1687 2413 1727 2446 et

256 2462 464 2512 Senatori‚
505 2463 755 2512 Sigisvultus:
805 2464 1037 2503 Marcellino
1079 2464 1248 2516 denique
1293 2462 1529 2513 Sagisvuldus
1565 2462 1743 2503 dicitur..
1803 2492 1809 2505 .

180 2533 182 2535 ·
256 2517 330 2557 Hic
359 2532 480 2570 porro
508 2519 745 2559 Consulatus
773 2519 830 2558 sic
859 2527 1025 2562 notatur
1053 2521 1093 2559 in
1125 2519 1404 2586 Cod.T11eod.
1441 2519 1483 2556 P.
1522 2519 1728 2560 cledon·
1805 2544 1808 2568 t

256 2579 290 2613 et
321 2575 518 2614 Senatoris.

372 2631 590 2682 stig-582·
632 2634 683 2674 13
763 2631 850 2672 Επὶ
872 2629 1054 2682 τουτων]
1106 2631 1323 2670 Marcellin.
1364 2632 1461 2670 Prso
1444 2644 1549 2684 sper.
1606 2631 1652 2669 Id
1682 2632 1723 2670 in

255 2701 404 2726 annum
438 2702 630 2727 cnxxxvi.
665 2687 795 2740 rejicit
829 2690 1013 2728 Socrates
1054 2689 1126 2728 lib.
1151 2702 1205 2728 vl.
1239 2702 1325 2740 cap.
1348 2702 1456 2727 κων.
1498 2686 1651 2726 Isidoro
1673 2695 1723 2728 .et

256 2745 447 2784 senatore
476 2746 584 2784 Coss.

371 2805 463 2852 Pag.
496 2802 589 2846 582-
623 2802 686 2857 15.
745 2800 987 2843 Επετὲλεσεν
1011 2797 1107 2849 τούς
1131 2796 1258 2842 αὐτοῦ
1287 2797 1465 2854 γάμους]
1506 2800 1633 2839 Simili
1659 2801 1721 2839 lo-
