1820 3276
488 196 549 240 IN
575 197 905 244 CHRONICON
932 200 1222 252 PASCHALE.
1498 203 1602 252 385

248 306 342 356 Pag.
370 303 468 351 546.
501 309 566 350 12.
630 312 714 350 Τοῦ
736 306 856 364 ἁγίου
887 307 1098 367 Ιωᾶννου]
1144 310 1382 365 Philostorg.
1411 311 1501 354 eod.
1531 314 1600 354 lib.

130 374 218 414 cap.
246 375 300 400 1v.
340 361 409 402 ubi
448 364 702 407 Gotthofred.

247 421 341 470 Pag-
370 420 467 463 548.
500 421 566 464 14.
624 422 902 476 Πατροφίλου]
929 423 1090 474 Ariani,
1111 431 1155 464 ut
1176 431 1236 464 est
1253 426 1361 479 apud
1381 426 1598 480 Nicephor.
1620 436 1651 471 P
1673 435 1743 473 564

128 474 199 514 lib.
226 488 267 517 x,
305 490 394 528 cap.
424 491 515 517 xm.
574 478 689 527 Illius
727 480 848 519 semel
895 494 944 519 ac
979 481 1128 521 iterum
1164 483 1344 523 meminit
1382 483 1600 524 Philostor-

35 557 41 561 -
127 531 237 582 gius,
283 531 512 574 Theodorit.
550 535 621 575 lib.
659 550 687 575 1.
726 550 815 589 cap.
844 550 920 576 vn.
972 537 1220 592 Epiphanius
1259 539 1376 583 Haer.
1415 553 1516 581 xxx.
1559 547 1599 582 et
1657 544 1663 546 “

126 588 285 628 Nicetes
312 589 357 627 in
385 589 590 631 Thesauro
620 591 736 632 Orth.
760 593 844 632 Fid.
873 593 940 634 lib.
973 608 1013 635 v.
1044 609 1132 649 cap.
1160 609 1234 635 vn.
1262 640 1266 644 ᾗ

243 648 336 697 Pag.
369 647 466 690 546.
508 651 573 692 18.
629 652 695 690 Εν
728 647 774 691 δὲ
818 646 964 707 Γάζῃ]
1023 652 1086 691 Ex
1125 651 1377 692 Theodorito
1422 652 1496 695 lib.
1532 667 1597 695 111.

125 715 172 741 ca
203 731 213 741 .
241 715 317 741 vn.
460 729 466 733 -
1114 739 1128 747 ,

174 714 201 754 Ρ
241 761 335 810 Pag-
365 759 461 804 546.
489 763 558 804 21.
604 757 825 816 Κύριλλον]
846 762 955 803 Idem
975 763 1209 805 Theodorit.
1227 764 1442 820 Nicephor.
1464 765 1533 806 lib.
1553 779 1596 809 x.

126 827 213 869 cap.
243 829 299 854 xx.
329 815 561 870 Theophan.
591 832 653 859 au.
683 833 712 859 1.

239 874 334 922 Pag.
360 872 454 916 547.
486 877 526 918 6.
585 878 649 916 Εν
674 873 719 917 δὲ
743 873 912 931 Εμέσῃ]
941 876 1053 916 Idem
1069 875 1299 918 Theodorit.
1322 885 1362 918 et
1377 878 1595 930 Nicephor.

238 927 333 968 nid.
394 933 478 971 Τοῦ
497 928 730 984 Διονύσου]
763 934 884 983 Cogn.
916 929 1122 987 γύννιδος,
1154 940 1201 973 ut
1229 941 1287 973 est
1316 935 1426 987 apud
1459 935 1597 975 Theo-

122 984 246 1024 dorit.
277 999 349 1024 seu
385 983 639 1042 ἆνδρογύνου
678 990 787 1041 apud
826 989 1040 1044 Nicephor.
1078 990 1149 1030 lib.
1176 1004 1219 1030 x.
1260 1005 1351 1046 cap.
1378 1005 1438 1032 11.
1496 992 1597 1033 Vide

122 1039 245 1082 Henr.
273 1042 475 1083 valesium
505 1045 557 1083 ad
585 1044 821 1085 Theodorit.

239 1101 334 1150 Pag.
359 1100 454 1142 547.
491 1104 558 1143 10.
617 1098 875 1154 Εὕστάθιος]
916 1102 1096 1142 Meminit
1125 1101 1379 1156 Nicephorus
1406 1105 1477 1148 lib.
1507 1119 1596 1147 x1v.

121 1168 212 1209 cap.
239 1169 340 1196 mvn.
371 1157 538 1196 alterius
567 1158 765 1198 Eustathii
791 1158 1099 1212 Epiphaniensis
1128 1160 1241 1212 Syri,
1272 1164 1344 1213 qui
1365 1161 1595 1202 Chronicon

120 1212 170 1252 ab
198 1214 330 1252 Aenea
361 1227 488 1266 usque
517 1215 570 1254 ad
596 1215 849 1255 Anastasium
877 1217 979 1269 Imp.
1008 1217 1259 1269 conscripsit.

238 1272 332 1321 Pag·
362 1270 457 1313 547.
489 1274 555 1314 16.
613 1275 679 1313 Εν
705 1268 1130 1314 Κωνσταντινουπόλει
1153 1271 1323 1326 ἐπιβᾶς]
1364 1275 1593 1314 Constanti-

120 1326 300 1379 nopolim
342 1332 430 1365 tum
466 1328 641 1380 primum
677 1328 862 1368 introivit
898 1329 1081 1368 Julianus
1118 1343 1180 1368 111.
1211 1329 1267 1368 id.
1306 1331 1489 1372 Decemb.
1528 1346 1594 1371 au.

120 1396 278 1422 ocean.
310 1389 356 1422 ut
389 1389 450 1423 est
477 1384 586 1437 apud
614 1385 800 1425 Idatium.
859 1385 962 1424 Vide
1002 1387 1196 1438 Panegyr.
1232 1386 1459 1427 Mamertini
1496 1394 1595 1430 sect.

119 1453 174 1479 vn.
202 1453 277 1479 vn.
307 1453 400 1478 vm.
430 1454 490 1481 1x.
519 1442 769 1481 Ammianum
800 1441 867 1481 lib.
895 1456 985 1482 xxt.
1010 1443 1210 1482 Zosimum
1239 1443 1311 1482 lib.
1342 1458 1402 1485 111.
1434 1450 1510 1484 etc.

234 1499 328 1547 Pag.
356 1497 452 1539 547.
501 1501 567 1541 17.
638 1494 947 1552 Πολυτρόπως]
1007 1499 1154 1539 Paulus
1195 1499 1364 1539 Orosius
1410 1500 1480 1545 lib.
1518 1501 1592 1541 vt'x.

118 1566 206 1606 cap.
237 1566 338 1592 xxx.
376 1553 621 1595 Christianam
654 1555 883 1606 Relagioraem
909 1559 989 1594 arte
1007 1559 1129 1607 potius
1157 1569 1264 1609 quam
1289 1561 1466 1609 potestate
1495 1561 1592 1598 inse-

118 1614 264 1658 ctatus,
302 1613 348 1648 ut
375 1616 566 1662 negaretur
591 1612 687 1664 fides
717 1613 882 1661 Christi,
922 1617 956 1651 et
986 1613 1161 1652 idolorum
1195 1614 1314 1652 cultus
1339 1616 1591 1667 susciperetur,

117 1667 303 1706 honoribus
322 1670 439 1717 magis
463 1682 676 1721 provocare,
705 1682 812 1721 quam
833 1671 1014 1708 tormentis
1034 1683 1156 1721 cogere
1172 1670 1326 1709 studuit.
1364 1670 1467 1711 Vide
1487 1685 1591 1724 quae

116 1736 213 1764 mox
241 1723 282 1762 in
312 1736 398 1762 eam
426 1725 660 1764 sententiam
689 1726 928 1765 notavimus.

234 1782 329 1830 Pag.
357 1781 454 1824 547.
484 1784 550 1826 18.
607 1781 687 1831 Εἰς
711 1778 925 1837 σύγχυσιν]
974 1781 1211 1824 Theodorit.
1239 1783 1312 1823 lib.
1335 1797 1401 1824 111.
1429 1796 1518 1837 cap.
1547 1796 1587 1824 v.

115 1835 350 1889 Theophau.
380 1851 443 1877 an.
471 1853 502 1878 1.

234 1896 328 1945 Pag-
357 1894 452 1938 547.
480 1897 548 1939 23.
603 1893 825 1948 Μελέτιος]
871 1895 989 1935 Hunc
1023 1895 1159 1934 locum
1187 1893 1329 1934 laudat
1356 1894 1480 1935 Henr.
1510 1894 1591 1935 Va-

115 1949 239 1990 lesius
269 1950 319 1989 ad
348 1950 416 1990 lib.
446 1966 512 1990 m.
550 1950 791 1992 Theodoriti
822 1966 910 2006 cap.
939 1965 996 1992 xv.
1029 1951 1101 1991 ubi
1137 1951 1324 1991 observat
1361 1950 1463 1991 haee
1500 1965 1590 1992 esse

116 2007 290 2059 optimae
318 2014 458 2060 notae,
487 2014 534 2048 ut
562 2022 615 2048 ex
641 2009 770 2048 veteri
800 2009 976 2061 quodam
1004 2008 1211 2061 Scriptore
1246 2007 1477 2062 descripta,
1515 2009 1590 2061 qui

114 2063 276 2104 meletio
304 2062 414 2104 haud
451 2079 653 2118 quaquam
691 2066 877 2118 favebat,
917 2078 1064 2118 eoque,
1101 2071 1150 2104 ut
1186 2064 1371 2116 conjicit,
1416 2065 1588 2105 Ariano=

115 2126 162 2160 ut
191 2134 238 2160 ea
267 2133 370 2173 quae
399 2121 450 2162 de
486 2121 655 2161 Leontio
691 2136 814 2175 supra
853 2123 1048 2164 narravit.
1108 2123 1318 2160 Caeterum
1348 2121 1400 2160 de
1427 2122 1587 2165 Meletio

115 2177 352 2217 consulendi
379 2179 420 2217 in
449 2179 590 2231 primis
617 2178 724 2219 idem
751 2179 1021 2219 Theodoritus
1050 2179 1120 2217 lib.
1150 2192 1197 2217 11.
1240 2191 1328 2229 cap.
1356 2191 1474 2217 xxxx.
1514 2177 1587 2219 lib.

114 2249 182 2275 111.
211 2248 299 2288 cap.
328 2247 387 2275 xv.
415 2234 686 2288 Hieronymus
710 2237 754 2275 in
783 2235 1010 2285 Chronico,
1042 2241 1081 2273 et
1110 2232 1361 2286 Epiphanius
1390 2234 1430 2273 in
1460 2234 1583 2274 Haer-

114 2305 266 2330 mut.
295 2305 334 2330 n.
365 2305 485 2331 xxxx.
514 2298 554 2331 et
583 2291 702 2332 Haer.
731 2306 880 2331 vam.
916 2290 1178 2343 Theophanes
1207 2304 1271 2329 an.
1300 2305 1330 2331 ι.
1358 2304 1417 2330 vr.
1454 2290 1586 2331 Theo-

115 2347 242 2398 dosii,
272 2354 349 2387 etc.
377 2348 446 2388 ubi
475 2348 525 2388 de
552 2348 731 2402 ejusdem
759 2348 907 2388 meletii
936 2347 1171 2387 Schismate.
1438 2379 1444 2384 .

230 2407 325 2455 Pag.
354 2404 449 2448 548.
482 2409 518 2448 1.
576 2401 765 2445 Παλαιὰν
802 2401 991 2458 ἥρπασαν
1029 2404 1288 2456 Εκκλησίαν]
1339 2403 1470 2451 Quam
1507 2401 1586 2456 τήν

113 2459 396 2515 Αποστολικὴν
436 2468 559 2501 vocat
594 2461 866 2501 Theodoritus
903 2461 974 2502 lib.
1002 2475 1048 2499 11.
1091 2474 1183 2513 cap.
1210 2474 1330 2500 xxxx.
1359 2460 1496 2509 sitam,
1536 2466 1584 2499 ut

113 2518 183 2557 ille
211 2517 371 2570 subdit,
408 2517 452 2560 ἐν
479 2521 533 2571 τῆ
557 2521 733 2570 walani,
774 2518 818 2557 id
858 2523 921 2557 est
956 2513 1094 2567 πόλει,
1142 2530 1235 2556 cum
1275 2516 1489 2555 Antiochia
1530 2520 1583 2555 ex

115 2575 275 2626 multis,
305 2589 387 2614 non
408 2560 607 2626 kurbihus,
648 2560 718 2622 sed
763 2574 993 2626 regionibus
1032 2579 1254 2623 constaret,
1292 2573 1443 2623 iliaque
1481 2579 1583 2612 esset

115 2631 299 2684 antiqua,
324 2646 365 2671 1n
396 2646 475 2685 qua
499 2632 575 2672 sita
602 2639 688 2672 erat
717 2631 961 2684 Episcopalis
1001 2630 1178 2669 Ecclesia
1218 2643 1240 2667 a
1269 2631 1308 2667 S.
1338 2631 1455 2668 Petro
1486 2630 1584 2667 sun-

117 2686 231 2737 data,
268 2701 338 2728 seu
376 2689 418 2728 in
454 2703 534 2742 qua
571 2689 605 2728 is
643 2695 730 2728 tum
768 2689 944 2742 primum
978 2686 1157 2735 sederat,
1201 2686 1310 2724 unde
1347 2686 1581 2737 Apostolica

117 2743 346 2795 dicebatur,
374 2751 422 2784 ut
448 2746 492 2785 in
522 2746 651 2786 Gloss.
679 2745 784 2785 med.
825 2744 998 2784 Graecit.
1035 2743 1225 2782 docemus
1261 2742 1303 2781 in
1339 2755 1441 2781 voce
1480 2739 1579 2794 Θρό-

115 2815 200 2848 νος.
255 2802 372 2841 Certe
404 2800 640 2842 Athanasius
667 2802 709 2842 in
738 2802 937 2855 synodica
967 2800 1018 2839 ad
1054 2797 1324 2839 Antiochenos
1358 2797 1462 2837 hanc
1490 2799 1581 2837 Ec-

117 2857 277 2896 clesiam
311 2856 488 2899 παλαιᾶν
516 2859 668 2912 pariter
694 2865 824 2899 vocat.
865 2857 966 2899 Vide
987 2857 1190 2897 valesium
1208 2855 1259 2895 ad
1276 2854 1579 2895 Theodoritum·

179 2928 372 2965 onmem
395 2930 562 2966 Ρωοιαιο
589 2932 658 2967 υοι.
681 2931 731 2964 ιι.
1245 2921 1303 2966 25
