1884 3262
493 221 553 264 IN
588 221 920 274 CHRONICON
952 223 1242 266 PASCHALE.
1497 219 1595 268 251

51 378 56 382 ι
121 333 194 384 τῆς
227 327 471 383 Μεδούσης·
511 332 582 371 ubi
611 331 844 384 Xylander:
872 333 1048 385 foedoque
1074 332 1254 372 Medusae
1281 334 1412 385 scypho
1438 332 1482 372 de
1511 334 1600 373 Per-

122 392 195 438 sis,
236 402 322 440 quos
357 390 510 427 maxime
551 390 746 439 diligebat,
785 393 932 428 arcanis
961 393 1115 441 magicis
1143 393 1317 440 initiam,
1358 395 1423 429 etc.
1481 391 1599 430 Pocu-

122 445 196 483 lum
234 445 358 484 vertit
392 446 598 495 Raderus‚
634 446 704 498 qui
739 444 840 485 haec
878 445 930 485 ad
966 449 1304 499 λεκανομαντείαν
1333 448 1470 488 refert.
1520 448 1600 488 Sed

121 515 214 540 cum
241 501 341 542 haec
370 502 558 555 clypeum
588 504 771 542 Medusae
799 504 970 554 imagine
999 505 1066 543 vel
1095 505 1493 557 capite-instructum
1513 519 1603 557 spe-

120 565 250 607 ctent,
297 559 460 599 videtur
504 557 661 612 σκύφος
707 559 788 599 hoc
824 561 917 599 loco
956 565 1095 599 scutum
1139 575 1211 601 seu
1251 563 1409 614 clypeum
1447 574 1602 602 sonare.

118 616 288 655 Joannes
309 616 588 657 Antiochenus
615 617 695 655 ista
723 618 782 656 sic
811 617 946 657 effert·
978 617 1134 667 ἐδίδαξε
1164 617 1209 660 δὲ
1235 618 1304 659 καὶ
1322 616 1500 668 πολλοῦς
1519 622 1603 661 τῶν

121 675 294 728 Περσων
321 671 395 721 τοὶς
422 674 490 715 ἐπὶ
520 671 723 742 Γοργόνος
757 671 923 722 τελετας.

232 730 327 780 Pag·
357 734 425 773 70
456 734 497 773 3.
556 727 787 784 Γοργόνης]
818 732 874 770 De
905 744 985 783 qua
1014 731 1156 771 Euseb.
1188 733 1230 770 in
1261 731 1408 770 Chron.
1437 746 1480 784 p.
1508 737 1574 775 17,

232 786 526 837 Pag.7o.14.
583 785 727 841 Λόγχω
757 785 984 854 δρεπανω]
997 789 1118 827 Forte
1148 785 1454 844 λογχοδρεπανῳ
1484 790 1604 828 unica

118 854 240 893 voce,
275 843 477 895 quomodo
520 844 742 884 edidimus:
783 846 840 884 ita
875 852 921 884 ut
949 845 1017 884 hic
1048 846 1242 884 innuatur
1270 847 1409 884 lancea
1440 847 1602 897 falcata,

118 913 236 951 quam
259 901 378 949 ξίφος
395 900 716 954 λογχοδρὲπανον
736 903 1013 955 appellaverit,
1043 903 1149 942 Hero
1173 916 1268 942 vero
1286 903 1601 956 δορυδρέπανον.

116 957 246 995 Locus
278 956 450 996 habetur
478 959 519 996 in
554 959 684 1000 Gloss.
714 960 818 1000 med.
852 960 1027 999 Graecit.
1086 961 1139 998 At
1162 959 1261 1000 Cod.
1282 960 1463 999 Vatican.
1481 960 1601 999 habet

117 1019 162 1051 ut
192 1014 385 1053 Raderus.

229 1071 324 1122 Pag
354 1075 421 1115 70-
451 1075 518 1115 20.
577 1071 663 1113 Καὶ
690 1071 735 1113 τὰ
761 1072 959 1127 ἐνεργοῖς]
998 1072 1082 1113 Καὶ
1119 1070 1187 1114 διοέ
1223 1070 1268 1114 τό
1307 1072 1473 1127 ἔνεργὲς.
1534 1073 1599 1112 Sic

113 1128 291 1179 praefert
322 1128 417 1167 Cod.
449 1129 577 1169 Vatic
607 1134 728 1181 atque
756 1131 812 1170 ita
845 1130 1158 1179 emendavimus,
1189 1136 1275 1168 tum
1307 1131 1426 1169 etiam
1454 1144 1503 1169 ex
1528 1132 1600 1183 Sy-

113 1197 254 1223 meone
285 1184 505 1236 Logotheta
544 1193 583 1225 et
613 1187 794 1226 Cedreno
831 1200 924 1240 pag.
952 1191 1020 1230 22.
1053 1188 1163 1226 Joan.
1194 1187 1490 1260 Antiochenus,
1531 1186 1600 1229 δια

111 1255 188 1294 την
217 1237 390 1294 ὀξύτητα
416 1245 490 1296 τῆς
516 1243 726 1297 ἐνεργείας.

230 1299 326 1349 Pag
364 1302 432 1342 71
470 1303 509 1341 2.
569 1300 855 1351 Εκδοθεῖσαν]
906 1300 1021 1370 Quo?
1046 1300 1189 1353 templi
1234 1301 1430 1339 Sacerdos
1481 1307 1599 1340 esset.

112 1354 333 1406 Logotheta
364 1362 404 1394 et
436 1353 656 1406 Cedrenus,
690 1356 758 1398 καὶ
791 1357 940 1410 ἷερείαν
970 1351 1098 1398 ουσαν
1131 1353 1330 1410 ἇρπασας,
1360 1365 1434 1396 etc.
1473 1358 1599 1410 idque

113 1424 199 1450 vox
233 1412 551 1478 παραμένουσαν
588 1388 762 1463 indicat,
803 1415 846 1453 id
887 1419 948 1453 est
988 1414 1238 1452 sacerdotem
1276 1415 1344 1453 vel
1382 1414 1596 1465 aedituam,

112 1466 338 1519 νεωκόρον,
383 1471 586 1522 quomodo
640 1472 823 1510 aedituos
878 1485 973 1509 suos
1023 1473 1355 1524 παραμοναρίους
1396 1478 1600 1511 vocarunt

114 1525 351 1574 Christiani,
381 1527 443 1565 uti
473 1528 664 1567 docemus
693 1530 735 1567 in
767 1535 939 1580 utroque
971 1528 1186 1566 Glossario.
1245 1528 1305 1566 lta
1337 1528 1600 1568 Cassandram

112 1583 155 1620 in
189 1583 390 1635 Apollinis
431 1585 528 1624 aede
570 1586 679 1638 apud
721 1586 872 1637 Argos,
924 1584 1155 1624 Callithiam
1195 1584 1400 1635 Piranthi‚
1439 1586 1600 1639 Hyper-

113 1647 326 1679 mnestram
359 1642 507 1691 Danai,
539 1649 579 1681 et
607 1641 889 1681 Athamantam
920 1642 1095 1681 Euristei
1122 1642 1225 1681 filias
1255 1643 1481 1682 sacerdotio
1507 1645 1601 1682 fun-

113 1703 197 1735 ctas
230 1697 413 1737 scribunt
443 1699 640 1738 Eusebius
669 1700 711 1738 in
746 1699 972 1748 Chronico,
1006 1699 1151 1750 Georg.
1181 1700 1414 1751 Syncellus,
1452 1707 1492 1740 et
1521 1701 1600 1739 alii.

111 1753 232 1805 Apud
263 1755 533 1806 Capitolinum
565 1757 604 1794 in
633 1757 725 1807 Pio,
766 1757 945 1796 Sacerdos
966 1756 1106 1808 femina
1139 1757 1278 1795 Trallis
1306 1757 1463 1808 legitur.
1534 1758 1600 1796 In·-

112 1811 173 1849 fra
204 1811 245 1848 in
275 1810 355 1849 hoc
386 1813 587 1851 Chronico
628 1815 678 1852 de
710 1815 860 1864 Silvia,
902 1811 989 1866 ἷερὰ
1022 1808 1124 1854 οὖσα
1160 1816 1235 1853 τοῦ
1263 1818 1414 1865 Λρεως.
1475 1815 1599 1854 Vetus

42 1911 54 1922 -.
111 1867 345 1920 inscriptio:
379 1867 684 1911 SEVERINAE.
724 1870 1026 1912 SACERDOTI.
1069 1870 1239 1912 DIVAE.
1277 1870 1599 1912 MARCIANAE.

110 1924 235 1976 Apud
266 1925 662 1978 llionys.'Halicarn.
693 1928 763 1967 lib.
794 1942 885 1966 vm.
916 1927 1025 1966 aedis
1054 1928 1260 1966 Fortunae
1292 1929 1499 1968 muliebris
1529 1934 1600 1970 θε-

114 1982 261 2036 ραπεία
291 1982 381 2021 data
411 1988 500 2032 ταῖς
528 1981 743 2038 νεογάμοις
773 1984 936 2025 dicitur.
991 1985 1148 2035 ‘Extant
1176 1986 1360 2038 exempla
1396 1987 1484 2027 alia.

228 2039 324 2089 Pag.
353 2043 420 2080 71.
454 2045 519 2083 12.
584 2040 668 2094 Τήν
696 2038 843 2094 τύχην,
875 2041 981 2093 etc.]
1012 2042 1072 2080 Ita
1102 2042 1263 2092 Agenor
1294 2042 1454 2081 condita
1486 2043 1596 2080 Gor-

110 2100 230 2147 tyna,
259 2096 373 2134 urbis
402 2097 619 2138 Fortunam
649 2100 898 2150 Καλλινίκην
926 2098 1089 2137 vocavit
1119 2098 1168 2137 de
1199 2099 1357 2137 nomine
1395 2115 1416 2138 a
1449 2114 1490 2138 se
1521 2100 1595 2138 im-

111 2153 282 2191 molatae
309 2153 499 2204 vinginis,
539 2162 586 2193 ut
613 2155 718 2194 infra
749 2162 949 2196 narratur.
1007 2156 1066 2194 De
1094 2155 1260 2205 Iconio,
1302 2156 1395 2195 vide
1426 2157 1595 2209 Glycani

228 2266 322 2316 Pag-
352 2269 419 2308 71.
451 2269 516 2309 22.
582 2265 760 2320 Ταρσὸν]
797 2268 924 2307 Aliter
949 2268 998 2306 de
1021 2269 1136 2307 Tarsi
1160 2269 1320 2308 nomine
1346 2269 1493 2310 Chron.
1514 2271 1594 2309 MS.

113 2323 321 2374 Symeonis
362 2322 625 2374 Logothetae·
675 2322 749 2376 χρὴ
795 2324 943 2364 εἰδέναι
983 2340 1043 2365 οτι
1085 2323 1241 2379 Ταρσὸς
1279 2316 1507 2379 ω’νὸμασται
1544 2331 1598 2384 τῇ

113 2382 188 2419 τοῦ
214 2379 530 2432 Βελλερὲφοντος
559 2376 706 2421 πτώσει
737 2380 820 2422 ἐκεῖ
850 2377 1140 2433 φοιτήσαντος,
1173 2383 1243 2423 καὶ
1271 2400 1373 2424 κατα
1410 2382 1476 2425 τὸν
1506 2401 1596 2437 ταρ-

116 2433 185 2476 σὸν
223 2439 359 2492 πληγῇ
397 2435 721 2490 τελευτήσαντος·
763 2434 793 2489 ἢ
828 2451 989 2505 τερσος,
1032 2436 1111 2479 aad
1149 2443 1225 2480 τοῦ
1261 2437 1421 2494 Ταύρου
1460 2439 1596 2494 ὄρους,

113 2492 182 2532 καὶ
225 2495 395 2546 Τερσίαν
439 2497 654 2535 καλεῖσθαι
700 2491 776 2546 τήν
814 2491 951 2548 χώραν
997 2510 1042 2535 το
1082 2495 1200 2548 πριν,
1247 2495 1315 2538 δια
1351 2495 1396 2538 τὸ
1431 2514 1595 2552 πρωτον

115 2544 415 2619 ἐνικμωθῆναι
438 2554 513 2592 τοῦ
549 2554 852 2604 κατακλυσμοῦ,
894 2551 1215 2605 ἐξυδατωθείσης
1242 2557 1316 2606 τῆς
1343 2557 1433 2608 γῆς.
1499 2555 1597 2608 Τέρ-

115 2618 182 2646 σαι
209 2622 284 2659 γαρ
314 2606 359 2648 τὸ
388 2603 642 2662 αναξηραναι
680 2607 848 2662 λέγεται.
910 2607 1112 2647 Chronico
1152 2610 1334 2648 Paschali
1377 2611 1597 2650 concinunt

115 2662 318 2701 Cedrenus
347 2676 436 2716 pag.
460 2668 527 2707 22.
558 2678 597 2704 v.
627 2665 798 2704 Joannes
828 2665 1114 2716 Antiocheuus,
1148 2668 1325 2706 Zonaras
1355 2668 1424 2706 lib.
1443 2682 1471 2706 1.
1495 2683 1535 2708 n.
1556 2682 1596 2708 v.

115 2724 154 2756 et
184 2719 343 2770 Glycas.
402 2722 572 2760 Tarsum
604 2737 627 2761 a
657 2723 781 2761 Tarso
810 2722 894 2761 filio
924 2723 1084 2762 Javanis
1113 2725 1321 2763 conditum
1352 2724 1497 2764 scribit
1528 2726 1594 2764 Jo-

114 2774 280 2826 sephus.

229 2833 420 2882 Pag·72·
453 2837 489 2875 1.
548 2831 691 2888 Κόρην
719 2830 854 2904 ἄδαῆ]
876 2835 1133 2902 Hesychius:
1162 2834 1275 2886 Αδοέ,
1307 2852 1492 2894 απειρος·
1522 2805 1591 2877 ubi

112 2888 218 2928 forte
248 2884 356 2944 οἷδαῆ
383 2889 459 2943 leg.
486 2890 582 2931 item
610 2889 726 2943 Αδα,
757 2908 784 2945 η
819 2887 982 2947 ὀνόματι
1012 2889 1282 2948 Παρθενόπη.
