1820 3276
469 191 527 233 IN
556 189 885 234 CHRONICON
914 188 1204 233 PASCHALE.
1484 186 1584 235 453

112 292 308 340 νέηἰοηε.
367 294 653 352 Theophanem
684 294 933 352 exscripsere
962 301 1137 352 Symeon
1168 297 1338 351 Logoth.
1370 302 1411 337 et
1440 298 1584 350 Georg.

113 355 335 396 Monachus
364 356 406 394 in
438 355 644 395 Chronicis
672 356 782 396 MSS.

227 416 320 462 Pag.
351 416 446 455 620.
479 417 519 456 6.
578 417 688 453 Ακτα
710 415 784 453 τοῦ
805 411 1080 464 Καλοποὸίου]
1111 412 1302 451 Petebant
1322 425 1465 466 nempe
1486 413 1584 451 Pra-

111 470 210 518 sini,
239 475 285 507 ut
315 475 401 507 acta
432 469 640 522 Calopodii
670 468 1018 518 rescinderentur,
1060 469 1151 519 vel,
1190 469 1249 507 uti
1281 469 1372 507 vult
1401 470 1586 508 Aleman-

109 539 208 575 nus‚
250 527 291 563 in
324 539 412 564 eum
450 528 612 577 exlege
643 532 839 577 ageretur.
898 525 1061 564 Licebat
1099 527 1204 564 enim
1248 538 1298 563 ex
1338 526 1440 576 Lege
1470 526 1585 564 'Con-

110 582 274 622 stantini
302 582 354 620 M.
386 597 488 635 quae
519 590 577 622 est
609 596 664 621 1v.
697 582 792 620 cod.
836 582 886 620 de
927 582 1072 620 Officio
1112 582 1293 621 Rectoris
1330 582 1582 633 Provinciae,

109 646 156 678 ut
178 641 397 689 justissimos
426 645 460 679 et
487 641 786 691 vigilantissimos
812 639 956 678 Iudices
978 640 1133 691 publicis
1160 639 1480 678 acclamationibus
1512 640 1585 678 col-

109 698 285 745 laudare,
316 697 543 749 cujusmodi
573 703 683 736 extat
713 695 942 747 exemplum
972 695 1082 747 apud
1112 695 1378 747 Capitolinum
1408 696 1448 734 in
1480 696 1583 734 Gor-

109 752 254 802 diane,
298 753 355 791 ita
384 767 403 792 e
431 756 609 792 contrario
637 754 792 802 injustos
825 756 859 791 et
886 752 1061 804 maleficos
1101 753 1324 804 querelarum
1352 755 1493 791 vocibus
1519 766 1583 791 ac-

107 823 253 855 cusore‚·
295 810 352 847 sic
383 817 536 860 tamen,
580 814 621 849 ut
647 812 682 848 si
706 822 809 847 verae
838 821 938 847 voces
967 813 1098 859 essent,
1137 823 1199 847 nec
1227 810 1278 847 ad
1304 810 1484 848 libidinem
1519 822 1584 861 per

107 867 289 905 clientelas
318 866 408 915 (seu
437 873 482 905 ut
510 866 693 918 loquitur
722 865 975 918 Lampridius
1012 865 1055 903 in
1096 865 1350 912 Alexandro,
1397 880 1447 904 an
1487 879 1580 914 vere,

105 936 175 962 non
195 923 439 975 factionibus)
469 924 622 975 effusae,
665 937 716 961 ex
747 922 942 961 relatione
981 922 1277 961 Praefectorum
1307 922 1513 961 Praetorio
1544 928 1585 960 et

108 980 308 1018 comitum
348 980 416 1031 qui
451 993 527 1032 per
562 979 796 1018 Provincias
836 978 1043 1017 constituti
1083 985 1215 1028 erant,
1255 979 1446 1031 Princeps
1486 978 1585 1018 dili-

105 1043 245 1088 genter
276 1036 511 1088 inquireret.
570 1036 673 1075 Vide
701 1036 804 1074 infra
835 1049 938 1074 anno
967 1048 1053 1074 xvi.
1083 1035 1273 1074 Heraclii.

219 1093 315 1142 Pag·
345 1096 441 1136 620.
469 1097 511 1136 7.
578 1096 663 1134 Τοῦ
690 1091 857 1146 βίγκας]
888 1092 1102 1145 Perperam
1133 1092 1238 1131 hanc
1267 1105 1409 1131 vocem
1439 1104 1512 1143 per
1544 1095 1585 1129 tu

104 1151 231 1199 vivas,
261 1150 407 1189 extulit
436 1149 542 1188 idem
571 1149 825 1188 Alamannus.
883 1148 986 1188 Vide
1018 1150 1149 1189 Gloss.
1181 1149 1285 1188 med.
1316 1148 1490 1187 Graecit.

219 1205 315 1256 Pag·
346 1210 442 1249 621.
475 1210 514 1249 1.
579 1209 662 1247 Τοῦ
690 1207 932 1259 Mario-conv
962 1205 1250 1259 Ερμογὲνους]
1282 1205 1468 1256 *Magistri
1489 1203 1582 1255 Offi-

105 1264 259 1314 ciorum,
301 1263 415 1316 cujus
454 1277 534 1301 non
575 1263 698 1302 semel
736 1262 781 1301 fit
812 1262 961 1300 mentio
1002 1262 1109 1315 apud
1139 1262 1406 1314 Procopium,
1443 1260 1581 1299 Theo-

103 1318 294 1371 phanem,
336 1326 375 1359 et
411 1319 454 1357 in
493 1320 670 1359 Novellis
707 1319 941 1359 Justiniani:
984 1319 1098 1371 cujus
1132 1319 1247 1357 etiam
1285 1325 1371 1357 tum
1398 1318 1508 1358 vices
1537 1317 1581 1355 in

103 1375 203 1416 urbe
234 1375 371 1427 agebat
403 1377 608 1418 Basilides.
667 1376 770 1416 Vide
797 1375 1014 1416 Marcellin.
1045 1376 1132 1414 Ind.
1162 1389 1222 1414 xl.

219 1432 315 1483 Pag-
345 1437 440 1476 621.
471 1435 508 1475 5.
576 1435 659 1474 Τοῦ
690 1430 873 1473 Ιωάννου
901 1435 974 1473 τοῦ
1005 1428 1304 1483 Καππάδοκος]
1337 1429 1460 1482 Cujus
1489 1442 1582 1467 ava-

103 1489 236 1528 ritiam
266 1490 501 1541 perstringit
530 1490 752 1542 Procopius
779 1489 850 1530 lib.
876 1503 902 1529 1.
933 1488 1069 1527 Gotth.
1094 1503 1181 1542 cap.
1203 1502 1315 1527 xxw-
1349 1493 1390 1526 et
1420 1486 1469 1525 de
1500 1499 1586 1538 quo.

103 1547 229 1585 inulta
262 1547 502 1585 Alemannus
533 1547 585 1584 ad
614 1547 829 1586 Historiam
860 1546 1069 1585 Arcanam.

220 1603 314 1645 lbid.
379 1606 461 1644 Τοῦ
501 1604 709 1654 Ρουφίνου
747 1606 822 1644 τοῦ
859 1601 1131 1656 Κυέστωρος]
1185 1601 1373 1650 Rufinus,
1419 1598 1581 1637 Joannis

103 1658 279 1712 Scythae
316 1660 544 1699 Exconsule
583 1660 711 1710 filius,
763 1674 814 1699 ex
845 1659 1034 1710 Magistro
1077 1658 1251 1697 militum
1292 1663 1331 1696 et
1375 1656 1582 1702 Patricius,

103 1715 340 1768 Theophani
371 1731 475 1756 anno
505 1731 548 1755 11.
579 1723 619 1756 et
647 1731 700 1756 ιν.
729 1716 941 1755 Justiniani
970 1716 1130 1755 dicitur.
1189 1715 1229 1753 Is
1259 1727 1339 1752 non
1369 1713 1489 1753 semel
1509 1725 1579 1750 oc-

102 1773 230 1811 currit
261 1773 367 1825 apud
397 1773 657 1825 Procopium:
687 1773 757 1812 sed
787 1787 835 1811 an
865 1779 951 1811 tum
982 1772 1214 1822 Quaestoris
1245 1769 1478 1821 dignitatem
1506 1769 1579 1807 ob-

102 1829 290 1879 tinuerit,
325 1829 491 1869 dubium
521 1830 619 1869 facit
646 1830 751 1869 idem
782 1829 987 1882 Scriptor,
1020 1829 1111 1881 qui,
1137 1835 1184 1866 ut
1217 1827 1327 1880 plebi
1356 1832 1582 1879 pareretur,

101 1886 195 1925 loco
234 1886 466 1925 Triboniani
507 1887 762 1935 Quaestoris,
803 1886 966 1925 eandem
997 1886 1227 1937 dignitatem
1259 1885 1392 1922 datam
1418 1882 1580 1921 Basilidi

100 1943 248 1992 tradit,
289 1943 377 1982 viro
417 1945 673 1996 caeteroquin
703 1944 1016 1996 spectatissimae
1055 1941 1287 1981 clementiae
1318 1947 1358 1979 et
1386 1939 1581 1979 nobilita-

99 1999 164 2038 tis.
224 2000 441 2039 Patricium
472 2000 588 2040 etiam
621 2001 792 2040 eundem
818 1999 1004 2038 Rufinum
1033 2006 1153 2038 vocat
1182 1998 1256 2037 sub
1286 1997 1373 2036 Ind.
1392 2011 1451 2036 XI.
1480 1997 1579 2035 Mar-

101 2056 281 2097 cellinus.
326 2057 559 2105 Quaestoris
589 2071 685 2097 vero
719 2057 911 2109 dignitate
939 2057 1131 2109 insignem
1161 2054 1354 2094 Thomam
1386 2067 1489 2092 anno
1519 2067 1580 2091 ιιι.

101 2113 311 2152 Justiniani
338 2122 535 2154 memorat
562 2114 668 2153 idem
697 2113 975 2166 Theophanes.

216 2170 311 2220 Pag.
342 2173 439 2212 621.
468 2174 508 2214 9.
570 2173 722 2212 Φωκοῖυ
750 2169 820 2211 τὸν
851 2166 1081 2224 Κρατερὸν]
1112 2166 1378 2219 Theophanes
1402 2179 1491 2205 ann.
1515 2179 1579 2202 111.

105 2227 257 2266 Φωκᾶν
285 2224 357 2267 τόν
386 2227 609 2279 Πατρίκιον
638 2230 708 2269 τοῦ
738 2229 962 2281 Κρατεροῦ,
990 2225 1207 2264 Patricium
1237 2237 1336 2262 vero
1367 2222 1475 2261 nude
1499 2235 1579 2260 vo·-

104 2288 170 2320 cat
208 2282 430 2334 Procopius
469 2283 619 2336 absque
653 2286 864 2338 Κρατεροῦ
899 2283 1081 2330 nomine,
1125 2294 1214 2332 quo·
1245 2279 1418 2318 donatur
1444 2278 1579 2317 nescio

104 2339 191 2392 quis
229 2338 416 2392 Sophista
454 2340 524 2379 lib.
555 2353 610 2381 ιν.
652 2340 852 2392 Epigram.
881 2339 1068 2377 Graecor.
1096 2337 1159 2375 tit.
1187 2351 1308 2375 xxin.
1369 2337 1578 2375 Craterum

102 2395 195 2449 περὶ
223 2392 502 2449 ψηφισμάτων
530 2396 669 2435 laudat
698 2395 926 2448 Stephanus
955 2395 1005 2434 de
1031 2394 1169 2432 Urbib.

218 2452 313 2504 Pag.
346 2456 441 2497 621.
473 2455 538 2497 13.
604 2448 838 2506 Τρύφωνα]
865 2452 1162 2491 Praefectorum
1194 2449 1400 2489 Praetorio
1421 2448 1494 2487 sub
1512 2448 1578 2486 Ju-

104 2508 274 2547 stiniano
317 2510 459 2550 seriem
497 2509 709 2562 descripsit
747 2509 1011 2558 Alemannus,
1057 2507 1100 2545 in
1136 2507 1282 2559 quibus
1319 2504 1579 2558 Tryphonem

106 2571 145 2604 et
166 2565 420 2605 Theodorum
451 2567 562 2605 illius
594 2568 756 2605 fratrem
777 2580 827 2604 ex
841 2564 923 2604 hoc
943 2566 1141 2603 duntaxat
1162 2563 1364 2602 Chronico
1387 2567 1579 2601 recenset.

222 2621 319 2672 Pag·
350 2626 444 2666 621.
476 2627 541 2667 18.
603 2619 895 2678 Χαλκόστεγον]
918 2621 1263 2673 Constantinopol.
1286 2619 1432 2659 Christ.
1453 2618 1577 2657 lib.11›.

105 2684 198 2718 sect.
227 2693 286 2716 1v.
316 2693 352 2717 n.
380 2693 428 2718 11.

219 2736 315 2786 Pag·
346 2739 442 2778 621.
475 2739 538 2779 19.
602 2735 805 2790 Πορτίκου
833 2737 916 2775 τῶν
945 2732 1204 2786 Σχολαρίων]
1247 2732 1348 2771 Ibid.
1378 2746 1418 2771 n.
1448 2745 1578 2771 xxxn.

222 2791 316 2841 Pag·
347 2794 442 2835 621.
469 2797 540 2836 20.
601 2791 802 2843 Σὲνατον]
837 2790 940 2831 Ibid.
968 2791 1038 2831 lib.
1071 2805 1112 2831 11.
1144 2795 1238 2829 sect.
1268 2803 1324 2830 ix.
1357 2803 1393 2827 n.
1415 2803 1443 2828 1.

220 2847 313 2898 Pag·
344 2851 438 2891 621.
467 2853 535 2893 21.
594 2846 902 2904 Αὕγουσταῖον]
931 2848 1032 2886 Ibid.
1065 2847 1132 2888 lib.
1164 2860 1226 2885 111.
1256 2860 1294 2888 n.
1327 2859 1447 2886 xxm.
