1820 3276
430 205 488 248 IN
522 201 850 247 CHRONICON
883 201 1184 251 PASCHALE.
1449 198 1545 244 381

89 317 228 358 mortis
258 328 399 369 genere
426 313 712 354 Maximianum
739 313 974 352 Herculium
989 313 1091 366 Imp.
1122 311 1245 351 vitam
1277 308 1549 349 detestabilem

80 375 234 414 <finiisse
275 373 457 412 scribunt
497 371 690 411 Eusebius
729 370 799 408 lib.
838 383 926 410 v111.
968 377 1071 409 extr.
1123 368 1349 407 Lactantius
1389 367 1458 406 lib.
1499 366 1549 406 de

80 431 246 470 'Mortis
277 431 476 469 Persecut.
508 441 548 466 n.
576 441 676 466 xxx.
709 433 748 466 et
778 427 917 475 Victor
945 427 984 465 in
1015 425 1208 478 Epitome.

198 487 294 526 Ibid.
352 489 415 526 Εν
437 481 618 540 Μούστῳ
639 480 845 538 Σελεύκῳ]
878 485 942 521 Sic
973 484 1071 522 Cod.
1092 482 1269 520 Vatican.
1299 479 1430 519 Editio
1450 493 1547 518 vero

89 544 232 599 Scalig5
261 546 325 583 Εν
348 538 507 596 Μούρῳ
524 537 719 596 Σελεύκῳ.
761 542 943 578 Socrates
957 569 967 585 ‚
983 535 1313 592 Μιλτοσελεύκῳ,
1334 538 1400 575 ubi
1421 536 1547 576 Codd.

89 601 157 640 alii
191 595 504 653 Μορτοσελεύκῳ
542 598 690 636 rectius
729 599 974 648 praeferunt.
1037 597 1108 634 Est
1138 596 1243 634 enim
1272 608 1366 633 mous
1396 593 1550 641 Seleuci,

88 664 136 696 ut
163 659 284 696 vertit
311 655 558 707 Epiphanius
594 653 886 702 Scholasticus‚
918 653 1034 705 cujus
1063 652 1144 691 loci
1173 651 1352 690 meminit
1382 651 1551 699 Itinera-—

87 715 192 754 rium
233 711 651 763 Hierosolymitanum.
717 710 911 761 Georgius
950 709 1206 748 Hamartolus
1246 707 1364 746 habet
1394 713 1548 759 tantum
1578 719 1608 754 p
1630 719 1701 756 562

88 771 133 813 ἐν
149 767 344 825 Σελεύκῳ·
404 769 503 808 Vide
534 767 788 806 Sirmondum
819 766 869 805 ad
899 766 1051 804 Sidonii
1084 766 1204 818 Epist.
1234 779 1289 802 vl.
1320 764 1391 803 lib.
1423 778 1458 803 v.

205 829 297 877 Pag.
329 824 422 868 541-
461 827 524 867 13.
585 825 690 864 Ιδῶν
723 819 987 877 Αὐγούστου]
1047 823 1094 861 ln
1130 822 1206 861 hac
1247 835 1369 869 voce,
1410 821 1471 859 uti
1510 820 1551 858 in

87 882 335 922 Praefatione
365 881 563 929 diximus,
594 880 786 919 Holstenii
818 881 955 919 Codex
986 879 1154 930 desinit,
1184 878 1252 931 qui
1271 884 1422 916 caetera
1440 877 1552 916 dein-

89 954 183 992 ceps
214 953 298 978 esse
329 938 626 977 continuatoris
655 943 800 975 monet.

204 999 296 1046 Pag.
329 995 423 1038 541.
471 993 535 1036 14.
593 995 852 1035 Λουλλιανοῦ
868 992 883 1045 ]
935 992 1044 1032 Fasti
1081 990 1274 1042 Idatiani,
1312 991 1490 1030 Arbitione
1517 995 1552 1030 et

88 1053 277 1093 Lolliano:
305 1051 395 1100 alii,
423 1051 619 1090 Arbetione.

200 1109 293 1149 Ibid.
352 1108 568 1160 Επαρχον]
601 1107 880 1146 Domitianum.

203 1169 298 1216 Pag.
327 1164 422 1207 541.
457 1168 521 1207 17.
584 1163 822 1217 Κυέστωρα]
857 1163 1064 1202 Montium.
1104 1162 1159 1200 De
1191 1161 1403 1212 utriusque
1432 1158 1552 1198 caede

89 1228 211 1274 agunt
250 1221 481 1260 Ammianus
531 1220 598 1261 lib.
627 1235 721 1275 xiv.¹
762 1220 1056 1271 Philostorgius
1093 1218 1162 1257 lib.
1202 1232 1266 1257 111.
1308 1231 1394 1269 cap.
1429 1230 1551 1256 xvux.

88 1281 273 1319 Socrates
301 1278 370 1316 lib.
397 1291 442 1316 11.
472 1291 560 1329 cap.
587 1290 718 1316 xxvu.
750 1283 788 1315 et
816 1277 894 1317 alii.

201 1335 295 1375 nid.
319 1327 330 1335 ⁵
354 1333 661 1386 Μετασταλεὶς]
713 1332 979 1385 Hieronymus
1016 1330 1058 1369 in
1099 1329 1247 1369 Chron.
1276 1330 1491 1368 sollicitatus
1528 1342 1554 1367 a

90 1393 316 1441 Constantio,
347 1390 455 1442 quod
486 1389 591 1429 idem
621 1389 757 1432 valet„
1270 1388 1276 1395 '

204 1452 297 1499 Pag.
328 1447 423 1491 541.
454 1449 518 1489 18.
577 1450 640 1487 Εν
674 1449 752 1499 Ισῳ
780 1447 832 1502 τῇ
858 1440 995 1500 νήσῳ]
1051 1443 1117 1482 Sic
1153 1442 1270 1481 etiam
1305 1442 1428 1481 editio
1459 1443 1553 1480 Sca..

87 1506 236 1557 ligeri.x
273 1505 324 1543 At
353 1503 586 1542 Holstenius
622 1503 664 1541 in
700 1502 815 1541 Notis
859 1501 908 1540 ad
947 1499 1193 1553 Stephanum
1230 1499 1324 1550 legit
1356 1499 1400 1540 ἐν
1427 1502 1553 1554 Ιστρῳ

88 1566 141 1619 τῇ
167 1560 306 1617 νήσῳ,
355 1560 489 1613 aitque
527 1560 743 1598 Auctorem
784 1557 974 1597 Chronici
1011 1557 1053 1596 id
1092 1570 1141 1596 ex
1181 1569 1317 1594 eorum
1360 1557 1553 1595 sententia

11 1613 16 1619 ⁵
89 1632 317 1672 scripsisse,
365 1619 434 1668 qui
471 1616 616 1655 Istrum
655 1615 823 1654 fluvium
862 1614 942 1654 hoc
981 1615 1074 1653 loco
1115 1626 1246 1665 prope
1284 1613 1443 1652 Istriam
1473 1612 1553 1652 alio

90 1676 192 1716 ostio
220 1676 262 1714 in
290 1673 454 1713 Adriam
484 1673 646 1712 effluere
675 1672 950 1711 crediderunt.
1007 1672 1204 1724 Scymnus
1235 1668 1374 1709 Chius:

140 1729 143 1737 “
364 1752 421 1759 -
476 1751 533 1759 -
592 1732 626 1770 Ο
650 1726 791 1783 Ιστρός
811 1725 990 1781 ποταμός
1575 1725 1608 1759 V
1633 1721 1704 1763 490

315 1785 554 1839 Κατὲρχεται
571 1783 654 1827 dno*
672 1789 754 1826 τῶν
778 1787 992 1839 Εσπερίων
1013 1781 1163 1833 τόπων,

315 1841 399 1896 Τήν
419 1839 589 1895 ἐκβολήν
608 1841 726 1883 πέντε
746 1839 913 1894 στόμασι
931 1837 1188 1893 ποιούμενος,

308 1899 413 1940 Δυσὶ
434 1898 477 1939 δὲ
498 1895 750 1952 σχιζόμενος,
782 1894 818 1939 κ’
838 1899 894 1947 εἰς
911 1895 988 1951 τὴν
1004 1898 1163 1951 Αδρίαν
1182 1894 1275 1950 ῥέει.

89 1957 139 1997 Et
167 1956 394 1996 Marcianus
426 1956 685 2006 Heracleote,
732 1968 851 2007 quem
881 1955 1053 1995 eundem
1086 1967 1177 1993 cum
1206 1954 1378 2006 Scymno
1407 1952 1554 1992 volunt

91 2013 251 2066 quidam
281 2027 331 2053 ex
361 2013 546 2052 eruditis:

310 2070 456 2111 Ενετοί
474 2084 515 2110 τε
530 2068 598 2110 καὶ
617 2070 700 2108 ταῖν
723 2065 836 2117 ἐντὸς
856 2067 913 2116 εἷς
928 2064 1000 2108 τὸν
1018 2066 1176 2122 Αδρίαν

310 2129 433 2182 Ιστρῷ
461 2121 739 2179 καθηκόντων.

89 2184 322 2223 Ammianus
353 2183 422 2222 lib.
451 2196 538 2222 xiv.
568 2185 606 2222 in
631 2182 744 2220 Istria
769 2194 877 2233 prope
905 2180 1068 2232 oppidum
1093 2179 1218 2218 Polam
1249 2177 1425 2217 occisum
1456 2176 1553 2215 Gal-

88 2241 174 2280 lum
205 2240 338 2279 tradit.
399 2240 581 2278 Socrates
619 2238 691 2278 lib.
720 2251 764 2278 11.
804 2251 891 2289 cap.
919 2248 1062 2275 xxxtv.
1108 2237 1350 2274 Sozomenus
1395 2233 1464 2274 lib.
1494 2247 1549 2273 lv.

90 2311 178 2350 cap.
208 2311 279 2335 vn.
309 2297 526 2348 Eutropius
564 2301 604 2334 et
642 2294 793 2332 Idatius
832 2293 875 2332 in
912 2292 1048 2331 Insula
1080 2291 1269 2341 Flamna,
1309 2303 1410 2343 quae
1450 2290 1548 2330 urbs

91 2360 150 2393 est
188 2353 383 2392 maritima
433 2352 572 2391 Istriae
621 2350 849 2390 Ptolemaeo
889 2355 928 2387 et
972 2348 1102 2387 Plinio
1141 2349 1210 2388 lib.
1239 2361 1282 2387 11.
1330 2353 1426 2391 sect.
1452 2360 1551 2387 xxv.

92 2410 212 2459 Quod
252 2424 350 2450 vero
391 2409 544 2448 Auctor
595 2406 787 2447 chronici
830 2405 873 2447 ἐν
906 2405 980 2461 ἴσῳ
1011 2408 1064 2462 τῇ
1088 2401 1199 2461 νήσῳ
1244 2403 1442 2444 sublatum
1481 2405 1552 2453 ait,

92 2466 207 2507 Iesum
234 2467 338 2506 forte
367 2465 609 2506 intellexerit
640 2463 858 2503 Dalmatiae
886 2462 1081 2512 Insulam,
1113 2461 1162 2502 de
1192 2475 1271 2514 qua
1290 2461 1452 2513 copiose
1473 2460 1553 2511 egit

90 2523 260 2563 Joannes
290 2525 434 2563 Lucius
463 2523 532 2562 lib.
562 2536 589 2564 1.
617 2521 667 2560 de
693 2522 827 2572 Regno
857 2519 1076 2558 Dalmatiae
1104 2525 1142 2558 et
1175 2518 1355 2557 Croatiae
1378 2530 1466 2570 pag.
1485 2519 1551 2558 10.

92 2579 163 2618 ubi
188 2581 384 2631 relegatus
413 2580 563 2633 primo,
602 2577 746 2617 deinde
784 2575 998 2616 translatus
1027 2575 1265 2625 Flammam,
1302 2574 1359 2614 ibi
1386 2572 1552 2612 interse-

96 2642 181 2675 ctus
212 2637 343 2678 suerit.
402 2639 546 2690 Ιστροῦ
566 2635 706 2688 oppidi
727 2633 906 2674 meminit
924 2634 1096 2684 Symeon
1113 2631 1326 2683 Logotheta
1341 2630 1385 2669 in
1405 2629 1553 2675 chron,

95 2692 174 2731 MS.
207 2693 316 2744 quod
344 2690 426 2735 v‘mi
454 2694 661 2744 Μιλησίου
692 2691 898 2731 conditum
930 2689 996 2728 ait.
1066 2688 1258 2740 Georgius
1297 2686 1550 2726 Hamartolus

93 2750 136 2787 in
166 2747 313 2790 chron.
345 2750 426 2788 MS.
455 2750 524 2788 ubi
554 2749 603 2788 de
641 2749 762 2788 caede
792 2747 920 2787 Galli:
960 2748 1104 2787 τοῦτον
1133 2738 1492 2798 μεταπεμψάμενος
1523 2740 1550 2784 o‘

96 2801 380 2854 Κωνστᾶντιος
399 2805 490 2859 περὶ
509 2802 697 2858 Θαλάμον
721 2801 849 2856 αὐτὴν
876 2806 1006 2856 νῆσον
1035 2799 1305 2856 ἀναιρεθῆναι
1337 2798 1549 2842 ἐκέλευσεν.

98 2860 175 2900 Ubi
203 2862 306 2902 forte
334 2863 407 2915 leg.
435 2862 526 2916 περὶ
550 2865 747 2904 Φλανῶνα
768 2859 844 2915 τήν
862 2863 1000 2914 νῆσον.
