1820 3276
443 215 503 260 IN
536 215 867 262 CHRONICON
898 214 1189 264 PESCHALE.
1461 218 1565 267 483

92 324 299 364 ΠΟΛΛΩ
337 327 446 365 ΚΑΙ
478 323 705 368 ΟΦΟΔΡΩ
741 330 1107 370 ΡΗΓΝΊ-’ΜΕΝΗ
1130 327 1441 370 ΕΚΠΕΟΕΙΝ
1467 332 1566 371 ΚΑ.

95 379 439 421 ἸῊΝΑΓΚΑΟΕ
465 385 694 423 ΠΤΡΙῸΝ
712 387 791 425 ΕΚ
812 387 1052 427 ΒΑΘΡΩΝ
1066 384 1382 427 BAGIAEIOG
1410 389 1565 428 ΗΓΕΙ-

91 438 164 478 PE
195 434 464 478 EYGEBHG
487 438 656 483 ΑΝΑΞ.
868 443 873 451 ’

90 508 93 510 ·
205 492 302 545 Pag·
330 497 424 537 700.
452 494 493 536 4.
548 493 762 549 Βόνωσος]
792 497 974 537 Bonosus
1004 499 1149 537 Comes
1178 498 1359 538 Orientis
1384 506 1425 539 et
1446 500 1564 538 Cotto

87 549 275 601 Magister
314 551 506 600 militum,
549 566 667 604 quem
702 554 904 606 Coponem
944 561 1064 594 vocat
1101 555 1325 607 cedrenus,
1369 557 1566 596 adversus

86 606 257 646 rebelles
285 607 489 647 Hebraeos
519 610 630 648 missi
669 624 691 648 a
729 610 855 661 Foca,
903 611 998 650 illos
1036 618 1104 651 aut
1141 613 1455 661 interfecerunt,
1495 620 1567 652 aut

85 664 276 758 msmbris
311 666 572 717 mutilarunt,
619 673 689 706 aut
729 666 901 720 denique
930 682 980 707 ex
1007 669 1109 708 urbe
1140 676 1372 720 exegerunt.
1429 669 1566 710 Theo·-

85 733 112 772 p
143 734 207 759 an.

201 777 297 829 Pag·
326 781 422 821 700.
452 783 493 822 7.
555 782 647 821 Τῶν
675 779 927 834 Καισαρίου]
960 781 1306 835 constantinopol.
1326 782 1471 825 Christ.
1495 784 1565 823 lib.

86 846 133 875 n.
164 840 264 874 sect.
294 847 378 873 xv1.
409 849 448 877 n.
477 849 578 876 xvn.

199 890 298 941 Pag-
325 895 423 934 700.
454 895 493 936 8.
552 892 630 941 Εἰς
658 890 726 934 τὸν
756 895 972 935 Ισυλιανοῦ
1000 892 1167 947 λιμένα]
1198 894 1304 935 [bid.
1324 895 1395 935 lib.
1419 910 1446 934 ι.
1468 903 1564 935 sect.

83 959 176 987 mo
207 960 247 988 n.
279 961 310 986 10

199 1003 296 1054 Pag.
326 1004 423 1047 700.
453 1006 494 1047 9.
556 1002 614 1046 Τὰ
634 1002 830 1060 λεγόμενα
852 1002 1062 1061 Μαύρου]
1093 1007 1278 1049 Ιῑῑίἀ.“Ιί1).
1299 1021 1342 1048 11.
1362 1014 1458 1047 sect.
1477 1021 1565 1047 xv1.

83 1074 127 1100 n.
147 1073 294 1100 xxxin.

197 1117 292 1168 Pag.
323 1119 420 1160 700.
459 1117 524 1160 14.
588 1113 773 1171 Φοότιος]
812 1119 875 1158 Ita
914 1118 1166 1172 Nicephorus
1206 1120 1248 1158 in
1289 1120 1408 1159 Brev.
1444 1134 1565 1171 quem

86 1171 290 1215 Φωτεινόν
318 1179 469 1212 vocant
507 1174 677 1227 Glycas,
716 1175 871 1215 Auctor
908 1175 1098 1215 Chronici
1123 1177 1204 1218 MS.
1233 1175 1283 1215 ab
1323 1176 1477 1216 Adamo
1514 1177 1565 1216 ad

81 1231 255 1270 Leonem
274 1230 528 1282 Sapientem,
549 1237 590 1271 et
609 1232 806 1284 Georgius
826 1232 1069 1282 Monachus,
1101 1233 1216 1286 cujus
1237 1233 1357 1272 uxori
1378 1239 1565 1286 stuprum

79 1286 209 1326 Focas
243 1287 448 1327 intulerat.

195 1343 293 1396 Pag.
321 1347 418 1387 700.
450 1346 517 1388 15.
579 1345 671 1386 Ταῖν
691 1344 932 1397 mamaeae]
956 1345 1305 1398 constantinopol.
1329 1344 1474 1387 Christ.
1496 1345 1565 1385 hb.

81 1414 127 1438 u.
164 1407 261 1440 sect.
292 1413 352 1440 V1.
386 1414 429 1440 n.
458 1415 487 1440 1.

195 1457 291 1509 Pag.
320 1461 420 1501 701.
449 1461 492 1502 9.
556 1460 641 1499 Τοῦ
672 1453 869 1511 Επᾶρχου
897 1460 971 1511 τῆς
1000 1454 1176 1510 πόλεως]
1225 1458 1479 1510 Constantis,
1519 1465 1566 1498 ut

57 1518 143 1553 ‹est
170 1514 282 1567 apud
310 1513 599 1568 Theophanem
628 1528 737 1554 anno
762 1527 835 1555 vn.
862 1515 1016 1566 Focae,
1045 1515 1111 1554 cui
1136 1516 1331 1556 successit
1359 1516 1564 1564 Leontius,

57 1570 133 1609 *de
169 1584 250 1624 quo
289 1571 447 1612 Auctor
485 1571 679 1612 chronici
717 1585 825 1612 anno
861 1585 902 1613 v.
931 1571 1133 1622 Heraclii,
1170 1578 1211 1612 et
1239 1571 1493 1626 Nicephorus
1522 1573 1565 1612 in

79 1627 200 1671 BreV.
322 1656 325 1659 -
875 1669 879 1677 ,

193 1684 291 1735 Pag.
320 1687 418 1727 701.
450 1683 518 1727 15.
578 1683 663 1726 Καὶ
698 1687 772 1737 τῆς
809 1681 963 1733 εἰκόνος
1003 1683 1158 1736 Φωκᾶ]
1202 1683 1303 1724 Vide
1341 1684 1564 1738 Theopha-

79 1752 172 1780 nem
208 1747 249 1781 et
279 1740 499 1793 Georgium
527 1740 784 1781 Monachum.
841 1740 1099 1794 Nicephorus
1126 1741 1474 1795 constantinopol.
1513 1741 1564 1782 de

78 1795 244 1851 Crispo:
278 1797 381 1839 Επεὶ
418 1794 683 1851 ἆπηχθάνετο
711 1800 861 1849 mma,
891 1797 947 1846 ὥς
964 1795 1016 1851 δή
1041 1797 1365 1866 παρὐβρισμὲνος
1383 1794 1449 1839 ὑπ’
1466 1799 1565 1840 ἐκεί-

82 1869 158 1895 νου
187 1850 421 1908 τυγχάνων,
448 1858 522 1908 τῆς
556 1854 707 1903 οἰκείας
736 1851 893 1904 εἰκόνος
915 1854 1071 1904 ἕνεκεν,
1099 1870 1155 1907 ην
1174 1870 1272 1897 ποτε
1289 1855 1333 1897 οἱ
1354 1858 1435 1897 τῶν
1455 1852 1563 1896 ἅντι-

79 1909 214 1952 θέτων
244 1907 466 1965 χρωμάτων
493 1913 678 1965 &quam
700 1914 753 1968 τῇ
784 1914 859 1953 τοῦ
889 1913 1016 1954 Φωκᾶ
1043 1910 1393 1966 συμπαρέγραψαν
1423 1908 1560 1962 εἰκόνι,

77 1963 206 2010 αὐτὸν
232 1965 455 2022 ‘semime-to.

194 2024 290 2075 Pag-
318 2028 414 2067 701.
446 2028 514 2070 18.
577 2024 662 2066 Καὶ
689 2021 734 2066 τό
765 2023 936 2066 Βὲνετον
964 2020 1149 2078 βάνδον]
1190 2024 1389 2064 Faverunt
1417 2037 1561 2077 nempe

80 2081 224 2122 Veneti
251 2082 404 2132 Focae,
447 2087 589 2122 contra
622 2094 743 2134 quam
776 2082 953 2131 Pasini,
994 2081 1064 2134 qui
1094 2095 1141 2120 eo
1171 2093 1276 2125 anno
1307 2095 1388 2133 quo
1417 2082 1562 2134 Impe-

80 2139 142 2178 rio
172 2144 213 2178 et
239 2138 325 2178 vita
355 2138 528 2184 excidit,
560 2152 654 2177 cum
680 2139 723 2178 in
754 2138 1011 2178 Circensibus
1039 2138 1147 2177 ludis
1177 2137 1316 2176 multis
1346 2144 1561 2177 contume-

81 2196 147 2235 liis
172 2194 462 2248 proscidissent
490 2196 654 2245 Focam,
684 2194 735 2234 ab
767 2209 816 2235 eo
845 2195 1022 2246 graviter
1050 2194 1235 2234 mulctati
1261 2195 1438 2244 fuerant,
1470 2194 1560 2233 aliis

81 2252 214 2305 capite
246 2257 288 2291 et
314 2252 552 2304 suspendio,
582 2251 670 2290 aliis
692 2253 734 2290 iu
764 2265 874 2291 mare
904 2251 1114 2302 demersis,
1144 2251 1310 2290 caeteris
1334 2251 1507 2303 denique
1536 2266 1559 2289 a

80 2308 254 2362 publicis
280 2308 514 2348 muneribus
547 2308 704 2348 amotis.

194 2365 289 2416 Pag.
318 2368 414 2408 701.
446 2368 508 2408 19.
567 2363 822 2419 Homul-elev]
852 2363 1034 2404 Holnteu.
1063 2363 1178 2403 addit
1204 2360 1346 2416 μόνον.

195 2421 294 2472 Pag·
319 2425 416 2465 701.
445 2425 514 2465 20.
571 2418 663 2462 And
690 2416 741 2470 ζ’.
770 2419 841 2462 καὶ
869 2416 1016 2474 αὐτῆς,
1046 2420 1151 2473 etc.]
1182 2421 1268 2461 Hoc
1300 2421 1396 2460 loco
1425 2431 1557 2471 quae-

80 2484 180 2517 runt
215 2478 296 2518 viri
334 2478 595 2518 eruditissimi
633 2478 676 2517 in
713 2491 744 2517 r.
776 2477 946 2529 Exegesi
981 2477 1252 2531 praeliminari
1283 2477 1337 2516 ad
1364 2483 1462 2516 tom.
1486 2488 1556 2515 111.

75 2534 217 2574 Martii
244 2548 285 2575 n.
313 2548 430 2575 xxw.
465 2535 670 2588 quomodo
698 2534 838 2587 primis
868 2534 1046 2575 Heraclii
1075 2536 1188 2574 annis
1217 2535 1367 2573 factum
1397 2532 1472 2579 sit,
1511 2535 1557 2569 ut

77 2590 235 2644 jussum
270 2604 318 2630 ao
353 2599 612 2646 praeceptum
639 2591 793 2642 fuerit,¹
823 2597 872 2631 ut
899 2591 949 2631 ab
981 2592 1048 2632 die
1074 2605 1166 2632 xm.
1193 2590 1394 2639 Jauuarii,
1425 2598 1555 2639 usque

79 2648 125 2686 in
155 2647 248 2688 anni
276 2647 415 2700 finem,
453 2661 524 2690 xv.
558 2650 718 2689 Indictio
745 2653 780 2688 et
808 2649 1023 2689 eomulatm
1049 2648 1219 2688 Heraclii
1245 2647 1476 2684 scriberetur.-
1505 2657 1553 2683 ac

82 2704 241 2744 initium
287 2705 448 2757 quidem
496 2705 768 2745 Indictionum
804 2719 853 2745 a..
883 2705 1108 2759 Septemboei
1147 2704 1200 2744 ad
1242 2702 1354 2742 aliud
1394 2706 1554 2751 tempus

79 2761 321 2801 *translatum
348 2762 495 2812 fuerit,
532 2777 614 2803 non
641 2770 776 2803 tamen
803 2775 943 2802 earum
971 2763 1118 2815 Cyclas
1151 2773 1257 2799 anno
1285 2771 1370 2797 uno
1401 2757 1553 2795 accele-

83 2823 214 2868 ratus,
251 2818 344 2871 quia
380 2832 526 2873 nempe
561 2834 608 2861 11.
644 2819 821 2859 Heraclii
849 2833 980 2859 annus
1014 2832 1095 2858 non
1124 2817 1201 2856 fuit
1229 2815 1407 2867 signatus
1435 2812 1553 2856 Indi-

0 2923 1 2940 *
78 2874 218 2925 ctione
249 2887 277 2917 1.
310 2875 421 2927 quod
449 2876 563 2928 eycli
587 2889 627 2916 v.
656 2889 849 2925 numerus
884 2875 1103 2929 anticipato·
1124 2873 1314 2925 expletus
1346 2869 1551 2924 postulas-

1586 2594 1612 2628 V
1637 2594 1707 2630 553
