1884 3262
547 215 815 259 CHRONICI
848 215 1150 258 PASCHALIS.
1482 211 1581 257 217

112 328 199 368 Hoc
218 333 350 366 autem
372 327 491 366 modo
524 325 729 366 invenitur
754 326 873 377 hujus
905 326 996 365 festi
1025 326 1111 365 dies
1136 325 1352 364 seeundum
1383 324 1584 364 calculum

113 384 451 425 Ecclesiasticum.
519 383 720 432 Quaerere
762 390 922 436 oportet
957 383 1153 435 imprimis
1194 383 1363 435 Epactas
1401 382 1504 420 Solis
1543 388 1583 420 et

112 443 262 481 Lunae.
322 441 389 480 Sic
428 440 561 480 autein
597 441 853 479 invenientur
890 441 1066 492 Epactae
1095 439 1213 479 Solis.
1271 440 1332 478 Ab
1366 439 1585 477 indictione

112 499 245 552 prima
275 512 407 551 nuper
436 498 668 551 praeterita,
709 499 827 536 tertio
857 497 1045 535 nimirum
1077 511 1181 535 anno
1212 497 1341 535 nostri
1372 497 1454 535 Deo
1483 495 1587 547 grati

112 555 304 607 Imperii,
335 552 460 593 annos
491 567 624 592 omnes
656 553 886 606 oportet'in
916 567 1037 592 unam
1066 566 1259 591 summam
1289 553 1479 592 collectos
1509 565 1587 590 nu-

114 624 278 652 merare.
338 610 397 650 Ita
426 625 555 663 usque
585 611 636 649 ad
665 610 928 650 Indictionem
948 641 959 661 ‚
998 623 1099 662 quae
1126 609 1208 662 jam
1237 609 1352 648 adest
1371 640 1383 660 ‚
1414 608 1587 648 undeci-

114 683 240 718 mam,
271 668 517 720 colliguntur
547 668 639 706 anni
667 682 725 709 XI.
781 667 936 707 Horum
968 673 1150 719 quartam
1173 673 1354 718 partem,
1383 664 1588 705 binarium

115 726 291 774 scilicet,
331 723 524 778 accipies,
564 725 770 777 addesque
809 724 1099 778 superioribus.
1157 723 1226 761 Bis
1266 723 1370 762 enim
1415 729 1588 774 quatuor

81 797 206 823 ,vnn
246 790 349 823 sunt.
414 783 572 834 Reliqui
612 789 707 821 sunt
745 788 827 821 tres
868 793 1042 833 quorum
1083 787 1264 832 quartam
1304 786 1463 832 partem
1505 793 1589 818 non

116 839 298 892 accipies.
354 839 540 878 Indicant
569 840 673 878 enim
702 845 784 878 tres
815 839 873 877 illi
902 838 1049 891 reliqui
1082 844 1166 876 tres
1196 851 1320 876 annos
1345 851 1367 875 a
1387 837 1588 877 Bissexto.

115 897 268 945 Quarta
298 897 406 935 enim
432 904 546 949 parte
574 896 777 948 detracta,
819 910 921 948 quae
951 901 1217 947 supererunt,
1260 907 1330 933 seu
1361 907 1487 942 unus,
1518 906 1588 931 seu

101 954 220 1004 -duo,
251 967 322 992 seu
351 961 455 1000 tres,
493 968 618 993 annos
647 953 851 1003 indicant,
893 959 939 992 ut
969 951 1121 992 dictum
1151 958 1231 1001 est,
1270 952 1338 1003 qui
1369 950 1416 989 ab
1446 950 1588 988 ultimo

112 1011 296 1050 Bissexto
326 1011 566 1051 transierint.
626 1011 759 1060 Quare
787 1010 934 1049 horum
964 1024 1058 1063 pars
1089 1015 1231 1061 quarta
1252 1007 1487 1060 accipienda
1507 1021 1587 1045 non

114 1075 186 1109 est.
218 1068 325 1118 Ergo
356 1079 552 1107 annorum
583 1083 604 1108 a
635 1069 764 1121 prima
782 1068 1008 1106 Indictione
1027 1067 1288 1106 collectorum
1318 1079 1410 1117 pars
1431 1070 1589 1116 quarta,

112 1126 173 1164 uti
204 1124 402 1174 diximus,
451 1126 666 1164 Indictioni
695 1139 854 1178 semper
882 1125 1063 1163 addenda
1095 1123 1191 1173 erit,
1239 1130 1286 1161 ut
1313 1122 1356 1160 in
1395 1121 1473 1160 hac
1500 1122 1586 1173 ipsa

112 1182 494 1233 Indictione,-quae
520 1183 600 1234 jam
631 1182 763 1232 adest,
797 1197 855 1221 xl.
884 1197 977 1235 pars
998 1182 1083 1234 ejus
1105 1187 1269 1233 quarta,
1299 1193 1443 1232 nempe
1466 1177 1589 1217 bina-¹

113 1240 200 1280 rius
211 1254 222 1290 3
266 1239 451 1291 factaque
481 1240 708 1289 additione,
749 1247 914 1291 quartae
943 1240 1061 1278 unius
1089 1238 1224 1277 unitas
1254 1250 1396 1288 rursus
1427 1249 1588 1288 semper

116 1296 350 1344 eximend33
396 1303 479 1335 tum
510 1297 666 1348 reliqua
694 1310 767 1349 per
796 1310 867 1338 vu.
897 1296 1095 1348 partiere‚
1133 1303 1173 1334 et
1202 1308 1304 1347 quae
1338 1293 1482 1332 deinde
1513 1306 1586 1331 su-

115 1360 331 1407 pererunt,
377 1367 423 1391 ea
452 1355 555 1393 Solis
585 1355 757 1406 Epactas
788 1353 1023 1406 appellabis,
1091 1352 1278 1403 Exempli
1309 1352 1458 1401 gratia,
1507 1350 1589 1401 jam

115 1425 170 1450 Χῖ.
203 1416 263 1448 est
301 1425 321 1448 a
359 1411 487 1461 prima
529 1410 754 1449 Indictione
790 1424 931 1448 annus.
990 1410 1146 1448 Horum
1189 1414 1331 1461 quarta
1376 1421 1469 1459 pars
1508 1406 1592 1445 duo

117 1467 263 1520 quibus
293 1466 438 1506 additis
467 1468 566 1507 fiunt
594 1482 686 1508 xm.
728 1469 884 1506 Rursus
913 1468 1088 1516 unitate,
1118 1480 1191 1518 per
1215 1471 1449 1518 perpetuam
1470 1477 1594 1514 regu-

115 1525 218 1574 lam,
247 1523 426 1574 sublata,
457 1531 610 1564 restant
637 1539 713 1566 xu.
740 1524 812 1562 His
842 1539 918 1577 per
947 1538 1016 1565 vn.
1038 1524 1179 1562 divisis
1202 1527 1441 1575 supererunt
1466 1520 1595 1573 quin-

118 1594 196 1633 que
223 1596 300 1634 pro
329 1595 389 1621 xi.
419 1582 664 1632 Indictione‚
695 1581 797 1620 Solis
828 1581 1017 1634 Epactae.·
1074 1581 1140 1620 Sic
1171 1586 1303 1619 autem
1333 1579 1594 1630 reperiuntur

116 1640 291 1690 Epactae
316 1639 463 1679 Lunae.
505 1640 539 1677 A
557 1639 740 1680 Mauricii
760 1637 898 1678 beatae
919 1639 1133 1677 memoriae
1154 1637 1353 1689 Principis
1373 1635 1595 1674 Indictione

118 1709 267 1748 sepone
288 1709 412 1734 annos
432 1710 558 1748 usque
580 1697 631 1734 ad
651 1711 711 1737 xx.
737 1696 1002 1735 Indictionem
1020 1708 1167 1734 xxxlv.
1229 1693 1439 1745 Quotquot
1461 1698 1595 1730 autem

118 1752 270 1804 reperti
291 1753 442 1792 fuerint
457 1767 546 1792 xix.
570 1767 765 1793 annorum
784 1754 896 1805 cycli
921 1754 979 1792 illi
999 1767 1049 1792 ex
1066 1765 1261 1790 annorum
1281 1749 1488 1802 praedicta
1508 1749 1596 1787 col-

118 1809 292 1848 lectione
320 1810 575 1862 detrahendi,
600 1811 669 1863 qui
692 1818 824 1864 autem
848 1817 1091 1863 supererunt
1116 1823 1190 1861 per
1207 1822 1264 1849 xl.
1283 1805 1595 1860 multiplicandi,

119 1867 213 1905 inde
246 1881 400 1906 menses
429 1882 527 1907 xxx.
558 1869 714 1907 dierum
747 1882 883 1907 omnes
922 1866 1191 1914 detrahendi,
1230 1878 1400 1904 numero
1435 1863 1597 1914 reliquo

119 1924 296 1976 Epactae
326 1926 461 1963 Lunae
491 1926 757 1978 reperientur.
817 1925 883 1964 Sic
913 1926 962 1964 ab
991 1931 1156 1974 octava,
1187 1923 1247 1961 uti
1272 1923 1446 1971 dictum,
1476 1920 1595 1958 Indi-

122 1981 257 2019 ctione
289 1981 339 2019 ad
373 1982 504 2032 illam,
536 1996 637 2034 quae
661 1982 742 2035 jam
767 1983 911 2032 instat,
944 1982 1194 2020 undecimam
1221 1993 1346 2019 annos
1371 1978 1595 2030 accipimus

121 2052 262 2077 xxxiv.
301 2038 372 2094 His
391 2052 473 2077 uno
496 2040 620 2092 Cyclo
641 2039 979 2078 novendecennali
1000 2039 1202 2078 subducto
1217 2067 1229 2086 ,
1262 2036 1480 2075 manebunt
1500 2034 1596 2074 anni

123 2108 191 2134 xv.
223 2095 318 2133 Illos
340 2095 374 2133 si
395 2110 469 2148 per
487 2110 542 2136 m.
563 2097 827 2148 multiplices,
856 2097 954 2136 dant
972 2111 1099 2135 annos
1122 2109 1238 2134 cnxv.
1277 2095 1383 2132 Hinc
1402 2091 1596 2130 subduci-

125 2165 215 2191 mus
235 2166 390 2191 menses
414 2167 508 2191 ⁴xxx.
531 2153 710 2203 dierum,
739 2153 784 2191 id
808 2160 868 2192 est
894 2155 1103 2206 quinquies
1125 2153 1314 2203 triginta,
1344 2153 1453 2200 (seu,
1486 2150 1596 2202 quod

128 2209 265 2247 eodem
287 2207 409 2261 redit)
444 2210 529 2248 dies
551 2225 611 2249 eL.
630 2211 684 2249 ita
716 2211 933 2249 manebunt
955 2212 1037 2250 dies
1060 2225 1131 2250 xv.
1161 2224 1236 2269 pro
1258 2209 1420 2262 Epactis
1448 2209 1596 2249 Lunae.

128 2267 254 2305 Porro
285 2267 447 2319 Epactis
479 2269 612 2306 Lunae
645 2268 729 2305 dies
762 2280 852 2306 vm.
880 2283 1036 2320 semper
1064 2267 1270 2306 addendae
1297 2273 1403 2305 sunt.
1464 2266 1598 2313 Quare

129 2337 220 2361 cum
243 2323 283 2361 in
308 2338 351 2362 ea
375 2338 476 2375 quae
493 2325 573 2376 jam
593 2325 703 2364 adest
725 2338 782 2365 XI.
800 2325 1021 2363 Indictione
1041 2326 1209 2377 Epactas
1227 2325 1360 2362 Lunae
1379 2322 1598 2361 habeamus

129 2394 198 2419 xv.
216 2387 306 2418 octo
327 2389 533 2434 praeterea
556 2381 641 2420 dies
661 2381 867 2431 addimus,
886 2379 1061 2434 fientque
1082 2395 1249 2420 numero
1271 2395 1391 2419 xxm.
1421 2380 1500 2418 Pro
1519 2379 1599 2417 hoc

130 2444 260 2475 autem
279 2452 444 2477 numero
459 2439 572 2477 illum
594 2452 750 2491 semper
770 2439 951 2490 accipere
974 2446 1133 2490 oportet
1152 2453 1231 2490 quo
1251 2438 1386 2477 deficit
1403 2450 1600 2476 anumero

131 2494 285 2532 dierum
305 2509 415 2550 ξων.
437 2510 580 2548 nempe
603 2510 813 2534 numerum
839 2510 926 2538 xxr.
952 2497 1182 2547 indicatque
1210 2496 1342 2534 Martii
1360 2510 1449 2536 xxl.
1478 2494 1600 2544 hujus

130 2550 369 2603 Indictionis
392 2566 448 2590 xi.
469 2554 619 2592 Lunam
641 2554 728 2591 sore
746 2567 832 2592 xiv.
863 2554 914 2592 Et
940 2553 1103 2605 quidem
1119 2554 1250 2590 Lunae
1269 2566 1354 2592 xiv.
1376 2554 1432 2591 ita
1457 2551 1602 2589 obser-

133 2608 265 2646 vanda
294 2615 364 2647 est.
426 2611 505 2648 Seu
538 2611 642 2649 enim
676 2610 924 2649 octonarium
943 2617 1125 2662 superet,
1160 2623 1348 2648 numerus
1367 2609 1400 2648 ei
1423 2608 1603 2661 geminus

135 2678 217 2715 quo
245 2665 380 2704 deficit
399 2682 420 2705 a
442 2681 554 2708 xmv.
578 2682 652 2720 pro
677 2667 740 2706 die
763 2668 894 2706 Martii
930 2667 1186 2719 accipiendus
1214 2674 1295 2715 est3
1326 2680 1396 2705 seu
1414 2667 1463 2705 ab
1488 2671 1604 2703 octo-

135 2722 248 2759 nario
272 2722 431 2761 deficiat
443 2754 454 2773 ‚
486 2724 755 2775 colligendum
778 2725 870 2763 inde
890 2725 929 2763 in
951 2725 1130 2778 Aprilem
1149 2724 1326 2762 incidere
1345 2725 1496 2762 Lunam
1516 2735 1607 2762 xiv.

134 2777 188 2816 Et
214 2779 372 2829 quidem
398 2781 431 2818 si
448 2781 500 2819 sit
516 2781 668 2833 Aprilis
688 2796 778 2822 vul.
799 2783 952 2833 minor,
986 2797 1006 2821 e
1033 2782 1191 2834 reliquo
1214 2794 1378 2819 numero
1401 2794 1482 2832 quo
1502 2779 1605 2818 defi-

137 2834 193 2873 cit
216 2835 265 2873 ad
282 2849 394 2877 xmv.
423 2851 580 2891 semper
610 2839 742 2878 unitas
775 2839 1021 2878 detrahenda
1043 2845 1126 2889 est,
1152 2839 1331 2890 reliquus
1360 2839 1434 2878 erit
1455 2837 1627 2890 Aprilis¹
