1884 3262
302 223 397 270 118
621 221 864 265 SELEGTA
891 222 965 265 AD
991 220 1481 265 ILLUSTRATIONEM

956 519 958 521 ·
980 491 1104 546 VII.

419 673 551 715 Ιστέυν
584 670 628 713 δὲ
655 671 723 712 καὶ
748 675 888 722 τοῦτο,
925 668 986 714 ’ὅτι
1016 670 1352 740 τριακοντατρίων
1381 668 1481 709 ἒτων
1507 664 1718 721 γενόμενος
1745 666 1770 708 6

307 730 482 798 Χριστὸς
505 727 605 771 κατά
635 744 711 798 την
740 725 1050 782 ἐνυπάρχουσαν
1084 724 1212 768 αὐτοῦ
1241 725 1308 768 ἐπὶ
1337 728 1411 777 τῆς
1444 727 1519 793 γῆς
1544 725 1772 778 παρουσίαν

304 784 564 841 ἐσταυρώθη,
594 785 662 826 καὶ
684 781 891 826 οἷπεθανεν
920 801 976 833 ως
997 783 1263 854 ανθρωπος,
1259 783 1329 823 καὶ
1343 785 1464 822 τοῦτο
1488 777 1771 833 αναμφίβολον

302 842 413 914 παρά
442 856 569 884 πασιν
597 843 715 883 ἐστίν.
776 843 829 883 Οἱ
855 838 930 883 οὖν
951 841 1130 908 λέγοντες
1150 838 1212 882 ότι
1238 838 1263 880 6
1287 837 1458 907 Χριστός
1474 834 1680 891 ἐγεννήθη
1697 835 1772 889 μὲν

303 898 349 941 vo*
375 917 474 940 κατα
505 897 633 966 σάρκα
659 898 738 940 ἐν’
725 898 800 939 ε’τει
822 897 912 951 mys,
941 895 1178 951 ἐσταυρώθη
1209 894 1252 938 δὲ
1284 891 1523 942 ακολούθως
1554 894 1637 935 ἐν’
1623 894 1700 935 ε’τει
1716 895 1773 949 τῷ

159 968 188 1002 P
211 964 281 1003 425
304 953 427 1010 ,εφλγ’
447 953 671 1008 ψεύδονται
696 952 959 1007 σφαλλοντες·
991 955 1060 995 καὶ
1078 957 1191 1002 πῶς,
1215 949 1349 1004 σαφής
1370 950 1399 1003 ’ἡ
1419 947 1635 1000 ἀπόδειξις.
1661 934 1772 1019 2056-

304 1012 596 1065 ψηφιζομένων
615 1028 690 1065 γαρ
710 1027 864 1052 τουτων
881 1015 964 1052 τῶν
983 1012 1024 1060 ἐξ
1053 1007 1176 1063 άρχῆς
1203 1024 1395 1049 απαντων
1418 1008 1519 1048 ἔτων
1534 1011 1616 1047 τῶν
1634 1003 1771 1074 ,εφλγζ

304 1070 375 1110 καὶ
391 1068 735 1136 περιοδευομένων
755 1068 821 1109 ἐπὶ
842 1072 924 1109 τῶν
946 1066 1160 1109 δεκαεννέα
1188 1063 1412 1134 (τοσοῦτον
1425 1060 1501 1124 γάρ
1524 1065 1625 1104 εἰσιν
1644 1064 1687 1104 οἷ
1703 1059 1773 1104 κύ-

305 1129 394 1167 κλοι
426 1129 499 1177 τῆς
530 1121 723 1177 σελήνης)
761 1124 986 1178 ευρίσκεται
1018 1121 1349 1176 ὁμολογουμένως
1370 1120 1554 1188 τέταρτος
1573 1119 1597 1161 o‘
1625 1116 1774 1168 κύκλος

307 1185 380 1234 τῆς
411 1178 582 1234 σελήνης
612 1181 656 1222 ἒν
685 1181 824 1236 ἐκείνῳ
851 1185 906 1234 τῷ
940 1181 1035 1230 ε’τει,
1072 1178 1201 1234 ἤγουν
1231 1181 1285 1233 τῷ
1313 1174 1449 1230 ,εφλγ’.
1512 1172 1709 1247 Τετάρτου
1729 1173 1774 1217 δὲ

307 1237 421 1286 ὄντος
452 1239 495 1279 ἐκ
522 1235 673 1286 παντός
691 1223 840 1277 κύκλου
861 1253 915 1277 τω
938 1234 1021 1278 τότε
1041 1240 1113 1288 τῆς
1135 1220 1328 1286 σελήνης,
1361 1233 1594 1302 εὑρίσκεται
1612 1230 1680 1273 δια
1700 1235 1774 1286 τῆς

308 1290 528 1335 ἆπταίστου
545 1295 619 1334 τοῦ
644 1295 872 1345 Πασχαλίου
888 1279 1039 1346 ψήφου
1058 1291 1101 1333 τὸ
1126 1288 1271 1343 Πασχα
1284 1288 1328 1331 τὸ
1352 1288 1522 1358 νομικόν
1541 1285 1647 1345 αυτῇ
1666 1305 1775 1358 τρια-

306 1354 433 1406 κοστῇ
467 1353 541 1392 τοῦ
566 1351 750 1420 Μαρτίου
779 1347 906 1402 μηνός
929 1348 1149 1403 γενομένου
1177 1362 1278 1388 κατα
1308 1345 1405 1417 τήν(
1419 1342 1462 1386 ιε’
1493 1349 1566 1398 τῆς
1590 1342 1775 1415 σελήνης,

310 1392 495 1458 δηλονότι
512 1405 658 1478 ημέρα.
696 1408 770 1446 Οτε
788 1405 832 1446 δὲ
847 1405 1000 1447 ε’παθεν
1022 1404 1047 1447 6
1065 1402 1234 1459 Χριστὸς
1252 1401 1355 1456 νπὲρ
1376 1401 1494 1474 ήμων
1513 1400 1558 1443 τό
1577 1399 1775 1470 σωτήριον

308 1459 468 1512 πάθος,
499 1460 658 1529 εἰκοστή
675 1463 786 1516 τρίτη
806 1457 861 1515 ήν
878 1477 951 1504 του
970 1463 1162 1516 Μαρτίου
1186 1458 1328 1513 μηνὸς,
1348 1459 1416 1499 καὶ
1438 1456 1488 1500 ιδ’
1502 1462 1576 1510 τῆς
1591 1456 1775 1512 σελήνης,

162 1535 191 1568 v
215 1530 282 1570 341
310 1519 456 1575 ἑσπέρα
483 1515 677 1591 δηλονότιο
698 1522 772 1560 τοῦ
797 1516 942 1572 Πάσχα
971 1522 1044 1560 τοῦ
1075 1520 1268 1570 νομικοῦ,
1299 1514 1323 1557 6
1341 1515 1410 1556 καὶ
1439 1513 1655 1569 προλαβών
1677 1516 1775 1568 μίαν

306 1575 463 1630 ’ἡμέραν
487 1575 632 1630 ε’φαγεν
651 1575 677 1627 6
682 1573 865 1645 Χριστὸς
886 1591 983 1628 μετα
1006 1578 1088 1615 τῶν
1110 1576 1309 1627 μαθνητων
1335 1569 1484 1623 αυτοῦ,
1516 1570 1583 1614 διοῖ
1600 1570 1656 1614 vo*
1686 1571 1774 1625 μέλ-

308 1637 394 1674 λειν
431 1635 640 1688 τελευταν,
674 1630 802 1700 η’γουν
827 1635 893 1700 τῇ
920 1629 1070 1701 μεγάλη
1100 1630 1281 1689 πέμπτη,
1319 1633 1375 1685 τῷ
1399 1625 1460 1682 κβ’
1481 1632 1555 1670 τοῦ
1583 1629 1774 1697 Μαρτίου

310 1686 475 1760 ‘NJffdss'
492 1688 561 1729 καὶ
582 1686 630 1742 ιγ’
649 1691 721 1741 τῆς
744 1685 927 1741 σελήνης.
991 1673 1130 1736 Ουτως
1155 1689 1233 1728 οὐν
1254 1685 1505 1740 ευρίσκονται
1532 1682 1778 1737 σφάλλοντες

308 1744 402 1799 περὶ
430 1743 502 1786 τόν
532 1742 672 1797 καιρὸν
695 1749 768 1797 τῆς
795 1761 896 1785 κατα
925 1741 1056 1799 σάρκα
1077 1740 1304 1812 γεννήσεως
1327 1746 1401 1783 τοῦ
1417 1745 1616 1808 Χριστοῦ,
1649 1742 1692 1783 οἰ
1718 1740 1776 1783 λέ·

308 1816 447 1856 γοντες
472 1798 598 1842 αὐτόν
624 1801 668 1842 ἐν
698 1801 772 1843 ἔτει
793 1799 871 1851 ,εφ’
891 1804 1166 1855 γεννηθῆναι,
1196 1796 1278 1840 άπό
1304 1802 1378 1839 τοῦ
1402 1811 1672 1852 προσκρουειν
1699 1795 1776 1851 τήν

310 1861 462 1928 ψηφον
489 1873 562 1899 του
586 1861 757 1910 νομικοῦ
776 1854 943 1910 Πάσχα,
972 1874 1040 1898 και
1062 1857 1350 1898 ἐναντιουσθαι
1371 1859 1459 1903 ταῖς
1479 1859 1677 1909 γραφαῖς,
1706 1854 1776 1896 και

310 1919 395 1962 τοῖς
426 1912 761 1983 ὁμολογουμένοις
789 1914 834 1955 ἐν
859 1917 917 1970 τῷ
938 1911 1066 1954 πάθει
1091 1928 1164 1954 του
1184 1914 1375 1965 Σωτῆρος
1404 1907 1776 1979 xapaxokovfflf‘w-

313 1983 390 2011 σιν.
451 1971 504 2011 Οἱ
521 1970 567 2011 δέ
585 1986 631 2025 γε
649 1956 930 2038 ακριβέστερον
947 1967 1254 2037 ἀναγράψαντες
1270 1984 1366 2016 τους
1391 1964 1586 2022 χρόνους,
1614 1968 1685 2009 καὶ
1688 1983 1776 2036 της

313 2023 508 2079 ἀληθείας
527 2043 582 2075 ως
603 2027 744 2079 ἐπίσης
763 2023 942 2080 ἐχόμενοι
954 2057 965 2078 ,
977 2022 1210 2097 λέγουσιν
1200 2022 1258 2066 ότι
1274 2042 1302 2094 η
1324 2023 1397 2078 μὲν
1417 2028 1493 2066 τοῦ
1509 2027 1618 2066 Θεου
1632 2021 1774 2078 Λόγου

311 2081 625 2153 ἔνανθρώπησις
640 2083 777 2150 γέγονε
796 2084 842 2124 ἐν
869 2084 945 2125 ἔτει
962 2079 1042 2124 άπὸ
1062 2083 1225 2131 κτίσεως
1253 2079 1408 2134 κόσμου
1427 2078 1541 2133 ,εφς’,
1569 2078 1616 2122 vd
1634 2079 1678 2122 δὲ
1699 2093 1774 2122 σω-

312 2138 453 2193 τήριον
471 2136 601 2181 ου’τοῦ
619 2137 777 2190 πάθος,
807 2140 894 2181 ἐπει
922 2136 1138 2193 τριάκοντα
1167 2143 1272 2192 τρεῖς
1296 2135 1467 2211 χρόνους
1486 2154 1582 2187 τους
1606 2134 1774 2188 πάντας,
1821 2162 1824 2166 «

313 2213 367 2243 ως
390 2193 660 2268 ωμολόγηται,
692 2193 924 2254 ανεστράφη
944 2196 1010 2238 ἐπὶ
1025 2199 1098 2248 τῆς
1115 2199 1212 2250 γῆς,
1240 2195 1321 2236 ἐν’
1308 2195 1383 2235 ε’τει
1403 2192 1547 2246 ,εφλθ’.
1587 2195 1775 2246 Οπηνίκα

313 2251 358 2293 δὲ
373 2253 441 2293 καὶ
461 2252 683 2320 ευρίσκεται
701 2250 864 2302 δέκατος
883 2252 1112 2321 προτρέχων
1135 2255 1211 2304 τῆς
1229 2248 1400 2304 σελήνης
1418 2249 1588 2301 κύκλος,
1617 2250 1661 2292 ἐν
1679 2247 1777 2292 τού-

313 2324 368 2364 τῳ
395 2308 440 2350 δὲ
466 2306 752 2362 ψηφιζόμενον
777 2307 821 2350 τὸ
849 2307 994 2363 Πάσχα
1019 2308 1253 2376 ευρίσκεται
1270 2308 1314 2349 ἐν
1336 2325 1384 2364 τη
1408 2304 1470 2349 κδ’
1487 2311 1562 2350 τοῦ
1580 2307 1774 2376 Μαρτίου

313 2363 443 2433 μηνός
462 2364 695 2419 γινόμενον,
725 2381 809 2407 τστε
830 2382 905 2434 γαρ
927 2366 1089 2421 φέρεται
1095 2365 1136 2433 ἦ
1160 2361 1308 2433 σελήνη
1336 2365 1383 2406 ἐν
1394 2364 1528 2432 ήμέρα
1544 2365 1771 2434 σαββατου·

313 2421 383 2462 καὶ
401 2418 528 2470 οὕτως
557 2423 743 2474 φαίνεται
770 2419 960 2463 συνάδειν
990 2422 1014 2464 6
1034 2418 1180 2493 χρόνος
1197 2419 1308 2477 πάση
1337 2424 1388 2476 τῇ
1414 2417 1500 2463 τότε
1533 2417 1774 2475 ακολουθία.

313 2481 379 2518 Εν
397 2494 474 2532 γαρ
494 2495 542 2535 τη
565 2475 623 2532 κγ’
642 2482 717 2520 τοῦ
742 2481 930 2547 Μαρτίου
959 2477 1108 2533 μηνός,
1137 2477 1190 2519 ιδ’
1209 2494 1283 2549 της
1300 2474 1507 2550 σελήνης,
1534 2476 1666 2531 ἡμέρᾳ
1685 2479 1774 2516 Πα-

315 2538 493 2591 ρασκευῇ
510 2532 553 2576 τὸ
573 2532 770 2588 σωτήριον
787 2532 925 2584 πάθος
941 2535 1082 2588 ἐπέστη
1101 2533 1312 2588 Χριστὸς”
1292 2551 1313 2576 o
1327 2532 1428 2584 Θεᾶς
1441 2533 1573 2604 ημῶν,
1590 2535 1643 2590 τῇ
1659 2531 1774 2574 ἕσπέ-

316 2607 368 2647 ρα
399 2588 553 2644 δηλαδη
580 2595 656 2633 τοῦ
683 2607 852 2645 νομικου
875 2589 1042 2645 Πάσχα,
1083 2591 1153 2633 καὶ
1179 2607 1244 2660 τη
1258 2588 1313 2632 κε’
1331 2607 1403 2633 του
1431 2605 1556 2632 amm>
1579 2589 1775 2644 Μαρτίου

316 2645 442 2699 μηνὸς
468 2645 634 2701 ανέστη,
665 2646 762 2718 μετὰ
777 2652 886 2718 τρεῖς
913 2645 1100 2701 δηλονότι
1125 2651 1199 2689 τοῦ
1218 2644 1443 2689 άποθανεῖν
1468 2645 1645 2700 ἡμέρας,
1672 2657 1771 2687 συν·

316 2700 530 2756 τρεχόντων
550 2704 627 2745 ἐπὶ
636 2702 680 2746 vd
693 2701 788 2746 αυτὸ
805 2704 873 2745 καὶ
891 2720 974 2745 των
997 2702 1126 2745 ἄλλων
1145 2702 1335 2745 ἁπάντων
1355 2707 1430 2745 τοῦ
1448 2705 1594 2756 καιροῦ
1613 2701 1768 2742 ἐκείνου

320 2756 684 2830 παρατηρημάτων,
712 2776 812 2802 κατα
837 2758 905 2802 τὸν
931 2762 1194 2814 προκείμενον
1219 2763 1292 2801 τοῦ
1320 2764 1451 2811 σοφοῦ
1482 2754 1769 2829 Χρυσοστόμου

319 2811 568 2882 άκριβασμὸν
592 2821 664 2870 τῆς
691 2833 730 2858 τε
764 2818 971 2884 ἰσημερίας
992 2833 1058 2858 και
1090 2820 1164 2869 τῆς
1192 2813 1476 2870 πανσελήνου,
1513 2813 1582 2856 καὶ
1609 2816 1682 2866 τῆς
1708 2813 1768 2855 ἔκ-
1835 2844 1841 2853 .

318 2868 504 2922 πτώσεως
521 2877 596 2915 τοῦ
613 2871 941 2949 πρωτοπλάστου,
971 2873 1039 2915 καὶ
1057 2876 1198 2915 πασῶν
1216 2889 1297 2914 των
1323 2876 1474 2916 λοιπῶν
1493 2872 1767 2924 προθεσμιαῖν,
