1884 3262
295 230 390 277 162
612 225 856 270 SELEGTA
882 225 957 267 AD
990 223 1482 268 ILLUSTRATIONEM

376 339 472 383 157.
500 335 674 377 Barbato
696 342 737 375 et
759 335 927 385 Regulo.

378 396 471 439 158.
501 394 621 433 Tullo
651 398 692 431 et
719 391 952 432 Sacerdote.

377 451 473 494 159.
504 449 701 499 Quintillo
732 455 773 488 et
800 447 952 487 Prisco.

378 510 472 550 160.
498 505 658 546 Bradua
689 511 728 544 et
754 505 875 544 Vero.

379 566 472 609 161.
501 562 706 602 Antonino
735 562 785 603 V.
816 567 856 601 et
885 561 1046 600 Aurelio
1078 561 1187 602 caes.
1212 560 1380 599 duobus
1409 558 1612 610 Augustis.

503 619 578 659 His
608 619 747 659 CONSS.
778 622 858 656 orta
886 620 1124 669 persecutione
1155 621 1261 670 passi
1287 617 1511 670 Polycarlms
1533 620 1570 655 et
1599 614 1761 654 Pioniae..

285 688 346 717 cc.
377 678 472 718 162.
501 675 646 715 Rufino
677 681 717 714 et
745 674 971 726 Aequilino.
1615 703 1618 706 .

378 735 473 775 163.
501 732 688 772 Laeliano
718 738 758 771 et
784 732 960 770 Pastore.

378 787 473 831 164.
502 789 682 828 Macrino
712 794 752 826 et
785 788 913 827 Celso.

378 845 471 888 165.
501 845 630 885 Orfito
660 850 698 883 et
726 844 917 884 Pudente.

377 904 472 943 166.
502 902 680 942 Pudente
712 908 753 940 et
778 901 973 940 Pollione.

376 960 470 1001 167.
499 959 609 998 Vero
637 957 705 996 111.
738 964 779 997 et
815 958 1034 1007 Quadrato.

500 1015 550 1055 In
572 1015 744 1054 chronico
762 1028 827 1053 ms
849 1014 987 1054 conss,
1010 1027 1136 1066 passos
1154 1014 1256 1062 legia

376 1073 468 1113 168.
500 1071 734 1124 Aproniano
762 1077 801 1110 et
822 1071 962 1109 Paulo.

375 1129 469 1171 169.
498 1128 637 1167 Prisco
667 1134 706 1166 et
735 1126 989 1180 Apollenare.

376 1185 469 1225 170.
502 1183 675 1235 Cethego
706 1190 746 1223 et
777 1184 906 1222 Claro.

376 1241 470 1281 171.
501 1242 650 1279 Severo
682 1247 722 1279 et
750 1239 1017 1279 Herenniano.

255 1308 344 1338 ccx.
376 1296 469 1337 172.
499 1297 626 1335 Orfito
660 1302 702 1335 et
729 1297 917 1335 Maximo.

376 1352 468 1393 173.
497 1354 645 1392 Severo
674 1353 725 1391 Π.
756 1359 794 1392 et
822 1352 1077 1405 Pompeiano.

375 1406 469 1449 174.
488 1410 617 1447 ‘Gallo
646 1415 685 1448 et
712 1409 871 1448 Flacco.

376 1464 471 1507 175.
499 1466 642 1504 Pisone
672 1472 712 1504 et
741 1466 915 1504 Juliano.

374 1522 469 1563 176.
499 1523 679 1561 Pollione
709 1528 749 1562 et
774 1522 896 1575 Apro·

374 1578 470 1618 177.
500 1579 719 1618 Commodo
749 1585 791 1618 et
821 1578 1034 1627 Quintillo.

374 1634 469 1675 178.
501 1635 631 1675 Orfito
666 1643 705 1674 et
732 1636 852 1676 Rufo.

374 1690 470 1732 179.
501 1692 720 1731 Commodo
750 1692 804 1731 II.
833 1697 873 1730 et
901 1691 1018 1730 Vero.

374 1747 466 1786 180.
495 1749 709 1788 Praesente
738 1754 779 1788 et
808 1747 1025 1787 Condiano.

374 1808 468 1847 181.
502 1805 725 1856 Commodo
754 1805 824 1844 III.
855 1810 895 1844 et
926 1805 1069 1856 Byrro.

227 1869 343 1899 ccxx.
374 1865 469 1905 182.
498 1862 737 1901 Mamertino
768 1868 807 1900 et
835 1861 955 1899 Rufo.

374 1921 469 1961 183.
501 1918 721 1957 Commodo
750 1917 817 1956 IV.
845 1924 884 1956 et
913 1916 1133 1956 Victorino.

319 1990 333 1996 ·
374 1975 466 2018 184.
497 1974 670 2013 Marullo
695 1980 735 2013 et
752 1973 930 2013 Aeliano.

372 2031 466 2074 185.
496 2031 676 2070 Materno
707 2037 747 2070 et
772 2030 946 2070 Bradua.

373 2088 465 2130 186.
497 2087 715 2127 Commodo
745 2087 793 2128 V.
824 2093 863 2126 et
893 2086 1122 2125 Glabrione.

372 2146 466 2186 187·
496 2144 680 2197 Crispino
711 2149 751 2183 et
778 2142 952 2183 Aeliano.

371 2201 467 2244 188.
496 2200 696 2240 Fusciano
719 2206 759 2240 et
787 2200 934 2239 Silano.

373 2257 469 2298 189.
498 2258 665 2296 Duobus
694 2257 854 2296 Silanis.

372 2314 466 2355 190.
499 2313 719 2353 Commodo
746 2313 812 2355 VI.
846 2319 885 2352 et
914 2311 1170 2365 septimiano.

374 2370 469 2411 191.
499 2370 730 2422 Aproniano
760 2376 799 2409 et
827 2369 1001 2408 Braduo.

199 2429 342 2460 CCXXX·
374 2427 467 2468 192.
499 2427 718 2466 Commodo
747 2426 833 2466 VII.
865 2432 904 2464 et
931 2426 1152 2465 Pertinace.

374 2483 469 2524 193.
496 2483 692 2523 Flaccone
722 2489 762 2523 et
792 2483 921 2521 Claro.

372 2540 467 2584 194.
499 2541 648 2579 Severo
677 2540 727 2578 II.
755 2546 796 2579 et
820 2538 979 2579 Albino.

372 2598 465 2642 195.
497 2596 680 2636 Tertullo
710 2602 750 2635 et
779 2596 991 2635 Clemente.

371 2658 465 2698 196.
494 2653 647 2692 Dextro
676 2659 718 2692 et
745 2652 897 2692 Prisco.

371 2713 467 2753 197.
496 2709 692 2749 Laterano
721 2715 761 2748 et
787 2709 944 2748 Rufino.

373 2769 464 2810 198.
491 2767 708 2806 Saturnino
738 2772 779 2806 et
796 2766 923 2804 Gallo.

371 2826 464 2865 199.
493 2822 711 2862 Annullino
743 2828 784 2862 et
806 2823 1017 2862 Frontone.

369 2882 464 2922 200.
495 2880 643 2919 Severo
673 2880 720 2920 ΙΙ.
752 2886 791 2919 et
820 2878 1040 2919 Victorino.
