1820 3276
470 208 530 250 IN
564 208 895 253 CHROMCON
928 211 1217 255 PASCHALE.
1479 215 1575 261 401

107 322 146 355 et
173 321 304 355 tamen
335 316 414 355 dici
446 317 622 366 deberet,
653 326 694 358 et
721 322 942 373 requiritur
969 337 1043 375 per
1070 323 1237 362 verbum
1267 324 1452 379 διεῖργον,
1488 332 1582 377 post

108 373 216 424 quod
254 375 499 426 praepositio
534 371 615 417 ἇπό
656 378 770 428 sequi
804 379 968 418 deberet
1005 387 1043 419 et
1080 380 1174 418 cum
1211 380 1293 419 hoc
1331 382 1499 420 verbum
1537 383 1581 421 in

107 431 261 468 Graeco
291 437 480 469 contextu
510 433 575 483 sit',
605 439 651 471 ut
680 447 768 471 eum
798 433 1004 484 habemus,
1039 437 1223 476 Editores
1252 439 1378 476 nostri
1409 439 1580 478 debuis-

105 493 195 526 sent
234 487 499 539 suspicionem
537 488 708 538 habere,
764 491 880 530 aliam
920 507 1058 532 vocem
1097 494 1187 532 loco
1227 497 1476 535 ΠΕΛΛΗΣ
1509 510 1580 535 re-

105 557 224 595 quiri.

218 600 327 651 Hoc,
370 609 496 654 puto,
533 602 790 641 manifestum
819 611 897 654 est,
938 612 977 644 et
1006 606 1174 658 proinde
1202 606 1299 645 mihi
1330 621 1454 659 aeque
1482 621 1581 661 per-

103 656 285 709 spicuum
315 659 480 698 videtur
508 659 674 698 verbum
714 660 903 700 omissum
944 676 1029 701 esse
1069 661 1211 715 ἄλλης,
1250 665 1291 702 id
1331 673 1390 702 est
1431 665 1581 704 alteram

103 714 188 752 sive
234 729 462 767 supremam
515 716 676 768 Syriam.
734 717 911 770 Ideoque
956 719 1013 757 sic
1056 719 1250 759 'construo
1301 720 1399 760 haec
1445 723 1580 771 verba,

102 768 345 823 ὑπερβαλών
396 770 491 826 ὅρος
536 770 580 813 τὸ
627 775 800 832 διεῖργον
835 773 912 827 τήν
956 778 1099 827 κοίλην
1158 778 1315 830 Συρίαν
1374 774 1455 819 ἀπὸ
1507 783 1581 829 τῆς

101 831 322 877 ΑΛΛΗΣ,
363 829 422 876 εἰς
450 827 672 881 Δαμασκὸν
700 833 812 882 ἡκεν.
888 832 945 870 Et
970 832 1182 884 Pompejus,
1221 839 1369 872 montem
1398 849 1580 886 superans,

103 885 168 935 qui
201 891 346 936 separat
375 886 430 924 vel
466 887 601 925 dividit
631 887 922 940 Coele-Syriam
949 890 995 928 ab
1024 891 1104 929 alia
1132 881 1272 942 Sjria,
1314 895 1411 930 veuit
1437 892 1581 930 Dama-

99 953 207 979 scum.

61 996 65 1001 ”
216 997 339 1035 Nemo
387 997 456 1036 hic
502 999 706 1038 minimam
751 999 1032 1040 difficultatem
1080 1001 1270 1053 objiciet,
1321 1003 1580 1042 considerans

102 1053 202 1106 quid
233 1054 417 1104 dixerim,
449 1061 488 1094 et
518 1063 720 1108 praeterea
751 1057 969 1108 josephum
997 1059 1131 1111 ipsum
1160 1059 1408 1112 paulo-post
1437 1062 1493 1109 (n.
1518 1060 1577 1112 4.)

101 1111 160 1149 uti
189 1109 268 1149 hoc
295 1112 384 1163 ipso
418 1113 542 1151 verbo
573 1127 663 1151 cum
702 1127 804 1152 voce
834 1114 972 1166 Syria5
1012 1115 1058 1156 ἔκ
1087 1130 1130 1157 τε
1157 1118 1382 1167 Δαμασκοῦ
1409 1116 1479 1157 καὶ
1507 1121 1583 1170 τῆς
1611 1115 1618 1117 i

102 1165 224 1219 ι’ίλλης
252 1170 406 1220 Συρίας
435 1175 510 1208 etc.
543 1170 652 1221 quod
692 1169 924 1209 Hudsonius
962 1186 1044 1210 non
1083 1179 1164 1211 tam
1201 1173 1304 1212 bene
1343 1174 1486 1224 vertit,
1531 1189 1579 1213 ac

101 1224 285 1271 deberet,
317 1226 407 1264 loco
441 1240 466 1264 a
497 1225 677 1264 Damasco
706 1228 891 1278 alteraque
919 1229 1034 1279 Syria
1061 1243 1216 1280 ponens
1242 1244 1266 1267 a
1290 1230 1471 1268 Damasco
1497 1233 1578 1270 reli-

99 1294 240 1332 quaque
257 1282 383 1334 Syria.
442 1282 519 1320 Hic
547 1283 662 1321 locus
690 1284 863 1337 ostendit
893 1284 1110 1336 Josephum
1139 1287 1341 1324 locantem
1360 1287 1579 1327 Damascum

95 1338 138 1376 in
177 1339 294 1378 altera
332 1339 446 1391 Syria
486 1340 572 1378 sive
611 1343 802 1391 superiori,
845 1342 977 1393 primo
1007 1342 1100 1380 loco
1131 1342 1350 1392 intelligere
1381 1344 1580 1395 debuisse,

95 1402 295 1445 montem,
330 1410 448 1447 quem
479 1396 695 1448 superabat
725 1398 964 1449 Pompejus,
1004 1412 1095 1436 cum
1128 1400 1359 1439 Damascum
1389 1400 1579 1453 proficis—

96 1458 276 1501 ceretur,
307 1453 488 1492 dividere
521 1454 722 1505 inferiorem
751 1454 836 1493 sive
867 1455 1137 1507 Coele-Syriam
1166 1455 1214 1494 ab
1247 1457 1365 1495 altera
1394 1458 1481 1497 sive
1512 1473 1578 1497 su-

38 1539 40 1541 ,
90 1511 227 1560 pen‘om'
255 1509 383 1561 Syria.

211 1566 264 1604 Ut
306 1565 383 1604 hoc
421 1566 700 1615 confirmetur,
747 1580 895 1619 quaeso
935 1568 1126 1608 Lectores
1158 1569 1396 1619 observent,
1438 1569 1577 1609 Philo-

94 1620 442 1674 nem1)quoque
483 1624 623 1663 eodem
653 1637 772 1662 sensu
802 1625 860 1662 uti
890 1638 989 1663 voce
1030 1623 1179 1677 ἄλλην,
1224 1640 1315 1664 cum
1359 1625 1432 1664 has
1477 1628 1578 1666 duas

94 1679 232 1730 Syrias
267 1679 508 1731 distinguat,
546 1682 680 1732 Legat.
712 1680 764 1718 ad
794 1681 874 1719 Cai.
901 1695 942 1733 p.
974 1695 1025 1722 m.
1051 1685 1148 1726 798.
1177 1697 1212 1724 c.
1243 1684 1401 1736 Συρίαν
1431 1679 1506 1736 τήν
1534 1699 1578 1725 τε

94 1732 245 1788 ἄλλην,
273 1736 342 1776 καὶ
371 1735 449 1789 τήν
477 1738 620 1789 κοίλην
649 1736 1072 1791 προσαγορευομένην,
1104 1746 1182 1779 etc.

209 1792 297 1831 Nisi
321 1806 574 1846 summopere
603 1794 735 1843 fallar,
762 1793 843 1832 hoc
872 1794 1046 1834 sufficiet
1066 1795 1116 1833 ad
1138 1795 1429 1834 defendendam
1448 1809 1577 1836 meam

95 1849 431 1900 emendationem,
475 1857 515 1889 et
542 1850 826 1889 illustrandum
861 1851 1027 1904 Josephi
1054 1852 1201 1891 locum.
1262 1853 1339 1891 Sed
1369 1859 1578 1905 praeterea

96 1905 278 1945 omittere
317 1921 399 1945 non
439 1907 566 1946 debeo
597 1907 935 1947 confirmationem
973 1911 1104 1960 magni
1133 1910 1346 1958 momenti,
1384 1923 1505 1961 quam
1534 1910 1577 1948 in

93 1962 236 2001 ultima
276 1963 437 2016 Josephi
476 1965 663 2004 Editione
691 1965 840 2004 inveni.
898 1965 1001 2004 Nam
1041 1979 1133 2004 cum
1170 1966 1439 2018 inquirerem,
1479 1980 1577 2006 num

94 2019 240 2071 aliquis
274 2020 403 2060 codex
434 2035 515 2060 non
545 2021 711 2061 haberet
747 2022 910 2061 eandem
938 2022 1173 2074 lectionem,
1212 2037 1332 2074 quam
1367 2024 1576 2073 excogita-

93 2088 254 2125 veram,
298 2078 395 2117 licet
430 2092 516 2117 eam
554 2079 618 2117 ibi'
642 2079 756 2118 nullo
786 2080 878 2118 loco
908 2078 1162 2130 indagarem,
1209 2094 1338 2131 neque
1375 2079 1415 2117 in
1449 2079 1574 2130 hisce,

94 2146 195 2184 quos
231 2132 320 2186 ipse
359 2136 660 2185 consulueram,
698 2136 885 2175 videbam
915 2142 1047 2174 tamen
1076 2137 1116 2174 in
1147 2136 1285 2175 codice
1320 2135 1467 2174 Gallici
1496 2138 1577 2176 Re-

93 2189 152 2240 gis
186 2191 378 2243 scriptum
410 2206 493 2231 esse
522 2195 594 2244 τῆς
629 2188 807 2245 Τήλλης,
857 2193 1084 2244 quaelicet
1114 2206 1212 2231 vera
1243 2192 1365 2231 lectio
1396 2206 1476 2231 non
1507 2193 1574 2243 sit,

91 2251 227 2286 tamen
269 2247 443 2287 ostendit
484 2249 738 2299 varietatem,
783 2256 823 2288 et
859 2263 1003 2288 vocem
1045 2248 1202 2301 Πέλλης
1239 2249 1306 2287 hic
1346 2263 1428 2288 non
1470 2264 1574 2302 qua-

93 2302 219 2342 drare.
1324 2307 1332 2322 ¹

207 2359 307 2398 Cum
347 2360 507 2412 longior
546 2361 587 2399 in
623 2359 686 2399 his
717 2361 1063 2414 observationibus
1100 2361 1264 2410 fuerim,
1303 2375 1422 2413 quam
1454 2362 1572 2400 initio

28 2447 31 2449 >
94 2415 367 2467 credideram,
405 2417 472 2456 hic
509 2418 608 2457 duas
649 2418 746 2456 alias
776 2418 1077 2457 observationes
1107 2432 1190 2456 non
1217 2418 1383 2466 addam,
1426 2420 1572 2469 quibus

92 2486 206 2512 mens
236 2480 322 2512 erat
349 2474 482 2526 primo
512 2475 687 2528 probare
717 2482 855 2514 contra
884 2475 1040 2527 aliquos
1070 2474 1341 2526 Antiquarios,
1369 2475 1573 2526 Helc'opolz’n

93 2528 241 2568 factam
270 2531 488 2572 Romanam
519 2532 723 2571 Coloniam
754 2532 827 2570 sub
858 2533 1020 2580 Severo,
1053 2538 1091 2569 et
1118 2545 1200 2569 non
1230 2531 1302 2569 sub
1333 2532 1438 2570 Julio
1470 2532 1571 2570 Cae—

95 2599 182 2626 sare
211 2593 279 2625 aut
309 2588 511 2640 Augusto,
552 2595 591 2628 et
629 2589 806 2628 secundo
839 2589 1069 2636 ostendere,
1107 2588 1300 2626 Balbecum
1332 2594 1401 2626 aut
1430 2602 1569 2626 vocem

96 2643 486 2696 appropinquantem
514 2646 835 2699 antiquissimum
867 2645 952 2698 ejus
982 2644 1093 2684 urbis
1124 2646 1246 2684 fuisse
1275 2658 1432 2702 nomen,
1461 2645 1571 2696 quod

145 2834 194 2878 1)
239 2835 369 2870 Confer
393 2847 469 2870 cum
491 2835 570 2870 istis
593 2837 709 2870 311·αό.
734 2836 812 2871 Lib.
836 2836 932 2871 XIV.
959 2847 992 2880 p.
1017 2836 1100 2873 462.
1125 2836 1168 2870 de
1191 2836 1280 2870 Solis
1304 2835 1402 2870 Urbe
1425 2833 1570 2869 Ciliciae

190 2882 362 2916 secundae
383 2883 450 2926 τῆς
472 2880 582 2927 ἄλλης
603 2884 773 2924 Κιλικίας
797 2879 912 2928 ἀρχή,
937 2888 1004 2917 etc.
1347 2903 1350 2906 Δ

161 2942 352 2978 chronicon
378 2945 548 2980 paschale
576 2948 645 2981 vol.
669 2947 718 2980 ΙΙ.
1233 2943 1288 2983 26
