1884 3262
150 650 249 685 v13

295 203 360 250 24
825 199 1234 244 PRAEFATIO.

294 325 392 350 xxx.
420 321 544 353 annos
573 328 659 353 cum
686 327 827 368 passus
854 323 909 352 est
938 314 1152 366 Dominus,
1194 315 1348 356 Pascha
1376 314 1602 356 celebratur.
1669 315 1759 370 Ipse

294 369 394 407 enim
424 379 506 408 erat
530 371 679 423 justum
704 367 877 409 Pascha.
934 370 979 410 A
1010 372 1193 411 passione
1221 381 1348 410 autem
1380 372 1544 412 Domini
1574 374 1759 426 usquein

294 437 385 462 x111.
407 439 553 463 annum
574 423 732 478 Imperii
759 422 994 465 Alexandri
1025 425 1201 467 Caesaris
1231 429 1326 466 anni
1350 441 1453 468 ccvl.
1481 438 1672 467 servatum
1705 438 1760 467 est

294 478 470 529 Pascha,
500 479 607 534 quod
637 482 678 519 in
713 483 1114 522 commemorationem
1138 483 1303 523 Domini
1336 485 1461 523 nostri
1492 483 1583 523 Jesu
1617 482 1762 524 Christi

296 545 468 573 servatur
498 551 523 573 a
553 536 675 577 nobis.
743 535 862 575 Fiunt
891 538 1011 591 igitur
1047 553 1176 577 omnes
1200 541 1296 578 anni
1326 539 1376 579 ab
1401 538 1541 579 Adam
1572 556 1691 594 usque
1718 541 1760 578 in

296 590 399 629 lzunc
420 589 519 629 diem
539 593 633 630 anni
651 605 690 634 v.
710 606 993 634 mnccxxxvm.
1053 594 1163 642 Quae
1191 595 1352 646 quidem
1371 596 1439 633 hie
1461 611 1481 634 a
1508 595 1622 634 nobis
1642 597 1761 634 allata

297 647 330 684 si
350 646 437 697 quis
460 661 549 685 cum
568 648 617 686 iis
640 662 741 699 quae
759 649 807 688 de
833 649 1042 703 Hippolyti
1071 650 1270 689 Chronico
1300 653 1500 702 attigimus
1526 651 1763 691 adamussim

298 703 475 741 conserre
505 705 627 755 velit,
663 705 762 743 illud
792 706 924 758 ipsum
951 720 1032 745 esse
1065 707 1242 758 ejusdem
1274 706 1499 746 Chronicon
1525 707 1635 746 haud
1660 707 1771 746 disti-¹

295 759 422 797 culter
448 759 550 798 forte
577 761 790 810 concedet,
821 763 884 800 cui
915 763 1156 802 laterculum
1179 764 1213 802 is
1237 765 1503 815 praemiserit,
1533 765 1602 804 vel
1629 763 1762 802 subdi-

296 815 401 853 derit
429 815 473 853 in
498 816 695 855 Paschalis
727 818 836 868 festi,
878 817 927 857 de
957 833 1036 871 quo
1064 820 1105 857 in
1133 820 1202 857 illa
1232 833 1350 871 quam
1382 820 1554 859 diximus
1587 821 1762 860 sectione

297 871 398 920 egit,
428 872 658 912 inveniendi
688 875 885 912 Canonem
914 888 984 913 seu
1012 875 1210 926 regulam:
1241 875 1291 914 ad
1311 890 1428 928 quam
1453 877 1692 928 praeteritos
1723 882 1762 914 et

298 934 505 978 sequentes
528 943 651 968 annos
682 931 905 981 expendere
934 932 1121 970 lectorem
1150 932 1337 973 voluerit.
1394 933 1477 970 Nec
1503 934 1632 972 obstat
1654 932 1762 984 quod

298 982 351 1020 ad
382 991 627 1035 postremum
659 987 877 1025 Alexandri
905 987 1161 1039 Imperatoris
1197 1001 1342 1027 annum
1380 988 1503 1028 hocce
1536 989 1763 1028 Chronicon

299 1037 568 1090 canisianum,
601 1055 671 1080 seu
691 1043 943 1082 Labbeanum
959 1043 1202 1094 deducatur,
1230 1045 1477 1097 Hippolytus
1497 1059 1595 1084 vero
1627 1059 1672 1084 eo
1690 1046 1763 1083 im-

297 1102 462 1146 perante
481 1098 716 1150 Martyrium
739 1100 903 1138 subiisse
929 1100 1087 1138 dicatur
1123 1115 1144 1139 a
1184 1101 1421 1152 quibusdam
1437 1099 1504 1155 1),
1544 1115 1634 1140 cum
1661 1109 1766 1140 certe

296 1151 339 1190 id
361 1165 525 1204 prorsus
551 1154 747 1194 incertum
775 1157 849 1205 sit,
880 1156 1071 1208 nulloque
1099 1157 1230 1208 probo
1264 1163 1429 1196 auctore
1461 1158 1642 1209 Martyrii
1665 1164 1766 1197 tem-

297 1221 374 1259 pus
395 1216 605 1260 asseratur,
637 1211 746 1262 quod
763 1212 835 1250 sub
858 1213 975 1250 Decio
995 1214 1204 1263 contigisse
1228 1213 1444 1263 Gregorius
1466 1211 1763 1266 Turonensis2)

299 1270 337 1300 et
357 1264 425 1301 alii
446 1267 589 1304 volunt
602 1298 613 1317 ,
641 1267 710 1305 sed
730 1268 955 1306 Alexandro
976 1269 1172 1308 duntaxat
1196 1269 1414 1321 imperante
1437 1270 1584 1309 vixisse
1604 1271 1767 1309 tradant

297 1319 513 1371 Eusebius,
543 1323 831 1374 Hieronymus,
860 1331 899 1362 et
925 1324 1078 1374 alii³):
1110 1325 1343 1376 Anonymus
1372 1339 1469 1364 vero
1493 1326 1534 1364 in
1565 1326 1766 1365 Chronico

296 1375 376 1415 MS.
418 1391 466 1415 ex
506 1379 604 1417 cod.
648 1380 740 1428 Reg.
770 1394 830 1417 1¹1.
859 1392 973 1416 ΜΒΝ.
1020 1379 1270 1431 Nicephorus
1310 1381 1682 1434 constantinopolit.
1724 1383 1769 1421 in

299 1430 584 1484 chronologia,
615 1440 653 1472 et
680 1435 889 1486 Catalogus
920 1435 1211 1486 Imperatorum
1235 1437 1769 1489 Constantinopolitanorum

299 1487 427 1526 editus
444 1503 466 1526 a
494 1490 731 1528 Leunclavio
756 1491 823 1531 lib.
854 1505 899 1532 11.
927 1490 1029 1543 juris
1051 1492 1360 1531 Graecoromani
1375 1494 1523 1532 Severo
1548 1494 1770 1546 imperante

297 1542 501 1595 floruisse,
530 1559 762 1598 perperam,
790 1547 836 1585 ,ni
863 1548 1003 1598 fallor,
1035 1548 1235 1603 scribunt:
1273 1548 1339 1589 ἐπὶ
1369 1545 1514 1590 τούτου
1539 1550 1608 1591 καὶ
1636 1548 1769 1592 Ιππό-

297 1602 414 1648 λυτος
440 1599 674 1654 ὅ·Ρωμαῖος
710 1601 962 1658 συγγραφεύς
993 1602 1155 1656 ἤκμαζε.
1223 1605 1393 1643 Tametsi
1421 1606 1478 1644 nil
1509 1606 1639 1645 obstat
1672 1607 1769 1658 quin

298 1657 435 1694 Severi
463 1658 582 1696 etiam
610 1665 738 1697 aetate
770 1666 856 1698 tum
875 1662 1056 1711 ‘primum
1086 1662 1194 1699 nosci
1237 1662 1431 1712 coeperit:
1469 1663 1547 1700 nisi
1578 1665 1770 1702 Severum

298 1725 389 1750 cum
410 1712 639 1752 Alexandro
659 1717 805 1754 Severo
833 1716 1100 1756 confuderint.
1159 1718 1438 1770 conjecturam
1459 1725 1666 1771 praeterea
1686 1734 1771 1758 no—

298 1774 421 1806 stram
449 1769 498 1808 de
527 1770 750 1823 Hippolyto
782 1772 957 1824 ejusdem
992 1774 1175 1825 opusculi
1194 1775 1391 1825 scriptore
1410 1774 1565 1813 firmare
1589 1790 1707 1827 posse
1726 1775 1770 1814 id

298 1824 479 1875 videtur,
510 1828 621 1878 quod
640 1828 834 1878 quaedam
858 1842 908 1866 cx
924 1842 969 1866 eo
996 1829 1037 1867 in
1059 1829 1323 1868 Raderianum
1346 1830 1573 1870 Chronicon
1591 1832 1670 1870 sint
1689 1832 1769 1870 im—

298 1880 442 1930 missa,
483 1888 529 1920 ut
561 1882 730 1922 subinde
758 1884 800 1921 in
830 1884 945 1922 Notis
972 1884 1215 1924 indicamus:
1265 1886 1363 1925 adeo
1397 1893 1442 1925 ut
1479 1886 1590 1926 haud
1623 1888 1769 1940 injuria

177 1937 206 1970 P
231 1937 277 1973 15
299 1935 530 1989 Hippolyti,
577 1945 623 1976 ut
656 1946 696 1978 et
733 1940 975 1990 Marcellini,
1022 1941 1201 1993 quisquis
1243 1943 1312 1981 ille
1364 1943 1561 1992 extiterit,
1610 1945 1769 1982 nomina

299 1994 534 2043 praetulerit
552 1995 688 2034 Codex
711 1997 983 2038 Scorialensis.
1040 1998 1176 2048 Neque
1203 1999 1306 2037 enim
1333 2000 1589 2038 Baruoetium
1620 2000 1770 2053 absque

298 2049 557 2089 fundamento
577 2051 731 2104 alique,
761 2066 804 2091 ea
829 2053 985 2091 Codicis
1002 2052 1117 2091 titulo
1135 2054 1308 2094 affixisse
1325 2056 1534 2108 probabile
1557 2062 1628 2095 est.

82 2158 302 2214 Idveropro-
415 2162 524 2200 XIX.
581 2163 744 2203 Praeter
776 2164 856 2217 jam
899 2165 1038 2203 allatas
1072 2167 1336 2219 conjecturas,
1377 2182 1477 2219 quae
1515 2168 1767 2209 Canisianum

81 2206 205 2240 ximum
226 2217 280 2240 vi-

82 2251 329 2310 deturexra—h
384 2273 411 2310 d
480 2274 488 2282 .
521 2275 529 2283 .
577 2275 585 2283 .
655 2276 663 2283 .
936 2278 944 2286 .
1243 2280 1251 2287 .
1455 2282 1462 2289 .
1688 2282 1696 2290 .

81 2296 230 2331 &onibus
250 2297 301 2331 al·
332 2286 381 2310 au
437 2288 587 2313 minum
613 2283 728 2314 enam
756 2283 947 2316 momenti
976 2279 1079 2316 forte
1106 2293 1253 2318 censer!
1286 2280 1425 2318 debeat
1452 2282 1521 2319 illa
1541 2295 1643 2332 quae
1663 2295 1768 2320 clrca

103 2342 192 2376 latis.

303 2230 373 2255 seu
402 2218 654 2258 Labbeanum
690 2221 799 2259 istud
829 2220 1056 2261 Chronicon
1086 2222 1306 2275 Hippolyto
1334 2224 1545 2263 videantur
1577 2239 1767 2275 asserere,

303 2343 516 2378 annorum,
547 2337 631 2369 tum
656 2347 678 2370 a
705 2334 842 2372 mundi
871 2334 1122 2384 conditione,
1153 2342 1236 2373 tum
1267 2351 1289 2374 a
1322 2336 1468 2375 Christi
1497 2338 1769 2376 luem-natione

302 2393 342 2426 et
367 2386 518 2436 Natali,
555 2401 631 2437 qua
663 2388 908 2442 Hippolytus
941 2404 1037 2428 usus
1069 2391 1232 2437 dicitur,
1275 2393 1543 2444 putandorum
1574 2394 1768 2433 rationem

301 2448 504 2490 versatur,
535 2456 625 2481 cum
653 2451 819 2497 uterque
850 2446 1024 2497 scriptor
1048 2447 1088 2485 iu
1118 2449 1228 2486 annis
1256 2449 1394 2487 mundi
1419 2450 1571 2488 conditi
1600 2463 1768 2488 consen-

300 2499 411 2538 tiant.
469 2499 521 2537 Ut
544 2499 586 2536 id
612 2513 731 2551 porro
759 2502 1012 2554 exploretur,
1040 2503 1321 2554 inquirendum
1353 2505 1481 2557 primo
1512 2519 1590 2557 qua
1610 2505 1767 2544 metho-

304 2555 355 2593 do
375 2568 470 2594 usus
491 2554 542 2593 sit
562 2555 805 2608 Hippolytus
835 2558 875 2596 in
911 2559 1187 2611 consignandis
1217 2562 1351 2611 annis,
1379 2569 1461 2600 tum
1492 2562 1652 2612 mundi,
1682 2568 1767 2600 tum

352 2759 359 2776 l

348 2759 391 2846 «ιζ
412 2758 664 2839 iiffiheilf'suist.
690 2817 719 2839 c.
739 2807 796 2842 28.

355 2850 397 2892 3)
421 2849 509 2884 Vide
532 2850 621 2886 Hist.
646 2851 814 2887 Dodwell.
839 2851 919 2887 diss.
945 2855 998 2889 11.
1047 2855 1155 2901 Cypr.
1180 2868 1213 2893 n.
1237 2856 1293 2894 49.
1317 2859 1371 2894 50.
