1884 3262
569 208 840 252 CHRONICI
873 208 1178 252 PASCHALIS.
1516 206 1613 253 123

243 333 272 360 ι.
329 318 501 358 Jacobus
538 319 666 358 frater
703 319 900 370 Domini,
957 325 996 358 et
1033 319 1192 372 primus
1229 316 1615 370 Hierosolymitanus
1664 329 1665 332 ’

133 376 357 430 Episcopus
386 377 436 415 ab
466 377 555 430 ipso
586 376 756 415 Domino
786 376 1048 416 constitutus.

246 446 291 472 11.
349 434 546 487 Cleopas,
588 434 746 473 Domini
769 434 964 487 patruelis
981 462 993 483 ,
1039 432 1243 472 secundus
1271 431 1618 484 Hierosolymita-

131 504 208 529 nus
237 491 490 544 Episcopus,
521 491 592 543 qui
626 498 665 530 et
692 491 783 544 ipse
814 491 931 530 illum
961 490 1088 539 vidit,
1119 497 1337 543 postquam
1367 503 1419 530 ex
1446 489 1618 533 mortuis

131 548 370 588 resurrexit.

244 619 307 647 ιιι
363 603 551 644 Matthias
571 637 583 655 ‚
623 603 694 656 qui
725 604 941 643 duodecim
970 602 1265 657 Apostolorum
1304 615 1519 642 numerum
1546 616 1617 641 ex-

130 661 272 714 plevit.

246 717 602 760 1v.Thaddaeus
621 747 633 769 ‚
674 714 744 770 qu'i
775 718 992 771 Epistolam
1031 717 1084 756 ad
1122 716 1327 768 Abgarum
1361 715 1616 770 Toparcham

131 775 322 814 Edessam
350 775 468 820 tulit,
501 788 673 827 eumque
704 790 728 814 a
757 776 898 814 morbo
929 775 1097 814 sanavit.

245 846 286 872 v.
344 832 546 882 Ananias,
585 832 656 884 qui
684 834 878 872 Sanctum
909 833 1075 871 Paulum
1101 830 1323 884 baptizavit
1345 862 1358 882 ‚
1395 837 1617 883 posteaque

131 889 210 929 fuit
237 890 422 928 Damasci
450 891 689 942 Episcopus-

246 960 301 989 Ἡ.
360 946 587 999 Stephanus
615 947 772 999 primus
800 947 978 999 Martyr,
1009 945 1081 999 qui
1109 959 1132 984 a
1162 944 1380 984 duodecim
1410 943 1617 997 Apostolis

133 1003 186 1042 ad
215 1004 471 1043 diaconatum
501 1011 729 1056 assumptus
760 1011 831 1044 est.

245 1075 317 1100 vn.
372 1061 588 1114 Philippus
617 1076 724 1101 unus
754 1076 804 1100 ex
835 1068 990 1114 septem
1012 1090 1025 1111 ,
1065 1060 1136 1112 qui
1166 1066 1206 1099 et
1235 1059 1436 1098 Simonem
1465 1065 1507 1098 et
1535 1059 1619 1098 Eu-

131 1117 314 1158 nuchum
339 1119 583 1170 baptizavit,
622 1126 664 1158 et
692 1119 889 1158 Trallium
918 1119 1036 1157 Asiae
1066 1117 1178 1156 urbis
1207 1117 1436 1170 Episcopus
1468 1116 1616 1158 extitit.

246 1189 334 1215 vm.
390 1176 624 1215 Prochorus
644 1208 656 1227 ,
695 1176 766 1229 qui
806 1190 913 1216 unus
949 1190 999 1215 ex
1040 1181 1227 1228 septem,
1276 1187 1325 1212 ac
1362 1173 1621 1212 Nicomediae

130 1231 345 1288 Bithyniae
376 1233 488 1272 urbis
525 1233 603 1272 fuit
633 1235 889 1287 Episcopus.-

246 1304 303 1329 ιιι.
361 1291 559 1340 Nicanor,
588 1304 695 1329 unus
726 1305 748 1330 e
783 1297 961 1342 septem,
992 1289 1063 1341 qui
1093 1288 1268 1340 ipsomet
1295 1287 1359 1326 die
1389 1287 1502 1336 obiit,
1537 1301 1619 1339 quo

131 1349 302 1386 Sanctus
345 1347 576 1400 Stephanus
596 1379 609 1399 ,
657 1361 751 1387 cum
789 1347 951 1386 duobus
995 1345 1174 1385 millibus
1213 1345 1301 1383 aliis
1341 1344 1385 1383 in
1414 1343 1619 1383 Christum

133 1404 398 1445 credentium.

244 1475 288 1500 x.
347 1462 515 1512 Timon,
548 1475 650 1500 unus
678 1475 701 1501 e
732 1468 908 1514 septem,
940 1462 1009 1513 qui
1039 1460 1208 1498 Bostrae
1236 1458 1415 1498 Arabum
1444 1458 1617 1512 Episco-

130 1532 209 1572 pus
239 1519 390 1567 factus,
421 1519 542 1557 vivus
572 1519 807 1558 combustus
836 1525 896 1558 est
928 1533 951 1556 a
982 1517 1222 1556 Gentilibus.

244 1589 303 1615 11.
362 1576 576 1616 Parmenas
613 1589 721 1615 unus
754 1590 776 1615 e
802 1583 955 1629 septem
974 1604 987 1626 ‚
1038 1574 1110 1627 qui
1151 1588 1288 1613 coram
1328 1572 1535 1625 Apostolis
1572 1572 1618 1611 in

132 1646 207 1672 suo
237 1632 457 1672 diaconatu
488 1634 574 1673 vita
604 1634 767 1672 functus
801 1641 872 1675 est.

245 1704 320 1728 xn.
377 1691 571 1729 Nicolaus
614 1704 720 1729 unus
751 1704 773 1729 e
802 1696 979 1742 septem,
1022 1689 1092 1741 qui
1123 1701 1217 1726 cnm
1251 1687 1483 1739 Episcopus
1513 1695 1619 1727 esset

132 1747 359 1798 Samariae,
389 1761 468 1786 una
495 1746 588 1786 cum
618 1748 801 1798 Simone,
832 1746 1099 1786 Christianam
1119 1744 1352 1796 religionem
1373 1743 1560 1797 ejuravit.

244 1818 336 1843 xn1.
396 1805 593 1843 Barrabas
613 1834 625 1855 ,
669 1805 739 1856 qui
777 1818 869 1843 cum
898 1805 1026 1843 Paulo
1057 1802 1226 1842 Diaconi
1266 1801 1401 1840 officio
1432 1802 1617 1853 fungens,

130 1860 286 1913 primus
332 1862 485 1901 Romae
530 1862 736 1901 Christum
783 1862 1067 1915 praedicavit,
1125 1859 1344 1899 Mediolani
1386 1859 1618 1912 Episcopus

131 1924 269 1970 postea
298 1918 441 1958 factus.

246 1989 333 2014 xxv.
392 1976 571 2025 Marcus,
602 1975 672 2027 qui
698 1990 723 2014 a
739 1975 861 2014 Petro
884 1974 1082 2027 Apostolo
1100 1974 1326 2028 Episcopus
1350 1971 1620 2012 Alexandriae

133 2031 345 2071 ordinatus
376 2039 456 2083 est,
486 2033 595 2071 idem
624 2039 665 2071 et
692 2033 956 2085 Evangelista.

247 2103 319 2128 xv.
378 2090 507 2139 Silas,
537 2090 607 2140 qui
637 2103 728 2128 cum
758 2091 885 2129 Paulo
913 2090 1132 2129 Diaconiae
1162 2087 1340 2128 sermoni
1372 2087 1620 2139 praefectus,

134 2152 175 2186 et
205 2145 389 2187 Corinthi
418 2147 646 2199 Episcopus
674 2147 763 2185 suit.

246 2217 334 2242 xw.
390 2204 546 2253 Lucas,
581 2203 652 2255 qui
681 2217 758 2256 per
786 2202 1018 2242 universam
1048 2209 1198 2242 terram
1229 2200 1493 2252 Evangelium
1525 2213 1619 2239 cum

134 2260 260 2300 Paulo
290 2260 553 2313 praedicavit.

248 2331 355 2358 xvn.
411 2317 621 2365 Silvanus,
667 2317 736 2368 qui
766 2330 857 2355 cum
886 2316 1012 2354 Paulo
1044 2315 1260 2354 Diaconiae
1288 2314 1464 2353 sermoni
1491 2328 1617 2368 prae-

137 2375 291 2424 fectus,
320 2373 626 2414 Thessalonicae
655 2374 881 2428 Episcopus
911 2374 1059 2412 extitit.

250 2445 372 2470 xvm.
429 2432 611 2470 Clemens
635 2461 647 2480 ,
707 2430 822 2483 cujus
863 2430 1047 2469 meminit
1084 2427 1303 2480 Apostolus
1350 2429 1392 2468 in
1434 2428 1615 2481 Epistola

138 2488 314 2527 secunda
367 2488 420 2527 ad
462 2487 713 2528 Timotheum
736 2516 747 2536 ,
805 2488 1029 2540 Episcopus
1077 2484 1342 2524 Chalcedonis
1392 2486 1434 2524 in
1486 2485 1615 2524 Gallia

139 2545 230 2584 fuit.
