1820 3276
124 1038 155 1070 V
181 1036 246 1073 541

278 200 378 248 466
783 197 785 199 ’
841 198 1160 242 NOTAE

278 309 422 349 Itinere
452 307 593 346 Italico
623 320 711 360 pag.
741 307 809 348 41.
842 307 912 346 ubi
942 306 1233 346 observandum
1262 306 1578 346 Postconsulatui
1606 319 1743 346 nume-

279 381 368 405 rum
399 364 605 416 praeponi.
666 364 722 402 De
750 364 989 403 Maximiano
1021 378 1113 402 vero
1145 363 1353 412 Praesule,
1385 364 1634 402 Ravenneusi
1663 363 1742 402 Ar-

280 422 559 473 chiepiscopo,
589 419 706 458 silent
739 420 951 472 Catalogus
981 421 1114 459 editus
1145 420 1193 458 ab
1222 419 1363 458 iisdem
1391 420 1490 458 viris
1522 420 1672 470 doctis,
1701 425 1742 459 et

277 479 334 529 Ug
336 478 476 516 hellus.

392 533 486 583 Pag.
516 532 611 574 635.
642 531 680 573 5.
737 527 889 573 Μόνου
919 528 968 572 θ’.
980 532 995 584 ]
1027 532 1146 583 Apud
1174 531 1324 570 Bedam
1355 530 1405 569 de
1434 531 1599 569 Ratione
1629 531 1742 568 Tem-

276 604 364 641 por.
397 603 482 641 cap.
514 601 627 628 xmx.
658 588 713 626 ita
742 589 920 639 signatur
947 588 1014 627 hic
1042 588 1391 627 postconsulatus:
1420 600 1490 626 xv.
1507 587 1593 625 Kal.
1615 585 1743 625 Maias

277 646 410 684 Indict.
440 659 532 684 xm.
571 658 687 683 nomes
725 645 767 683 P.
798 645 836 684 C.
867 644 1012 684 Basilii.
1051 645 1120 683 ubi
1156 644 1308 696 pariter
1346 656 1537 682 numerus
1572 655 1743 695 praepo-

276 703 395 743 nitur.

392 761 484 807 Pag.
515 756 610 800 635.
641 759 677 799 8.
743 753 795 796 To*
825 752 888 796 ια’.
919 752 1072 808 μόνον]
1115 756 1252 795 Variat
1288 755 1368 797 hoc
1395 755 1488 793 loco
1518 753 1673 793 Auctor
1700 756 1743 793 in

274 814 608 853 recensendorum
637 813 1012 851 Postconsulatuum
1043 813 1237 859 formula,
1277 826 1365 850 cum
1408 811 1452 849 in
1488 811 1575 850 aliis
1609 823 1745 849 nume-

274 884 364 909 rum
404 876 635 923 praeponat.
694 869 768 908 Hic
808 883 930 922 porro
968 870 1024 908 ita
1062 869 1245 920 signatur
1266 870 1307 907 in
1339 868 1588 907 damnatione
1615 866 1744 906 Theo-

276 927 364 966 dori
394 927 581 978 Episcopi
612 926 846 965 Caesareae:
875 924 963 965 DN.
991 927 1192 964 Iustiniana·
1220 925 1299 964 ΡΡ.
1329 929 1426 974 Aug.
1456 938 1547 962 anno
1570 937 1666 962 xxv.
1695 923 1742 963 P.

274 985 315 1023 C.
343 983 483 1023 Baszliz·
517 984 555 1022 V.
588 983 626 1022 C.
655 982 733 1021 nisi
761 981 829 1020 hic
859 996 983 1020 annus
1017 982 1177 1033 Imperii
1206 982 1416 1020 Justiniani
1444 981 1702 1031 intelligatur.

390 1043 483 1090 Pag.
514 1038 609 1081 635.
638 1041 677 1080 9.
741 1034 877 1094 Τουτῳ
907 1042 961 1093 τῷ
992 1037 1092 1090 ἔτει]
1137 1038 1297 1077 Hancce
1325 1037 1519 1088 integram
1549 1033 1743 1090 περιοχήν

130 1090 159 1128 Ρ
184 1096 250 1131 601
276 1097 531 1148 descripsisse
560 1095 843 1133 Leunelavium
882 1107 932 1133 ex
969 1093 1049 1132 hoc
1088 1093 1307 1143 Chronico,
1356 1106 1521 1144 eamque
1559 1091 1743 1144 sequenti

272 1154 415 1192 Edicto
457 1151 667 1190 justiniani
704 1151 956 1203 praemisisse
985 1150 1211 1189 monuimus
1239 1151 1281 1189 in
1314 1150 1581 1201 praefatione,
1620 1148 1742 1188 inde-

274 1223 350 1261 que
391 1208 524 1259 colligi
561 1221 680 1260 posse
718 1207 825 1246 idem
864 1206 1013 1246 vidisse
1054 1207 1334 1245 Leunclavium
1365 1220 1411 1245 ac
1439 1206 1579 1258 legisse
1608 1205 1741 1244 Chro-

271 1279 406 1304 meon.

385 1321 480 1359 Ibid.
542 1319 828 1373 Φιλοχρὶστου]
870 1318 1136 1358 Leuuclavius
1178 1321 1249 1359 Φλ.
1279 1316 1323 1356 id
1352 1324 1412 1358 est
1440 1317 1591 1368 Flavio,
1630 1331 1741 1370 quo-

272 1378 392 1417 modo
422 1377 656 1427 indigitatur
684 1376 727 1414 in
752 1377 929 1415 Nov.1v.
987 1375 1095 1413 Idem
1127 1389 1241 1414 error
1269 1375 1430 1426 irrepsit
1458 1374 1499 1413 in
1527 1374 1645 1414 titulo
1674 1387 1741 1413 ee-

273 1434 430 1486 quentis
470 1432 623 1481 Edicti‚
663 1438 703 1471 et
740 1433 782 1470 in
820 1432 984 1483 Synodo
1024 1432 1460 1483 Constantinopolitana
1501 1430 1575 1469 sub
1611 1431 1740 1482 Mena,

274 1498 347 1530 act.
376 1505 403 1529 1.
434 1489 582 1528 rectius
611 1503 709 1528 vero
743 1489 922 1540 Φλαβίου
953 1488 1142 1526 scribitur
1173 1489 1214 1526 in
1246 1489 1331 1526 aliis
1362 1487 1606 1526 Aetionibus.

388 1550 481 1597 Pag
511 1546 707 1588 635.10.
767 1548 813 1584 Η
847 1541 886 1585 ε’.
923 1541 1137 1597 Σύνοδος]
1185 1545 1286 1583 Vide
1327 1551 1489 1596 praeter
1526 1529 1740 1594 Evagrium

271 1603 342 1642 lib.
372 1617 431 1647 1v
471 1616 559 1654 cap.
588 1615 769 1643 xxxvm.
809 1600 1112 1653 Theophanem,
1150 1608 1226 1641 etc.
1284 1601 1477 1652 Cyrillum
1507 1599 1740 1652 Scythopo-

220 1684 223 1687 Δ
270 1661 440 1698 litanum
480 1660 523 1697 in
559 1658 648 1696 Vita
687 1660 726 1696 S.
769 1658 894 1696 Sabae
936 1672 1020 1710 cap.
1058 1671 1198 1696 mxxiv.
1238 1671 1394 1696 Lxxxv.
1426 1663 1466 1696 et
1491 1670 1660 1696 Lxxxvx.
1701 1662 1742 1696 et

270 1716 459 1754 Ioannem
499 1715 736 1754 Garnerium
771 1715 814 1753 in
854 1714 1018 1753 Dissert.
1058 1714 1106 1752 de
1136 1727 1173 1753 v.
1201 1714 1387 1766 Synodo,
1428 1713 1604 1766 subjecta
1641 1714 1740 1752 Bre-
1804 1755 1807 1758 ,

271 1773 397 1810 viario
430 1771 602 1810 Liberati
642 1772 829 1820 Diaconi,
872 1772 913 1809 in
951 1785 1029 1822 qua
1059 1771 1243 1822 pluribus
1273 1771 1478 1822 disquirit,
1517 1783 1568 1808 an
1597 1783 1738 1809 revera

271 1828 479 1867 damnatus
510 1827 561 1866 sit
589 1827 631 1865 in
662 1842 705 1866 ea
735 1827 897 1879 Synodo
929 1827 1134 1878 Origenes,

386 1888 479 1935 Pag.
510 1883 605 1926 635.
638 1887 704 1926 18.
765 1879 1036 1936 Πρόγραμμα]
1075 1884 1162 1922 Hoc
1195 1883 1405 1932 Edictum,
1433 1881 1641 1922 Justiniani
1669 1881 1739 1920 Fi-

269 1941 335 1979 dei
377 1939 669 1978 Confessionem
714 1940 947 1987 continens,
987 1946 1025 1978 et
1060 1940 1337 1978 refutationem
1376 1940 1499 1977 trium
1529 1938 1738 1989 Capitulu-

269 2010 380 2046 rum,
423 2002 461 2034 et
494 1995 719 2034 haeresium
749 1996 812 2033 sui
845 1996 1058 2047 temporis,
1101 1996 1151 2033 ad
1181 2009 1326 2033 annum
1359 2009 1470 2035 Dxm.
1502 1995 1636 2045 vigilii
1665 1995 1737 2034 Pa-

270 2067 346 2105 pae
376 2066 446 2091 vn.
472 2057 638 2091 revocat
667 2052 880 2100 Baronius,
919 2052 987 2102 qui
1018 2051 1067 2089 de
1096 2066 1143 2090 eo
1174 2052 1309 2089 multis
1340 2052 1440 2101 agit,
1470 2065 1520 2089 ex
1548 2050 1739 2090 Facundo

269 2108 567 2156 Hermianensi,
607 2108 789 2147 Liberato
823 2108 1019 2157 Diacono,
1063 2107 1220 2146 Isidoro
1252 2108 1300 2146 de
1330 2107 1600 2159 Scriptoribus
1633 2107 1738 2148 Eccl.
1805 2138 1810 2142 .

270 2172 310 2203 et
346 2165 457 2214 aliis,
501 2170 548 2203 ut
586 2170 626 2203 et
671 2178 724 2202 ex
761 2178 808 2203 eo
844 2163 984 2202 Binius
1021 2171 1112 2215 post
1142 2165 1271 2216 Epist.
1302 2178 1358 2203 xx.
1389 2164 1564 2217 ejusdem
1595 2163 1738 2214 vigilii.

270 2221 453 2260 Edictum
484 2234 580 2259 vero
609 2220 712 2258 illud
739 2220 954 2259 Justiniani
982 2220 1136 2272 pridem
1165 2221 1301 2259 Latine
1331 2234 1380 2259 ex
1410 2220 1534 2260 veteri
1555 2220 1739 2259 versione

267 2279 310 2315 in
334 2276 522 2316 Conciliis
553 2277 739 2315 editionis
767 2276 953 2322 Crabbei‚
984 2277 1109 2327 Surii,
1144 2283 1181 2315 et
1212 2278 1359 2316 Veneta
1388 2277 1617 2329 prodierat:
1645 2289 1736 2315 cum

268 2333 424 2386 primus
455 2334 606 2377 Graeca
637 2347 687 2372 ex
719 2332 798 2372 hoc
828 2332 973 2371 Chron.
1003 2339 1088 2371 tum
1112 2334 1261 2372 inedito
1292 2334 1512 2385 publicavit
1541 2333 1737 2372 Leuncla-

269 2391 360 2428 vius
398 2390 441 2428 in
474 2390 568 2428 Jure
598 2389 856 2429 Graecorom.
895 2389 1071 2441 praefixa
1105 2391 1196 2429 Ant.
1229 2391 1359 2428 Contii
1388 2390 1437 2429 de
1466 2403 1510 2428 ea
1541 2390 1735 2428 observa-

269 2446 390 2495 tione,
420 2452 459 2484 et
489 2446 622 2485 addita
644 2446 781 2485 eadem
803 2446 930 2484 veteri
957 2446 1092 2484 Latina
1111 2447 1451 2498 interpretatione,
1482 2459 1559 2498 qua
1577 2446 1735 2495 omissa,

270 2515 381 2541 suam
417 2502 501 2554 ipse
540 2502 720 2542 Raderus
758 2501 953 2541 Chronico
994 2517 1016 2540 a
1057 2516 1098 2541 se
1137 2503 1245 2541 edito
1273 2502 1464 2552 inseruit,
1504 2515 1622 2555 quam
1653 2515 1735 2541 non

270 2558 431 2597 omnino
462 2558 650 2610 probasse
679 2559 811 2597 virum
840 2558 1113 2597 doctissimum
1143 2560 1282 2598 Franc.
1313 2558 1536 2608 Psthoeum,
1566 2563 1612 2597 ut
1632 2572 1734 2609 quae

269 2615 404 2654 naevis
441 2614 594 2666 aliquot
634 2613 768 2668 (quod
807 2615 927 2654 semel
965 2628 1010 2653 ac
1040 2614 1184 2653 iterum
1225 2612 1381 2669 monet)
1423 2614 1530 2653 haud
1565 2621 1733 2663 careret,

271 2672 484 2710 observare
514 2677 574 2710 est
601 2670 642 2710 in
670 2671 894 2710 Pithoeanis
922 2669 1115 2709 hactenus
1143 2671 1316 2720 ineditis,
1347 2677 1386 2709 et
1418 2684 1440 2709 a
1471 2671 1518 2712 V.
1549 2672 1594 2711 C.
1625 2670 1734 2710 affini

271 2729 389 2766 Petro
420 2726 584 2767 Pithoeo
619 2729 807 2767 Senatore
835 2727 1045 2767 Parisiensi
1079 2727 1258 2767 collectis
1286 2727 1357 2766 sub
1387 2741 1532 2766 aunum
1561 2740 1731 2768 uncxvz.

271 2783 335 2822 Ex
364 2784 672 2833 Leunclaviana,
701 2783 844 2826 deinde
873 2785 912 2821 in
943 2784 1118 2822 Romana
1150 2785 1244 2822 anni
1266 2798 1439 2825 Mocvm.
1469 2790 1508 2822 et
1537 2797 1586 2822 ex
1616 2797 1660 2822 ea
1689 2783 1732 2822 in

271 2839 502 2880 Coloniensi
539 2855 586 2879 ac
621 2840 826 2881 Parisiensi
864 2840 1132 2879 Consiliorum
1173 2840 1347 2881 editione
1384 2847 1554 2893 utraque
1594 2839 1728 2891 lingua
