1884 3262
310 176 502 261 290*
883 215 1208 258 NOTAE

430 325 523 374 Pag.
554 322 649 365 348.
682 325 747 364 12.
805 321 889 374 Καὶ
916 319 1171 376 Κατούλλου]
1203 323 1355 365 Schott.
1377 324 1446 366 καὶ
1465 322 1668 367 Κατύλου.
1705 324 1778 364 Fa·

314 381 366 420 sti
394 379 562 431 Capitol.
592 379 732 418 Catulo.

429 438 522 486 Pag.
553 436 648 479 348.
680 437 747 479 16.
806 435 888 477 Καὶ
908 432 1166 490 Μικούττου]
1197 437 1352 478 Schott.
1374 443 1414 476 et
1433 437 1550 487 Fasti,
1583 435 1652 480 καὶ
1674 434 1777 478 Κότ-

162 505 194 540 V
221 504 291 542 430
312 507 394 533 του.
456 491 553 546 idat.
582 496 616 530 et
644 490 814 531 Micotta.

428 551 520 598 Pag.
552 549 645 594 348.
679 551 744 592 18.
803 552 842 591 Γ
836 551 1033 601 εντίλλου]
1082 550 1234 590 Schott.
1276 555 1315 588 et
1354 549 1483 599 Fasti,
1530 544 1776 593 Λεντούλου.
1822 549 1827 551 “

310 604 409 644 Idat.
442 604 504 645 Cn.
536 604 704 645 Lentulo.

334 694 349 698 -
425 663 517 712 Pag.
546 663 642 703 349.
678 664 716 703 1.
776 663 1017 715 Πομπηΐου,
1065 661 1167 715 etc.]
1221 663 1363 713 Scalig.
1409 656 1671 704 Πλενδούλου
1708 659 1778 701 καὶ

312 714 516 772 Κράσσου.
574 717 702 768 Fasti,
734 721 909 770 Pompeio.
1284 751 1286 753 ,

429 777 521 825 Peg.
553 773 650 816 349.
681 774 719 820 4.
759 773 1093 829 “Αριστόβουλος]
1134 775 1197 814 Ex
1236 774 1408 816 Eusebio
1449 786 1539 826 pag.
1578 773 1672 816 149.
1709 771 1779 811 ubi

309 831 450 882 Scalig.
494 843 571 881 mg.
602 831 694 874 149.

428 845 521 938 Palg.
553 885 648 929 349.
673 884 717 932 6.
777 890 864 940 Ετη
894 884 1023 940 φκζ’.]
1060 889 1332 941 Depravatum
1362 886 1470 926 hunc
1499 884 1779 924 numerum-in

312 943 472 983 Graecis
510 940 693 994 Eusebii;
734 944 778 984 id
821 951 880 984 est
918 944 962 983 in
998 943 1078 983 hoc
1111 944 1331 993 Chronico,
1373 943 1562 982 observat
1590 941 1778 993 Scaliger,

309 1007 398 1039 tum
437 1014 486 1039 ex
526 1000 664 1039 eodem
704 1000 898 1051 Eusebio,
937 1009 1024 1040 tum
1060 1015 1111 1040 ex
1146 1001 1319 1054 Josepho
1347 1000 1417 1039 lib.
1446 1013 1538 1040 xm.
1569 1012 1658 1052 cap,
1689 1011 1775 1039 xxx.

309 1057 379 1110 qui
405 1051 513 1098 υποί.
547 1058 734 1109 praefert.

426 1116 518 1163 Pag.
548 1115 644 1156 349.
674 1117 713 1156 8.
773 1112 1022 1166 Ορτηνσίου]
1052 1114 1156 1153 Seal.
1190 1113 1405 1167 Ορτησίου.

424 1172 519 1219 Pag.
547 1169 644 1212 349.
675 1172 716 1212 9.
774 1170 984 1220 Ιανναῖος]
1037 1170 1099 1208 Ex
1134 1170 1328 1219 Eusebio,
1378 1168 1447 1221 qui
1490 1180 1616 1207 annos
1655 1165 1780 1217 Regni

307 1239 439 1264 xxvn.
476 1227 647 1264 Jannaeo
685 1225 897 1276 adscribit,
937 1232 1079 1265 contra
1120 1239 1239 1278 quam
1280 1227 1431 1266 Auctor
1461 1223 1674 1273 Chronici‚
1710 1222 1779 1274 qui

307 1295 407 1324 xxx.

424 1340 516 1387 Pag-
547 1338 643 1382 350.
673 1338 713 1382 5-
770 1337 997 1391 Βιργίλιος]
1027 1338 1090 1377 Ex
1107 1337 1323 1390 Phlegonte
1340 1337 1447 1391 apud
1469 1336 1657 1376 Photium
1677 1335 1777 1378 cod.

309 1406 444 1437 oxnw.
478 1394 674 1443 Eusebio,
705 1394 773 1436 ubi
802 1395 998 1445 Scaliger,
1028 1401 1067 1435 et
1097 1395 1237 1436 [datio.

423 1454 515 1501 Pag.
545 1452 640 1493 350.
671 1454 709 1493 9.
769 1452 1033 1503 Βουλκακίου]
1062 1452 1159 1491 Idat.
1180 1452 1260 1491 MS.
1280 1451 1452 1490 Bulcatio
1475 1451 1593 1489 Tullo.
1624 1448 1779 1488 Schott.

305 1509 526 1549 Βολκατίου
565 1504 740 1548 Τούλλου
769 1508 838 1548 καὶ
865 1509 1069 1557 Λεπίδου,
1099 1515 1228 1556 recte,
1257 1522 1348 1547 nam
1377 1507 1610 1560 Vulcatius,
1638 1506 1779 1546 Tullus

307 1563 426 1606 etiam
455 1564 610 1605 dictus:
650 1566 819 1605 omissus
847 1578 946 1604 vero
976 1565 1160 1617 Lepidus.
1206 1596 1210 1600 .

424 1623 518 1670 Pag.
550 1621 645 1662 350.
678 1622 741 1664 14.
802 1618 1045 1675 Πομπήϊος]
1098 1623 1160 1662 Ex
1205 1621 1378 1661 Eusebio
1423 1633 1514 1673 pag.
1558 1621 1651 1664 151.
1708 1618 1780 1660 ubi

306 1676 450 1727 Scalig.
480 1690 523 1728 p.
557 1678 650 1719 153.
1315 1673 1318 1679 ’
1678 1688 1680 1693 ’

424 1736 518 1782 Pag.
548 1735 647 1776 350.
680 1736 743 1776 18.
801 1733 1007 1786 Σιλανοῦ]
1046 1733 1200 1777 Schott.
1232 1737 1434 1777 Σιλλανοῦ
1467 1732 1538 1774 καὶ
1569 1732 1776 1787 Μουρίνα.

305 1789 407 1839 Dio,
436 1792 617 1829 Σιλανοῦ
644 1789 714 1830 καὶ
743 1787 965 1842 Μουρήνα.

422 1848 513 1895 Pag.
543 1846 636 1888 351.
669 1850 705 1888 1.
764 1842 1007 1898 Πομπήϊος]
1059 1846 1172 1885 Hane
1217 1852 1344 1886 lotam
1388 1846 1609 1899 pericopen
1648 1859 1778 1899 usque

305 1901 358 1940 ad
386 1914 530 1950 voces,
558 1899 707 1955 ἤγαγεν
735 1905 786 1959 τῇ
816 1901 1042 1958 συγκλήτῳ,
1071 1903 1357 1954 praetermittit
1386 1902 1484 1942 eod.
1514 1902 1722 1942 Holstenii.

416 1960 513 2008 Pag.
542 1959 638 2000 351.
668 1961 709 2001 8.
768 1961 1055 2013 Χαρακτῆρας]
1087 1959 1188 1998 Vide
1215 1961 1391 1998 Lexicon
1422 1958 1552 1998 Vossii
1581 1973 1622 2012 p.
1649 1957 1766 2002 766.’

421 2017 513 2065 Pag·
542 2014 639 2057 351.
670 2014 709 2056 5.
773 2013 854 2067 Τῆς
885 2014 954 2056 καὶ
983 2015 1183 2068 Σαλίνας]
1228 2015 1405 2068 Scaliger
1434 2016 1484 2055 ad
1515 2016 1657 2057 Euseb.
1686 2027 1776 2069 pag.

417 2125 513 2177 Pag.
543 2125 640 2169 351.
674 2129 738 2169 10.
803 2124 1006 2181 Τρκανός]
1045 2127 1243 2181 Iosephus
1279 2128 1353 2170 lib.
1381 2142 1469 2171 xw.
1510 2127 1645 2182 Antiq.
1683 2127 1775 2170 Jud-

269 2214 272 2219 ,
303 2195 391 2235 cap.
419 2176 506 2221 xxd-

154 2362 184 2399 Ρ
209 2365 277 2402 517

418 2239 512 2289 Pag.
542 2238 639 2282 351.
672 2241 739 2282 12.
797 2238 1040 2291 Αφρανίου]
1072 2240 1175 2289 Scal.
1206 2241 1411 2293 Αφανίου.
1453 2241 1606 2284 Schott.
1634 2245 1777 2298 Αφρα·

303 2295 408 2336 νίου.
466 2295 571 2334 ldat.
600 2294 748 2347 Afranio
777 2300 811 2334 et
840 2295 989 2334 Metello
1006 2296 1151 2336 Celere.

418 2350 513 2401 Pag.
545 2351 642 2397 351.
675 2350 738 2393 14.
799 2353 948 2392 Δεκίου
970 2353 1191 2406 Καίσαρος]
1223 2354 1284 2394 Ita
1302 2354 1402 2395 Idat.
1425 2354 1495 2407 qui
1512 2355 1643 2395 Bibola
1660 2363 1775 2408 prae-

304 2408 394 2450 fert.
443 2406 634 2447 schottus
664 2407 815 2447 omittit
843 2422 984 2447 vocem
1015 2411 1176 2450 Δεκίου.

419 2463 514 2514 Pag.
545 2464 640 2507 851.
672 2465 737 2508 15.
798 2464 1000 2518 Γαβίνου]
1034 2467 1254 2519 Γαβινίου,
1283 2466 1438 2507 Schott.
1467 2467 1640 2518 Gabinio,
1668 2462 1776 2509 Idat.

306 2521 549 2571 Poeov'cvlov,
580 2520 665 2560 Dio.

417 2576 512 2627 Bzg.
541 2577 638 2620 351.
668 2578 734 2619 16.
795 2577 1080 2629 Φιλαδελφεῖς]
1132 2579 1189 2618 De
1239 2592 1331 2621 tera
1370 2579 1774 2635 Philadelphiensium

304 2632 385 2684 egit
421 2632 598 2686 Scaliger
635 2632 678 2672 iu
716 2633 942 2674 Canonibus
971 2633 1162 2686 lsagogic.
1191 2636 1354 2678 lib..111.
1383 2652 1425 2691 p.
1453 2640 1551 2684 801.
1581 2644 1620 2679 et
1648 2640 1775 2691 Span-

303 2688 458 2729 hemius
487 2689 538 2730 de
566 2690 715 2729 Pmest.
748 2695 789 2732 et
816 2702 895 2730 utu
922 2691 1152 2732 numism-t.
1184 2706 1222 2744 p.
1252 2696 1349 2736 871.

418 2746 516 2798 Pag.
544 2745 641 2790 851.
672 2749 737 2790 17.
794 2746 878 2788 Καὶ
918 2746 1186 2802 Μαρκέλλου]
1242 2749 1342 2791 Idat.
1390 2755 1431 2790 et
1474 2750 1573 2802 Dio,
1621 2750 1772 2793 Matella

305 2799 451 2856 Nepote.
