1884 3262
576 194 849 239 CHRONICI
881 193 1191 239 PASCHALIS.
1526 193 1624 242 127

254 319 385 345 xxxv·
444 303 644 356 Phlegon,
684 305 800 358 cujus
830 306 1008 346 meminit
1038 307 1080 345 in
1120 305 1300 359 Epistola
1327 303 1378 344 ad
1406 305 1622 358 Romanos,

143 363 213 416 qui
242 369 282 402 et
310 362 556 402 Marathonis
586 362 813 415 Episcopus
843 364 990 402 extitit.

254 434 400 460 xxxw.
441 419 630 470 Hermes,
654 434 655 438 ¹
680 420 794 471 cujus
827 420 978 459 mentio
1010 427 1070 460 est
1105 421 1148 459 in
1177 419 1359 474 Epistola
1389 421 1441 460 ad
1469 423 1623 461 Roma-

140 491 237 529 nos,
268 477 339 528 qui
369 483 408 515 et
437 477 656 516 Dalmatiae
684 478 910 529 Episcopus
943 478 1033 518 fuit.

252 548 415 573 xxxvn.
462 534 684 583 Patroban,
727 533 843 587 cujus
871 535 1054 573 meminit
1086 535 1332 587 Apostolus,
1370 535 1439 588 qui
1468 543 1509 575 et
1537 537 1623 575 Pu-

137 591 337 630 teolorum
366 590 444 630 fuit
478 591 714 643 Episcopus.

251 662 434 689 xxxvm.
491 648 687 700 Hermas,
727 648 844 702 cujus
879 647 1062 686 meminit
1100 650 1141 692 in
1171 649 1353 702 Epistola
1394 649 1444 687 ad
1472 650 1622 688 Roma-

141 720 237 757 nos,
269 706 340 757 qui
371 712 411 744 et
437 705 664 758 Episcopus
693 706 771 744 fuit
799 705 1143 757 Philippopoleos.

94 767 99 776 ¹
252 776 404 801 xxmx.
465 763 586 801 Linus
605 794 616 813 ‚
648 763 719 815 qui
749 769 842 815 post
869 763 1034 801 Petrum
1064 762 1308 816 Apostolum
1340 764 1491 802 Romae
1519 764 1622 816 Epi-

138 833 286 873 scopus
313 820 402 858 fuit.
1420 859 1424 863 ,

250 891 317 918 xn.
378 877 521 924 Caius,
552 875 669 928 cujus
698 875 879 915 meminit
906 876 1145 929 Apostolus,
1177 877 1246 929 qui
1275 884 1314 916 et
1342 876 1491 930 Ephesi
1519 878 1620 931 Epi-

138 947 287 987 scopus
317 941 411 986 post
439 931 695 972 Timotheum
723 934 840 972 Pauli
870 932 1056 986 Apostoli
1090 934 1355 987 Discipulum.

250 1004 335 1029 xm.
377 989 635 1041 Philologus,
665 991 780 1044 cujus
809 991 960 1043 pariter
995 992 1178 1031 meminit
1207 992 1447 1044 Apostolus,
1479 992 1550 1045 qui
1579 998 1621 1031 et

137 1047 305 1100 Sinopes
335 1048 562 1100 Episcopus
591 1047 641 1086 ab
671 1048 833 1088 Andrea
864 1048 1063 1102 Apostolo
1093 1049 1306 1089 ordinatus
1335 1056 1407 1089 est.

248 1119 349 1144 XLII.
408 1105 617 1157 Olympas.

165 1205 170 1208 ·
247 1204 366 1229 xmn.
423 1186 634 1236 Rhodion,
667 1189 783 1243 cujus
811 1189 994 1230 meminit
1022 1189 1265 1244 Apostolus,
1296 1193 1368 1244 qui
1399 1197 1440 1231 et
1467 1191 1620 1232 Romae

134 1261 214 1287 una
244 1261 336 1286 cum
362 1247 482 1286 Petro
510 1246 731 1300 Apostolo,
761 1248 836 1287 sub
866 1249 1024 1287 Nerone
1056 1249 1193 1302 capite
1218 1250 1365 1302 plexus
1396 1255 1469 1290 est.

245 1346 357 1372 xmv.
416 1334 578 1383 Lucas,
632 1334 747 1386 cujus
784 1334 968 1374 meminit
1011 1334 1055 1372 in
1092 1335 1276 1387 Epistola
1316 1336 1369 1375 ad
1399 1336 1617 1385 Romanos,

131 1389 204 1442 qui
232 1396 274 1430 et
305 1390 528 1443 Episcopus
557 1391 779 1430 Laodiceae
808 1391 950 1443 Syriae
980 1391 1070 1430 fuit.

243 1460 338 1486 xnv.
396 1449 536 1497 Jason,
572 1447 688 1499 cujus
717 1449 896 1488 meminit
924 1448 969 1489 in
997 1447 1183 1501 Epistola
1213 1447 1267 1487 ad
1294 1449 1514 1501 Romanos,
1544 1449 1617 1502 qui

131 1509 172 1543 et
201 1504 314 1544 Tarsi
342 1504 568 1558 Episcopus
598 1504 690 1545 fuit.

244 1574 359 1602 nvn
419 1563 644 1614 Sosipater,
674 1562 791 1615 cujus
819 1562 973 1602 mentio
1004 1568 1066 1602 est
1096 1561 1141 1601 in
1160 1561 1346 1616 Epistola
1375 1562 1428 1603 ad
1459 1563 1618 1603 Roma-

130 1633 231 1666 nos,
265 1618 337 1670 qui
370 1625 411 1659 et
439 1619 569 1658 Iconii
597 1619 941 1675 Episcopussfuit.

242 1689 371 1714 XLvu.
429 1677 612 1726 Tertius,
654 1677 726 1729 qui
763 1677 984 1730 Epistolam
1013 1677 1066 1716 ad
1094 1678 1296 1717 Romanos
1326 1677 1516 1731 scripsit,
1545 1678 1617 1731 qui

130 1733 334 1772 secundus
363 1733 494 1774 Iconii
522 1733 602 1772 fuit
629 1734 870 1787 Episcopus.

243 1804 392 1846 xnvm.
450 1791 642 1839 Erastus,
676 1792 793 1845 cujus
823 1792 941 1831 etiam
970 1792 1014 1831 in
1043 1790 1181 1831 eadem
1215 1791 1394 1844 Epistola
1423 1792 1617 1842 meminit,

132 1847 203 1899 qui
237 1854 278 1886 et
305 1847 691 1901 Hierosolymitanae
718 1850 922 1889 Ecclesiae
951 1849 1208 1891 Oeconomus
1236 1850 1337 1899 suit,
1384 1863 1431 1888 ac
1470 1849 1617 1890 deinde

132 1904 319 1944 Paniadis
349 1906 590 1960 Episcopus.

245 1976 359 2002 xmx.
418 1963 598 2012 Quartus
617 1995 630 2014 ‚
678 1962 793 2017 cujus
826 1964 870 2003 in
904 1963 1043 2006 eadem
1080 1963 1267 2017 Epistola
1298 1963 1503 2014 meminit,
1543 1963 1616 2016 qui

133 2025 175 2058 et
202 2019 341 2071 Beryti
370 2019 449 2059 fuit
478 2021 715 2074 Episcopus

245 2090 285 2115 L.
342 2076 490 2129 Apollo
511 2107 523 2127 ‚
570 2078 686 2130 cujus
736 2077 917 2117 meminit
965 2077 1009 2116 in
1061 2077 1245 2129 Epistola
1286 2077 1339 2116 ad
1380 2076 1614 2117 Corinthios

131 2133 371 2186 Apostolus,
396 2135 475 2186 ‹qui
504 2141 544 2175 et
574 2135 787 2174 Caesareae
810 2135 1038 2188 Episcopus
1070 2135 1217 2174 extitit.

241 2205 297 2232 m.
360 2191 544 2244 Cephas,
575 2205 695 2244 quem
724 2191 963 2232 Antiochiae
991 2193 1174 2243 coarguit
1202 2191 1353 2231 Paulus
1382 2190 1616 2244 Apostolus,

130 2248 200 2300 qui
230 2254 270 2287 et
300 2248 446 2287 Coniae
476 2249 554 2288 fuit
582 2249 820 2302 Episcopus.

243 2318 315 2345 Lu.
374 2305 591 2348 Sosthenes
609 2335 624 2358 ,
663 2306 782 2360 cujus
819 2305 999 2347 meminit
1037 2303 1259 2357 Apostolus
1276 2335 1288 2355 ,
1335 2303 1612 2358 Colophoniae

129 2363 162 2406 E
192 2361 277 2401 isco
309 2375 370 2402 us.
1404 2406 1407 2413 ,

163 2377 190 2415 P
240 2376 330 2462 mlh.
389 2419 615 2473 Tychious,
659 2420 776 2474 cujus
813 2418 995 2461 meminit
1034 2417 1256 2472 Apostolus
1275 2445 1290 2466 ‚
1335 2417 1611 2472 Colophoniae

130 2476 368 2530 Episcopus.
