1820 3276
454 218 515 262 IN
548 218 878 264 CHRONICON
910 220 1201 266 PASCHALE.
1462 221 1561 271 433

207 328 299 378 Pag.
329 330 423 371 602.
455 331 521 372 21
580 329 663 371 Καὶ
694 327 988 385 συνεκάθισεν]
1018 332 1302 385 supplevimus
1322 331 1421 372 haec
1439 333 1562 373 verba

92 396 142 421 ex
172 383 266 424 edit.
298 385 508 436 Scaligeri‚
539 399 640 436 quae
669 386 832 427 deerant
861 389 904 427 in
934 389 1176 428 Raderiana.
1207 390 1285 437 Εἰς
1312 388 1356 431 τὸ
1380 395 1564 444 θεωρεῖν,

91 439 161 480 καὶ
195 440 285 481 ἴδον
327 457 423 489 τους
460 439 667 495 ἡνιόχους.
727 444 819 492 Quo
858 446 949 484 loco
992 445 1278 499 Theophanes:
1323 448 1564 488 Βασίλισκον

89 512 164 536 τον
193 498 400 549 Αρματίου
428 496 525 539 υἷόν
553 495 819 552 προβάλλεται
854 501 880 542 ὁ
910 498 1058 554 Ζήνων
1097 504 1305 555 Καίσαρα,
1352 503 1423 544 καὶ
1462 520 1562 544 κατα

89 569 161 601 τας
198 551 432 605 υποσχέσεις
470 553 738 598 συνεκαθισεν
771 557 900 612 ἑαυτῷ
940 558 984 600 ἐν
1021 575 1076 599 τω
1123 558 1288 615 Σὲνσῳ,
1335 559 1405 600 καὶ
1449 560 1564 613 ἐτίμα

88 624 187 657 τους
214 607 404 662 ἡνιόχους·
433 609 511 652 συν
537 615 592 667 τῷ
620 616 791 655 Βασιλεῖ.
853 615 926 653 Ubi
958 629 1038 654 vox
1057 615 1170 668 ε’τίμα
1192 602 1298 654 idem
1321 617 1430 655 valet
1452 617 1562 669 quod

89 669 283 705 certamina
312 670 454 719 aspexit
483 673 517 707 et
538 654 728 721 piobavit,
767 677 812 709 ut
840 671 1024 722 loquitur
1052 673 1307 711 Marcellinus
1337 687 1401 713 an.
1432 687 1460 712 1.
1490 675 1567 712 Ju-

90 723 274 773 stiniani‚
311 725 379 762 vel
418 729 625 765 sententiam
665 728 708 765 de
749 729 907 766 cunibus
943 729 1050 778 tulit,
1096 736 1142 767 ut
1181 729 1372 768 Sidonius
1409 730 1476 769 lib.
1505 745 1564 770 ix.

88 780 215 832 Epist.
241 794 298 819 ix.
330 782 394 819 vel
422 781 596 834 denique
627 784 794 835 perinde
824 798 870 823 ac
901 785 1145 838 Imperator,
1183 799 1343 838 unaque
1373 799 1465 824 cum
1493 787 1566 825 illo

88 837 193 887 agita
197 837 353 875 toribus
391 839 568 890 praemia
611 841 832 879 distribuit·
880 841 930 879 de
960 856 1042 893 quo
1072 855 1183 880 more
1213 842 1467 893 Bullingerus
1496 844 1566 884 lib.

89 893 140 931 de
169 894 286 932 Circo
317 907 403 945 cap.
435 909 516 934 nv.
574 897 700 936 Porro
731 897 841 950 apud
870 897 1154 949 'lheophaneni
1185 899 1356 947 Σένσος,
1387 907 1446 938 est
1479 901 1568 939 Ses-

87 954 168 999 sus',
210 963 258 988 ac
286 950 391 989 idem
423 952 530 1004 quod
563 949 782 1005 Καθισμα,
828 968 896 992 seu
926 955 1103 994 tribunal
1133 955 1264 1004 Circi,
1293 962 1337 994 ut
1365 956 1406 994 in
1439 957 1569 995 Gloss.

87 1008 190 1047 med.
224 1007 401 1047 Graecit.
429 1022 650 1048 monemus.
708 1011 964 1050 Marcellinus
996 1013 1133 1051 Comes
1163 1026 1268 1051 anno
1298 1026 1325 1050 1.
1354 1013 1567 1052 Justiniani
1593 1016 1622 1050 V
1649 1017 1719 1052 519

87 1063 143 1102 ait
172 1064 340 1103 eundem
381 1066 599 1117 Augustum
624 1070 782 1118 priscum
811 1069 937 1107 solium
967 1069 1068 1108 Circi
1106 1070 1147 1107 ob
1179 1070 1386 1120 aspicienda
1408 1072 1568 1121 proban-

87 1120 202 1172 daque
241 1124 460 1170 certamina,
502 1126 709 1163 eminentius
743 1126 948 1177 clar-iusque
987 1139 1094 1177 quam
1126 1126 1259 1177 fuerat
1295 1127 1567 1194 redintegrasse,

87 1179 185 1216 bonis
226 1179 366 1229 quidem
404 1182 649 1230 agitatoribus
680 1185 900 1232 praemium,
937 1185 1082 1233 ignavis
1118 1186 1236 1221 autem
1264 1186 1480 1222 severitatem
1509 1187 1567 1222 in-

85 1238 258 1273 mentem.
319 1235 432 1283 Quae
472 1237 635 1288 quidem
672 1251 754 1276 non
792 1238 950 1278 modice
986 1239 1192 1277 illustrant
1232 1239 1352 1278 verba
1381 1239 1569 1279 Auctoris

87 1289 274 1329 Chronici
317 1298 357 1330 et
395 1292 664 1346 Theophanis.
736 1295 856 1334 Istius
901 1295 940 1334 in
985 1296 1102 1334 Circo
1139 1294 1277 1334 throni
1317 1296 1570 1348 Imperatorii

83 1347 264 1386 meminit
293 1356 500 1400 praeterea
531 1350 816 1390 Christodorus
845 1352 916 1391 lib.
946 1365 988 1393 v.
1018 1351 1180 1390 Anthol.
1210 1352 1344 1405 Epigr.
1372 1366 1510 1392 mxxvi.

202 1407 296 1455 Pag-
327 1408 422 1448 603
451 1409 492 1471 3.
554 1409 588 1447 Ο
611 1405 656 1447 δὲ
676 1406 871 1456 Βασιλεὺς
902 1404 1067 1461 Ζήνων]
1097 1409 1189 1447 Ηιιο
1217 1409 1420 1461 pertinent
1442 1410 1570 1449 verba

87 1459 293 1499 Aureliani
332 1462 430 1514 Imp.
460 1462 503 1501 in
532 1463 659 1516 Epist.
693 1464 744 1503 ad
773 1465 954 1504 Mallium
988 1464 1219 1517 Chilonem,
1260 1466 1309 1504 de
1340 1466 1570 1506 Heraclam-

85 1531 222 1556 mone:
275 1519 407 1557 Occidi
443 1533 575 1571 passus
616 1534 693 1559 sum
729 1523 836 1571 cujus
873 1524 979 1574 quasi
1010 1523 1174 1574 beneficio
1216 1523 1408 1574 Thyamim
1444 1527 1570 1575 recepi.

85 1574 171 1624 Ego
211 1588 293 1613 vero
325 1576 539 1626 proditorem
578 1590 700 1616 amare
735 1593 804 1617 non
843 1581 969 1630 potui,
1008 1583 1043 1617 et
1078 1580 1224 1618 libenter
1260 1580 1333 1618 tuli
1369 1581 1463 1631 quod
1492 1594 1571 1619 eum

85 1631 216 1669 milites
256 1633 471 1671 occiderunt.
540 1632 666 1685 Neque
700 1637 791 1674 enim
817 1636 932 1686 fidem
967 1636 1058 1674 milei
1092 1649 1236 1675 servare
1268 1639 1463 1687 potuisset,
1507 1640 1573 1689 qui

80 1690 228 1739 patriae
261 1703 332 1727 non
358 1692 525 1741 pepercit.
593 1692 643 1729 Et
675 1692 752 1731 ista
792 1691 968 1730 Heraclii
1004 1692 1105 1744 Imp.
1147 1692 1197 1731 ad
1242 1693 1450 1745 Crispum,
1497 1707 1569 1732 seu

85 1744 266 1783 Priscum
296 1746 425 1784 Foeae
453 1758 666 1798 generum,
705 1763 728 1786 a
758 1761 839 1800 quo
869 1755 1058 1787 evocatus
1089 1749 1243 1798 fuerat,
1276 1749 1351 1788 illo
1380 1750 1423 1788 in
1453 1750 1570 1789 ordi-

83 1814 175 1839 nem
204 1801 395 1841 redacto.
439 1805 694 1869 Ταλαίπωρε,
732 1802 912 1857 γαμβρὸν
940 1801 1015 1845 οὐκ
1046 1804 1261 1859 ἐποίησας,
1301 1822 1369 1846 και
1397 1809 1487 1855 πῶς
1514 1822 1569 1847 αν

84 1858 208 1909 φίλον
247 1854 390 1911 οἷληθῆ
425 1856 647 1912 ποιήσειας
705 1861 765 1899 Ita
806 1860 1133 1912 Andragathum‚
1179 1861 1294 1914 cujus
1335 1863 1570 1915 proditione

85 1913 360 1966 Amphipolim
405 1923 587 1968 ceperat,
631 1917 682 1956 ab
723 1917 962 1970 Lysimacho
992 1918 1116 1957 fuisse
1146 1918 1401 1958 intersectum
1431 1919 1572 1959 scribit

85 1971 314 2023 Polyaenus
352 1972 421 2011 lib.
450 1986 506 2013 iv.
543 1975 715 2025 Strateg.
754 1988 846 2026 pag.
875 1977 972 2018 320.
1011 1975 1168 2014 tametsi
1202 1975 1442 2016 Onosander
1478 1990 1567 2028 cap.

82 2041 256 2067 xxxvm.
299 2029 563 2069 traditoribus
602 2030 722 2069 fidem
761 2044 847 2070 esse
887 2031 1128 2071 servandam
1168 2032 1398 2075 contendat.
1471 2033 1571 2072 Vide

84 2084 330 2124 Balduinum
367 2086 419 2125 ad
459 2087 551 2139 Leg.
588 2087 783 2141 Majestat.
823 2087 899 2127 sub
937 2088 1026 2128 init.
1067 2088 1140 2128 ubi
1180 2089 1306 2128 multa
1344 2090 1394 2129 de
1423 2090 1569 2142 prodi—

82 2141 205 2181 torib.

204 2201 659 2249 steens-1213&
696 2198 741 2242 τό
768 2200 971 2254 Κοχλίον]
1016 2201 1144 2240 Addit
1184 2199 1472 2254 Theophanes,
1512 2217 1569 2249 ως

87 2250 273 2308 οἷνὲρχετο
305 2255 364 2303 εἰς
390 2253 436 2296 τὸ
460 2253 760 2310 Ιπποδρόμιον·
807 2271 854 2296 eo
893 2257 984 2309 ipso
1018 2257 1174 2296 scilicet
1202 2258 1295 2296 loco
1326 2271 1406 2310 quo
1435 2258 1567 2297 inter-

86 2318 264 2364 emptum
295 2312 528 2351 Gratianum
556 2313 657 2364 Imp.
687 2314 828 2352 scribit
856 2313 1015 2352 Auctor
1044 2313 1247 2356 Chronici.

202 2371 426 2419 Pag.603.
460 2371 524 2411 13.
586 2367 701 2411 Κατὰ
736 2367 780 2410 τό
814 2369 1019 2422 Δέκιμον]
1059 2371 1117 2409 Ita
1157 2370 1255 2410 Cod.
1296 2370 1424 2411 Vatic.
1468 2372 1568 2410 Per-

85 2438 226 2477 peram
265 2421 444 2477 Δόκιμον
484 2425 662 2477 Scaliger
700 2431 738 2464 et
766 2426 947 2465 Raderus
979 2427 1203 2492 ediderant.
1261 2426 1439 2480 Δέκιμον
1468 2442 1566 2467 vero

85 2481 300 2533 legendum
328 2495 452 2533 supra
480 2483 522 2521 in
553 2482 748 2523 Gratiano
777 2483 1017 2522 monuimus.

203 2541 296 2588 Pag
325 2539 520 2582 603.14.
581 2539 877 2593 Φονευθῆναι]
918 2539 1141 2589 Candidus,
1186 2536 1489 2594 ἒκρεουργήθη,
1529 2542 1566 2578 in

79 2594 210 2646 frusta
238 2595 436 2646 discerptus
463 2600 525 2635 est.

204 2654 426 2701 Pag.,603.
450 2652 527 2694 15.
588 2653 830 2694 Επίσκοπον
859 2649 1156 2706 ἐχειροτόνησεν
1185 2652 1242 2700 εἰς
1274 2648 1476 2703 Κύζικον]
1506 2651 1567 2690 Ita

87 2706 372 2746 Constantinus
402 2708 614 2751 Manasses.
673 2711 726 2749 At
756 2709 974 2760 Candidus,
1005 2709 1071 2748 cui
1101 2709 1319 2747 assentitur
1346 2706 1569 2759 Theopha-

87 2775 182 2814 nes,
227 2763 481 2816 probabilius
517 2766 696 2805 Marcum
739 2767 976 2806 Lectoribus
1019 2764 1319 2805 Blachernensis
1364 2762 1567 2804 Ecclesiae

86 2819 220 2871 primo
248 2821 437 2860 allectum
467 2823 542 2873 ait,
580 2823 778 2874 siquidem
807 2831 895 2862 tum
922 2823 1058 2876 junior
1082 2823 1220 2862 'adhuc
1251 2826 1358 2871 erat,
1395 2833 1471 2859 nec
1496 2835 1569 2860 ae-

89 2881 210 2915 tatem
241 2884 482 2916 consecutus
509 2892 586 2930 qua
616 2880 839 2934 Episcopus
869 2880 1003 2931 fieret,
1042 2880 1112 2920 sed
1150 2885 1292 2933 postea
1322 2876 1400 2918 hac
1428 2877 1570 2930 digni-

147 2947 344 2983 chronicon
376 2949 547 2985 paschale
575 2951 644 2986 vol.
674 2951 725 2986 11.
1236 2947 1292 2989 28
