1884 3262
313 218 380 264 92
639 217 882 260 SELECTA
914 216 987 258 AD
1021 216 1515 260 ILLUSTRATIONEM

319 327 591 396 Αλέξανδρος
594 326 619 368 6
640 327 861 395 Μαμαίας,
895 323 1050 381 ἒσφαγη
1066 359 1078 378 ,
1109 333 1170 382 ιγ’.

321 382 537 437 Μαξιμος,
567 380 613 432 ὃς
632 380 791 438 ἐσφαγη
813 383 855 425 ἐν
876 385 1052 440 Ακυλία,
1081 389 1130 438 γ’.

323 445 537 509 Πομπῖνος
558 438 635 480 συν
655 441 842 510 Αλβίνῳ,
873 443 1004 494 μῆνας
1024 445 1072 494 γ’.

323 494 545 552 Γορδιανός
566 491 725 550 ἧγξεν’”
707 494 848 539 εαυτὸν
869 497 912 538 ἐν
918 499 1122 564 Αφρικῃ·
1140 493 1203 544 ὃς
1222 490 1416 548 ἒκρατησε
1439 499 1486 542 ς’.

325 556 547 606 Φίλιππος,
579 551 621 601 ὃς
642 550 797 608 ἐσφάγη
815 554 858 595 ἐν
875 550 1025 621 κήποις
1043 552 1277 608 Βεριανοῖς,
1308 554 1349 600 ζ’.

323 611 489 660 Δέκιος,
521 606 714 664 ἐσφάγη’
696 627 739 651 εν
765 614 819 665 τῷ
840 607 980 665 φόρῳ,
1007 615 1056 652 α’.

325 665 476 715 Γάλλος
494 666 561 707 καὶ
581 653 876 717 Βολουσιανός,
906 670 966 721 β’.

328 721 571 778 Γαλεριανος
598 724 666 765 καὶ
688 721 906 778 Γαλιηνὸς,
939 729 997 765 ιε’.

177 787 205 821 Ρ
229 786 299 822 411
328 779 550 830 Κλαύδιος,
581 780 646 833 ἔτη
670 786 720 822 α’.

323 834 587 892 Αβριλιανός,
623 843 667 885 ς’.

330 892 511 947 Τοίκητος
533 894 599 935 καὶ
627 892 877 948 Φλωριανὸς,
909 897 1039 948 μῆνας
1063 900 1107 941 ς’

324 948 514 1020 Πρόβος,
544 953 586 1000 ζ’·

324 1006 487 1063 Καρος,
521 1006 596 1048 συν
614 1006 722 1049 υἱέσι
746 1008 913 1064 Καρίνῳ
936 1007 1004 1048 καὶ
1019 1009 1319 1079 Νουμεριανῷ,
1349 1007 1398 1059 β’.

325 1062 616 1118 Διοκλητιανος
635 1064 704 1105 καὶ
727 1062 1031 1118 Μαξιμιανός““
1006 1081 1027 1104 ο
1051 1048 1300 1134 Ερκούλιος,
1330 1063 1404 1103 κδ’.

170 1121 301 1158 V329
325 1120 585 1176 Μαξιμιανὸς
603 1121 627 1163 6
652 1120 860 1175 Γαλὲριος,
890 1121 960 1161 καὶ
978 1118 1252 1169 Μαξέντιος
1230 1137 1251 1162 ο
1266 1117 1355 1168 υίὸς
1369 1122 1445 1160 τοῦ
1467 1118 1717 1172 Ερκουλίου,
1743 1121 1801 1158 θ’

443 1182 559 1232 Ομοῦ
581 1178 647 1231 ε’τη
669 1183 773 1228 τνθ’,
804 1177 872 1218 καὶ
894 1180 1025 1230 μῆνας
1048 1182 1092 1223 ς’.
1443 1204 1448 1211 s

326 1235 421 1279 Απο
445 1239 518 1289 τῆς
550 1238 625 1276 τοῦ
650 1235 806 1288 Κυρίου
837 1234 1094 1288 Παρουσίας,
1136 1233 1210 1282 ε’ως
1241 1229 1481 1282 οἷναδείξεως
1510 1235 1585 1273 τοῦ
1612 1227 1802 1298 Μεγαλου

446 1294 776 1341 Κωνσταντίνου,
810 1290 874 1343 ε’τη
895 1293 966 1339 τιζ’
984 1290 1053 1330 καὶ
1075 1293 1206 1342 μῆνας
1227 1295 1271 1336 ς’.

328 1350 413 1392 Καὶ
433 1347 521 1391 όσοι
540 1349 582 1390 ἐν
604 1352 658 1404 τῷ
677 1349 882 1404 Βυζαντίω
900 1347 1162 1401 ἐβασίλευσαν
1181 1349 1364 1395 Βασιλεῖς
1380 1348 1555 1398 Ρωμαῖοι
1569 1343 1805 1399 Χριστιανοὶ

445 1391 680 1475 ὀρθόδοξοι.

333 1467 641 1511 Κωνσταντῖνος
661 1460 681 1504 6
705 1460 868 1531 Μέγας,
897 1460 964 1513 ε’τη
980 1462 1056 1513 λβ’.

334 1516 615 1568 Κωνσταντιος
634 1518 658 1560 6
678 1515 768 1566 υἷος
789 1513 937 1567 αὐτοῦ,
967 1514 1182 1585 Λρειανός,
1211 1517 1285 1557 κδ’.

336 1574 547 1626 Ιουλιανος
567 1593 587 1618 ο
579 1572 862 1630 “παραβατης,
897 1576 948 1627 β’,
978 1574 1048 1615 καὶ
1066 1570 1205 1627 ἥμισυ

336 1631 556 1704 Ιωβιανος,
588 1637 639 1673 α’.

330 1687 691 1738 Ουαλεντινιανος,
723 1694 787 1729 ια’.

336 1745 524 1800 Ουαλης,
545 1743 762 1800 Αρειανός,
794 1746 857 1785 ιδ’.
1881 1785 1884 1790 Α

333 1801 562 1877 &sowy-»09
578 1803 599 1845 6
620 1802 763 1857 Μέγας
795 1800 866 1842 καὶ
888 1797 1109 1855 Γρατιανος
1134 1800 1178 1841 ἐν
1202 1796 1324 1854 Ριόμῃ
1338 1829 1349 1849 ,
1380 1799 1449 1840 καὶ
1480 1795 1812 1847 Ονάλεντινιανὸς
1876 1805 1884 1830 ’·

451 1861 471 1903 6
491 1860 582 1910 νέος
602 1865 666 1907 ις’.
1144 1884 1147 1893 »

336 1915 564 1986 Αρκάδιος,
595 1916 619 1958 6
634 1914 726 1964 υἷός
748 1912 895 1964 αὐτοῦ,
927 1913 984 1955 ἐν
995 1910 1141 1984 Ρῶμῃ,
1172 1917 1240 1959 κε’,
1274 1915 1406 1964 μῆνας
1424 1913 1472 1965 γ’.

337 1972 572 2024 Θεοδόσιος,
601 1973 811 2026 Αρκαδίου
841 1968 954 2022 υἷος,
987 1968 1063 2011 συν
1085 1966 1275 2025 Εὕδοκία
1301 1972 1353 2025 τῇ
1381 1971 1533 2024 γαμετῇ
1563 1964 1712 2017 αυτοῦ,
1741 1966 1811 2008 καὶ

449 2028 607 2102 ἀδελφῇ
631 2028 878 2099 Πουλχερία,
910 2029 990 2096 μβ’.
1782 2047 1783 2050 =

333 2086 600 2145 Μαρκιανος,
631 2086 652 2128 6
677 2082 855 2140 γαμβρός
877 2080 1027 2134 αὐτοῦ,
1059 2081 1135 2124 συν
1164 2086 1214 2139 τῇ
1242 2085 1396 2138 γαμετῇ
1422 2077 1550 2122 αυτοῦ
1571 2081 1810 2136 Πουλχερία,

450 2147 570 2194 κτίζει
587 2142 635 2184 τὰ
659 2139 966 2197 Χαλκοπράτια,
999 2140 1067 2181 καὶ
1086 2137 1158 2189 τᾶς
1176 2125 1424 2194 Βλαχέρνας,
1457 2143 1502 2186 ς’.

334 2202 457 2245 Λέων
477 2202 499 2244 6
517 2201 659 2255 μέγας,
689 2200 755 2253 ε’τη
779 2204 846 2252 ιη’.

336 2260 459 2302 Λέων
481 2256 644 2312 μικρὸς,
676 2262 727 2298 α’.

340 2313 490 2369 Ζήνων
507 2314 669 2366 Αζέφα,
701 2311 934 2365 ἐπικληθεὶς
954 2307 1166 2365 οἷγόνατος,
1195 2308 1265 2350 καὶ
1285 2308 1309 2351 6
1325 2306 1436 2359 υἱός,
1468 2311 1526 2358 ιζ’.

339 2369 616 2422 Αναστασιος,
648 2369 669 2412 6
688 2366 939 2423 καλούμενος
958 2367 982 2409 6
999 2368 1198 2421 Δίκορος,
1227 2368 1296 2415 κζ’.

345 2433 556 2477 Ιουστῖνος
579 2427 603 2469 6
626 2443 806 2479 πρωτος,
837 2431 892 2466 θ’.

346 2482 622 2533 Ιουστινιανος
656 2483 677 2526 6
704 2498 872 2538 πρωτος.
935 2475 1063 2528 Οὗτος
1089 2480 1207 2528 κτίζει
1242 2494 1318 2532 την
1348 2474 1525 2532 μεγαλην
1561 2478 1811 2531 Εκκλησίαν·

348 2603 557 2647 Ιουστῖνος
581 2614 601 2639 ο
592 2596 734 2646 νέος,
766 2601 828 2649 ι.γ’

351 2655 535 2710 Τιβέριος
554 2653 623 2695 καὶ
645 2656 971 2701 Κωνσταντῐνος,
1003 2653 1049 2691 6¹

348 2713 604 2765 Μαυρίκιος,
637 2709 702 2762 ε’τη
723 2714 771 2749 κ’.

351 2772 521 2819 Φωκας,
553 2767 577 2809 6
591 2763 788 2821 τύραννος
811 2765 1071 2818 Μαυρικίου,
1104 2770 1153 2816 η’.

348 2822 606 2880 Ηράκλειος,
628 2823 936 2872 Μονοθελίτης,
963 2824 1037 2860 λα’.

351 2886 681 2930 Κωνσταντῖνος,
712 2879 733 2922 ὁ
752 2876 844 2927 υἷος
867 2873 1021 2926 αὐτοῦ,
1057 2883 1104 2917 α’.

1871 2607 1884 2717 ‘naz-.—
1870 2526 1884 2594 «ἔμω»
1880 2508 1884 2515 .
1876 2440 1884 2489 ..ψι-
1880 2403 1884 2418 ..
