1884 3262
472 211 532 253 IN
567 209 900 253 CHRONICON
933 208 1227 252 PASCHALE.
1507 204 1611 252 235

126 332 166 366 et
205 325 296 364 Sela
329 324 525 363 insertum
566 336 588 360 a
624 334 724 360 Lxx.
758 319 995 359 Senioribus
1034 319 1293 359 observatum
1332 319 1382 358 ab
1419 317 1611 367 Eusebio,

127 390 166 422 et
194 381 394 432 Scaligero
427 380 471 418 in
500 378 796 430 prolegomenis
825 378 876 416 ad
906 377 1100 426 eundem,
1146 377 1218 428 qui
1247 376 1340 415 inde
1371 389 1613 428 expungen-

127 441 200 479 dos
238 452 362 479 cxxx.
394 451 546 487 annos,
576 448 679 489 quos
708 434 829 473 iidem
858 435 1042 473 Seniores
1071 435 1131 473 illi
1156 434 1414 483 adscribunt,
1444 439 1613 471 conten-

126 497 248 547 dunt,
289 503 337 535 ut
364 502 476 535 recta
515 495 564 534 ab
605 493 759 532 Adamo
791 491 842 531 ad
873 491 1080 540 Christum
1109 506 1149 529 v.
1179 505 1388 530 MCGCLXX.
1415 503 1615 530 annorum

127 560 285 594 constet
325 552 492 606 epocha.
567 551 650 591 Hos
690 550 812 589 adeat
849 550 919 601 qui
969 548 1072 588 haec
1111 549 1342 588 accuratius
1384 547 1616 601 expendere

125 612 249 651 volet.

244 668 341 718 Pag
370 667 548 710 44.16.
605 663 714 706 Επεὶ
756 657 861 716 οὖν]
919 663 1032 702 Haec
1072 668 1112 701 et
1152 663 1360 715 sequentia
1394 675 1525 714 usque
1565 661 1616 700 ad

128 740 217 794 pag.
251 728 346 768 110.
384 730 424 763 et
462 736 608 774 voceS,
649 722 913 775 ἐβασίλευσαν
945 716 1166 775 Αἰγύπτιοι
1195 721 1238 761 οἱ
1265 719 1419 768 λοιποὶ,
1467 720 1619 758 desunt

127 786 173 822 in
212 782 360 821 Codice
395 780 613 820 Holstenii:
658 778 832 832 proinde
873 791 976 830 quae
1015 777 1186 817 subinde
1226 777 1269 815 in
1299 777 1379 816 hoc
1409 776 1616 815 Chronico

130 840 449 884 interseruntur,
478 844 574 876 sunt
603 836 919 875 Continuatoris.

242 897 338 947 Pag.
369 896 440 938 44.
469 898 539 937 20.
599 895 678 942 Εἰς
701 909 774 935 τον
801 890 1052 948 Αγκνρωτον
1072 889 1227 944 αὐτοῦ]
1259 906 1298 932 n.
1320 905 1432 933 cmv.
1463 898 1502 930 et
1524 904 1618 931 cxv.

131 962 181 995 et*
198 954 318 993 Haer.
335 967 451 993 LXVI.
481 966 520 990 n.
550 965 726 990 Lxxxm.

247 1011 343 1062 Pag;
383 1009 453 1053 45.
494 1009 534 1052 5.
609 1007 806 1061 Πέμπτη]
858 1007 970 1046 Haec
1007 1006 1224 1059 Epiphauii
1266 1020 1319 1046 ex
1356 1006 1528 1056 Prologo
1567 1005 1619 1044 ad

130 1069 345 1108 Panarium
374 1067 513 1120 paullo
544 1067 704 1106 diversa
736 1071 832 1104 sunt
860 1064 902 1103 in
934 1064 1029 1104 edit.
1062 1065 1300 1103 Petaviana:
1346 1078 1395 1103 ac
1426 1064 1620 1117 primum,

131 1141 205 1180 pro
236 1125 399 1178 πέμπτη
423 1122 564 1178 γενεοέ,
594 1124 760 1173 lenitur,
790 1121 952 1178 πέμπτῃ
972 1122 1113 1162 τοίνυν
1131 1125 1263 1178 γενεᾷ.

247 1184 344 1223 Ibid.
409 1181 654 1233 Τουτὲστιν]
688 1181 800 1219 Haec
831 1186 926 1218 sunt
955 1178 1146 1218 Chronici
1176 1179 1408 1231 Scriptoris.

246 1241 345 1291 Pag.
377 1239 445 1282 45.
475 1242 515 1282 8.
575 1234 825 1292 Γεγόνασιν]
856 1237 965 1275 Edit.
997 1233 1243 1290 ἐγεγόνασιν.

247 1298 345 1348 Pag.
378 1298 447 1340 45.
484 1301 547 1340 10.
605 1293 806 1349 Λουβᾰρ]
838 1294 1028 1332 Petavius
1059 1294 1110 1332 ad
1140 1293 1340 1346 Epiphan.
1374 1306 1463 1345 pag.
1493 1293 1534 1335 5.

246 1356 342 1404 Pag.
372 1355 440 1397 45.
475 1357 542 1396 11.
599 1349 788 1406 Αραροῖτ]
819 1351 923 1391 Ibid.
958 1351 1165 1400 Petavius,
1196 1351 1269 1389 ubi
1301 1352 1351 1389 de
1372 1350 1452 1389 11οο
1472 1356 1621 1390 monte.

247 1409 593 1466 1ὒῑά.Σεναοίρ]
632 1410 743 1448 ldem
774 1409 988 1459 Petavius‚
1017 1415 1057 1448 et
1090 1409 1275 1447 Salianus
1308 1422 1370 1447 an.
1404 1421 1621 1446 111111000οΠ.

132 1485 169 1509 11.
191 1484 294 1510 xvn.

246 1527 343 1567 Ibid.
374 1520 653 1577 Επελέξαντο]
686 1525 800 1573 Quae
831 1528 1059 1575 sequuntur
1085 1522 1233 1561 absunt
1254 1522 1303 1561 ab
1331 1521 1467 1560 edito:
1498 1520 1624 1562 ἐκεῖσε

133 1599 300 1635 πρωτον
323 1585 556 1635 κατοίκησις
573 1585 726 1638 γίνεται
751 1579 848 1635 μετὰ
869 1578 938 1621 τὸν
957 1577 1238 1632 κατακλυσμὸν
1258 1595 1343 1620 των
1364 1575 1623 1632 ἀνθρώπων·

133 1642 254 1683 κάκεῖ
284 1653 488 1692 φυτευσας
519 1637 739 1693 ἀμπελῶνα
763 1641 860 1679 Νῶε
886 1637 911 1679 ὁ
930 1633 1180 1691 Προφήτης,
1212 1633 1390 1690 οἰκήτωρ
1413 1634 1545 1677 τόπου
1566 1637 1625 1691 γί-

135 1715 269 1750 νεται,
304 1711 406 1750 quae
436 1698 575 1748 etiam,
609 1711 701 1736 cum
732 1696 926 1735 Chronici
951 1695 1254 1734 Continuatoris
1284 1694 1516 1744 videantur,
1546 1707 1624 1746 pa-

135 1756 313 1796 renthesi
343 1755 580 1794 claudenda.
802 1778 805 1783 -

257 1813 452 1863 Pag.45.
499 1815 566 1854 16.
625 1807 959 1860 Συνευασαντες]
1001 1809 1060 1847 Ita
1100 1807 1248 1847 Rader.
1298 1805 1591 1849 συνδοιασαντε
1574 1823 1626 1858 ς,

138 1870 440 1911 emendavimus
465 1866 538 1924 (de
568 1881 646 1921 qua
677 1882 776 1907 voce
801 1867 895 1906 vide
925 1867 1058 1906 Gloss.
1090 1867 1194 1907 med.
1228 1864 1421 1919 Graecit.)
1462 1879 1513 1904 ex
1545 1865 1627 1902 Co-

139 1930 228 1968 dice
257 1928 476 1973 Vaiicano,
506 1928 548 1965 in
591 1939 672 1978 quo
713 1925 863 1975 legitur
891 1920 1212 1973 συνδυασαντες·
1243 1924 1317 1963 sed
1346 1924 1390 1962 in
1418 1922 1499 1962 hoc
1528 1922 1627 1961 cod.

138 2003 165 2027 v
195 1986 344 2039 passim
375 1999 451 2037 pro
483 2000 522 2025 οι.
550 1984 649 2036 poni
679 1983 894 2021 observare
924 1987 995 2020 est.

257 2037 721 2094 1ῠῑά.Ποιησαμενοι]
756 2040 859 2080 Edit.
891 2035 1199 2092 λαμβανόμενοι.

259 2100 355 2150 Pag·
385 2100 453 2141 45
486 2103 552 2141 17.
615 2095 921 2164 Οἰκοδομῆσαι]
962 2100 1197 2147 Sequuntur
1229 2095 1272 2134 in
1303 2095 1435 2145 edito,
1466 2091 1548 2134 ἆπό
1583 2091 1628 2134 δὲ

141 2161 215 2198 τοῦ
233 2157 424 2208 κλίματος
439 2158 514 2196 τοῦ
536 2153 635 2209 πρὸς
664 2150 891 2220 Εὕρωπην
908 2155 967 2202 εἰς
994 2155 1130 2194 Ασίαν
1166 2149 1397 2200 κεκλικότος
1416 2182 1427 2201 ,
1475 2152 1626 2192 ἔπωνο·

141 2211 363 2268 μασθησαν
408 2227 559 2260 παντες
586 2209 688 2253 κατὰ
717 2209 795 2264 τήν
822 2207 968 2265 χρόνον
994 2210 1205 2262 ἐπίκλησιν
1223 2206 1403 2251 Σκυθαι.
1465 2208 1628 2257 Deinde,

139 2273 318 2321 κτίζουσι
338 2268 404 2321 δὲ,
434 2277 512 2311 etc.

256 2303 821 2378 Ρας.ί15.19.Ανομίας]
855 2323 961 2364 Edit.
993 2318 1148 2370 οἷνοίας.

258 2385 355 2424 Ibid.
413 2381 507 2424 Απὸ
531 2381 650 2436 μιᾶς]
683 2382 786 2420 Vide
815 2380 1023 2419 Petavium
1054 2381 1105 2419 ad
1133 2379 1244 2418 hunc
1271 2380 1408 2418 locum
1438 2393 1528 2432 pag
1559 2382 1598 2420 6.

257 2442 354 2481 Ilici.
416 2437 609 2493 Γνωμας]
642 2438 746 2477 Edit.
773 2434 964 2491 γλώσσας.
1021 2437 1124 2476 Vide
1154 2437 1326 2477 eundem
1345 2437 1568 2476 Patavium.

260 2500 358 2549 Pag.
388 2497 457 2542 45.
489 2501 556 2542 21.
613 2494 909 2550 Ευρεθέντων]
953 2492 1183 2548 εὑρεθέντα.

262 2557 363 2606 Pag.
392 2556 460 2598 46.
498 2558 538 2597 3.
596 2553 703 2594 Δέον
735 2551 779 2594 δὲ
814 2551 1114 2605 μνημονεῦσαι]
1166 2553 1223 2590 De
1251 2550 1328 2589 hac
1355 2557 1556 2590 terrarum
1588 2555 1627 2588 et

150 2613 260 2652 orbis
290 2614 469 2666 partium
496 2612 604 2650 inter
632 2611 735 2649 filios
764 2611 851 2649 Noe
874 2609 1071 2649 divisione
1102 2615 1224 2660 agunt
1264 2609 1413 2660 passim
1455 2607 1628 2645 Annales

149 2670 272 2735 sacri,
316 2669 385 2722 qui
418 2670 463 2707 in
511 2669 718 2721 plerisque
757 2668 930 2707 invicem
971 2666 1134 2705 minime
1176 2666 1442 2705 consentiunt.
1503 2663 1630 2702 Aliter

151 2727 253 2765 enim
283 2726 332 2765 iis
363 2740 583 2777 eorumque
613 2726 786 2779 posteris
817 2725 992 2778 populos
1023 2738 1070 2762 ac
1098 2725 1284 2774 regiones
1313 2722 1542 2761 attribuunt
1562 2721 1632 2759 Jo-

153 2783 302 2834 sephus
344 2784 414 2823 lib
447 2798 475 2823 1.
509 2784 642 2835 Antiq
682 2784 835 2821 Juda'i'c.
875 2796 963 2834 cap.
994 2795 1085 2820 vm.
1122 2780 1358 2829 Africanus,
1399 2793 1469 2818 seu
1499 2779 1632 2831 quivis

155 2840 256 2878 alius
286 2840 394 2892 apud
426 2841 570 2891 Georg.
597 2841 773 2892 Syncell.
800 2853 889 2891 pag.
918 2838 987 2882 45.
1018 2853 1068 2878 ex
1098 2853 1179 2890 quo
1210 2837 1429 2889 deselipsit
1456 2837 1632 2886 Scaliger

158 2911 260 2950 quae
289 2897 451 2936 Eusebii
481 2898 645 2937 Graecis
676 2897 869 2942 inseruit,
920 2897 1075 2936 Auctor
1105 2895 1297 2935 Chronici
1329 2895 1380 2933 de
1412 2893 1631 2933 Divisioni-
