1884 3262
339 216 406 264 30
872 205 1334 290 PRAEFATIO.X

341 340 452 367 mens
475 324 767 372 Alexandrinus
786 322 833 376 1)
842 351 854 375 ,
885 323 1084 365 Christum
1107 340 1187 366 uno
1217 331 1371 366 tantum
1406 337 1509 364 anno
1537 323 1802 376 praedicasse,

341 397 468 437 eoque
495 395 654 436 passum
683 381 830 430 fuisse,
871 382 1070 432 quomodo
1099 383 1271 435 denique
1302 381 1473 434 scriptor
1501 380 1688 419 Chronici
1725 382 1803 420 Pa-

340 440 487 480 schalis
518 452 598 477 non
622 452 702 476 uno
732 438 822 476 loco
851 438 1017 478 eundem
1053 453 1199 478 annum
1229 444 1367 492 putat,
1406 437 1520 477 verbi
1557 437 1682 488 gratia
1711 450 1802 490 pag.

340 500 437 540 203.
468 502 508 534 et
530 508 632 533 anno
656 493 748 533 Chr.
789 507 1000 534 cchxxxt.
1042 509 1211 536 cnxxxn
1252 509 1372 535 CDmI.
1408 494 1564 533 tametsi
1590 494 1690 533 locis
1714 495 1804 534 aliis

342 566 463 591 annos
491 564 642 590 xxxin.
670 550 826 590 Christo
858 551 941 591 sere
972 565 1127 606 semper
1165 552 1360 604 adsignet:
1397 550 1502 589 unde
1540 550 1701 590 evidens
1732 556 1803 601 est,

341 609 449 660 quod
465 622 545 646 non
564 607 682 646 semel
703 607 950 658 monuimus,
979 608 1059 649 hoc
1088 609 1315 648 Chronicon
1348 621 1399 646 ex
1416 606 1539 645 variis
1560 606 1805 658 scriptorum

341 665 562 716 excerptis,
601 664 711 702 nullo
742 663 826 702 fere
853 663 1031 711 delectu,
1070 667 1135 705 vel
1162 665 1326 718 praevio
1361 663 1562 711 examine,
1593 676 1677 702 esse
1708 677 1806 702 con·

340 722 601 769 sarcinatum,
632 720 699 758 sed
722 726 762 758 et
782 734 862 758 esse
883 734 979 760 vero
1010 722 1135 761 simile
1165 735 1266 773 quae
1293 722 1335 759 in
1363 733 1409 759 eo
1438 719 1657 761 secundum
1685 718 1805 759 istum

341 791 537 817 annorum
571 775 719 815 Christi
747 777 941 817 calculum
965 777 1112 817 inserta
1141 778 1348 829 leguntur,
1389 781 1576 827 excerpta
1603 775 1726 815 fuisse
1755 789 1807 815 ex

339 835 547 883 Africano,
578 832 791 884 siquidem,
822 840 869 871 ut
896 840 1065 874 testatur
1095 834 1362 886 Hieronymus
1381 830 1450 886 2),
1489 831 1685 871 hancine
1717 846 1808 871 sen-

341 891 501 930 tentiam
536 896 594 928 est
624 896 809 928 sectatus.
868 890 1017 929 Deinde
1043 891 1180 943 paullo
1209 891 1313 930 infra
1342 890 1397 927 ait
1426 889 1679 940 supradictus
1702 889 1807 927 scri—

340 954 435 1001 ptor
453 953 546 999 post
560 947 776 984 recensitos
797 946 1006 985 Persarum
1019 949 1164 999 Reges:
1194 946 1291 986 Post
1312 960 1409 1000 quos
1426 955 1600 998 tempora
1614 946 1702 999 jam
1718 957 1808 984 ma-

340 1003 481 1060 mfesie
510 1000 618 1056 apud
649 1000 819 1041 Graecos
842 1018 897 1042 ex
930 1005 1216 1043 constructione
1252 999 1529 1054 Olympiadum
1558 999 1807 1042 sunm-lara:

341 1075 432 1098 nam
474 1074 591 1112 usque
629 1057 685 1097 ad
722 1056 1006 1099 Alexandrum
1046 1057 1310 1100 Macedonem
1345 1057 1516 1113 fuerunt
1556 1055 1810 1110 Olympiades

343 1129 453 1155 cxw.
483 1129 583 1168 quae
598 1112 762 1169 faciunt
781 1129 906 1154 annos
924 1129 1056 1156 anw.
1086 1114 1137 1155 ab
1167 1114 1322 1168 Iphito‚
1353 1115 1422 1167 qui
1442 1114 1643 1152 constituit
1667 1111 1811 1168 Olym-

339 1170 491 1225 piades.
550 1169 621 1210 Ab
649 1169 893 1210 Alexandro
920 1187 1039 1226 usque
1068 1170 1122 1210 ad
1156 1169 1372 1219 Christum,
1407 1167 1662 1223 Olympiades
1685 1183 1809 1212 Lxxx.

341 1226 450 1282 quod
470 1236 560 1265 sunt
583 1228 679 1265 anni
703 1240 841 1267 cccxx,
897 1228 944 1268 A
975 1228 1130 1267 Christo
1158 1237 1286 1265 autem
1318 1241 1438 1280 usque
1467 1224 1523 1264 ad
1554 1241 1699 1264 annum
1717 1239 1809 1266 1111.

1852 0 1884 260 sammaa&

341 1284 501 1337 Imperii
523 1281 778 1331 Alexandri,
815 1281 1065 1337 Olympiades
1084 1297 1220 1322 Lvun.
1252 1281 1360 1336 quod
1383 1291 1473 1321 sunt
1502 1283 1599 1321 anm·
1620 1291 1812 1323 ccxxxvi.
1867 1278 1884 1335 ’Ξ

342 1339 442 1379 Sunt
471 1352 562 1391 ergo
594 1353 725 1377 omnes
755 1337 1011 1393 Obympiades
1041 1355 1161 1392 usque
1192 1336 1248 1376 ad
1280 1352 1426 1376 annum
1457 1352 1550 1379 XIII.
1576 1336 1813 1378 Alexandri

345 1393 545 1443 Caesaris,
580 1392 833 1448 Olympiades
854 1408 986 1435 ccmu.
1015 1393 1123 1450 quod
1149 1400 1240 1434 sunt
1258 1396 1354 1432 anni
1375 1407 1482 1432 mxu.
1542 1393 1814 1446 Quandoqui-

340 1451 430 1490 dem
454 1450 576 1501 igitur
606 1464 681 1503 per
708 1451 969 1504 Olympiades
1003 1465 1126 1490 annos
1154 1450 1321 1503 putandi
1346 1451 1449 1489 ratio
1482 1449 1669 1489 Chronici
1703 1451 1814 1490 scri-—

339 1506 453 1560 ptori
478 1506 625 1545 certior
651 1507 836 1558 videtur,
872 1509 1108 1562 praesertim
1140 1520 1231 1546 cum
1261 1508 1366 1545 inter
1392 1507 1569 1546 eruditos
1594 1507 1644 1546 de
1675 1520 1812 1547 earum

341 1569 498 1602 constet
526 1562 664 1614 initio,
704 1564 849 1615 easque
890 1565 938 1604 ab
968 1565 1102 1617 lphito
1133 1565 1373 1603 instauratas
1406 1563 1565 1603 tradant
1597 1563 1812 1616 scriptores

341 1633 445 1658 anno
473 1626 564 1658 ante
598 1633 729 1658 aeram
757 1621 1021 1660 Christianam
1050 1633 1286 1660 nccnxxvn.
1353 1620 1511 1659 Periodi
1541 1621 1718 1659 Julianae
1747 1633 1812 1662 111'.

339 1689 676 1717 Moccccxxxvm.
715 1676 763 1714 ab
801 1677 850 1715 iis
885 1677 1102 1730 petendum
1134 1677 1177 1715 in
1211 1676 1351 1729 primis
1388 1676 1551 1716 videtur
1587 1676 1813 1716 exordium.
1882 1721 1884 1725 Α

342 1732 584 1771 Censorinus
604 1732 648 1769 in
665 1733 770 1772 libro
795 1733 844 1772 de
866 1735 936 1773 Die
953 1735 1078 1773 natali
1096 1731 1140 1788 ³)
1171 1733 1343 1772 scribere
1362 1747 1402 1772 se
1422 1733 1478 1772 ait
1498 1733 1616 1785 Ulpio
1643 1739 1682 1772 et
1702 1734 1815 1772 Pon-

328 1789 449 1828 ‘tiano
474 1789 582 1827 COSS.
613 1802 781 1841 eumque
805 1803 951 1829 annum
980 1804 1063 1830 esse
1090 1790 1306 1829 secundum
1325 1789 1577 1841 Olympiadis
1605 1803 1732 1829 ccmv.
1763 1789 1812 1829 ab
1880 1790 1882 1794 ’

344 1844 582 1897 Olympiade
600 1858 697 1884 vero
721 1846 848 1898 prima
870 1847 1119 1886 millesimum
1139 1852 1176 1885 et
1195 1853 1381 1898 quartum
1403 1846 1620 1896 decimum,
1651 1860 1703 1885 ex
1723 1846 1814 1886 die-
1879 1855 1884 1894 j

342 1901 418 1940 bus
437 1901 586 1940 scilicet
606 1902 767 1940 aestivis
793 1903 938 1954 quibus
958 1904 1191 1956 Olympicus
1221 1916 1322 1954 agon
1351 1903 1648 1951 celebrabatur,
1679 1918 1702 1941 a
1721 1903 1814 1941 Ro-
1881 1935 1884 1950 ÷

345 1971 407 1996 ma
429 1963 559 1996 autem
579 1958 742 1997 condita
765 1972 972 1999 Decccxc1.
1004 1967 1042 1999 et
1066 1960 1226 2012 quidem
1254 1972 1305 1998 ex
1326 1959 1539 2010 Palilibus,
1569 1958 1675 1998 unde
1694 1959 1816 1997 Urbis
1881 1962 1884 1971 ²

347 2014 441 2052 anni
458 2021 733 2053 numerantur.
790 2016 914 2068 Atqui
937 2016 1006 2055 hic
1024 2017 1262 2055 Consulatus
1289 2015 1428 2054 incidit
1458 2016 1500 2054 in
1525 2029 1671 2054 annum
1691 2014 1816 2054 Chri·
1882 2012 1884 2053 ῗ

347 2071 401 2109 sti
420 2071 624 2121 vulgarem
652 2084 875 2113 ccxxxvm.
906 2074 995 2125 qui,
1026 2072 1156 2125 inquit
1175 2072 1434 2122 Censorinus,
1465 2079 1552 2112 erat
1584 2085 1711 2111 annus
1745 2084 1817 2110 se-

347 2127 503 2165 cundus
539 2140 668 2167 ccmv.
707 2128 977 2181 Olympiadis,
1016 2135 1055 2168 et
1083 2144 1105 2168 a
1132 2143 1161 2170 1.
1194 2128 1457 2182 Olympiade,
1484 2142 1604 2169 Mxiv.
1633 2128 1705 2180 qui
1720 2127 1818 2180 qui-
1881 2134 1884 2174 ᾗ

347 2184 436 2222 dem
468 2183 645 2222 calculus
681 2186 853 2236 quadrat
879 2200 970 2224 cum
1004 2186 1158 2225 calculo
1196 2186 1369 2225 auctoris
1394 2184 1603 2235 chronici,
1641 2184 1693 2224 de
1735 2197 1816 2236 quo

346 2240 522 2290 agimus,
573 2241 642 2292 qui
680 2239 840 2281 biennio
879 2249 967 2281 ante
1005 2242 1181 2282 extitisse
1224 2243 1278 2281 ait
1319 2256 1462 2281 annum
1497 2256 1608 2282 mxu.
1640 2241 1817 2281 omnium
1882 2265 1884 2267 -

346 2296 653 2349 Olympiadum,
693 2304 732 2337 et
766 2313 909 2338 annum
945 2313 1105 2338 ccxxxi.
1147 2299 1430 2351 Olympiadum
1469 2312 1555 2340 mx.
1598 2313 1620 2337 a
1658 2297 1816 2336 Christo
1882 2324 1884 2357 ᾖ

344 2366 471 2404 usque
499 2352 549 2391 ad
580 2367 725 2392 annum
763 2370 855 2394 xm.
892 2356 1054 2409 Imperii
1085 2353 1320 2395 Alexandri:
1365 2356 1538 2408 proinde
1577 2354 1750 2394 Maximo
1777 2357 1818 2393 et

345 2409 535 2448 Africano
570 2410 679 2449 Coss.
707 2412 784 2451 fuit
813 2426 938 2451 annus
975 2427 1031 2451 ιν.
1061 2411 1312 2465 Olympiadis
1342 2425 1449 2450 mxu.
1488 2411 1536 2450 ab
1575 2411 1730 2464 Iphsto,
1777 2413 1818 2449 et
1883 2447 1884 2450 ,

346 2472 513 2518 quartus
539 2465 789 2519 Olympiadis
810 2483 895 2509 mx.
925 2483 945 2507 a
968 2469 1148 2519 Christo,
1181 2469 1248 2519 qui
1272 2475 1330 2507 est
1362 2481 1486 2507 annus
1507 2467 1653 2512 Christi
1672 2466 1817 2517 vulga-

344 2524 400 2561 ris
428 2536 614 2562 ccxxxvl.
681 2523 719 2562 Is
757 2539 879 2577 porro
913 2539 1038 2564 annus
1069 2539 1125 2566 1v.
1161 2524 1412 2578 Olympiadis
1448 2538 1584 2563 ccmn.
1612 2522 1750 2563 incidit
1775 2521 1818 2561 in

347 2593 492 2618 annum
509 2579 667 2632 periodi
683 2581 859 2621 Julianae
884 2596 961 2621 1111.
989 2595 1257 2623 muccosum.
1290 2581 1359 2634 qui
1387 2587 1447 2620 est
1466 2580 1614 2620 Christi
1642 2579 1817 2632 vulgaris

395 2779 408 2800 1
488 2779 497 2807 ἱ

385 2779 441 2869 ε’)
457 2780 941 2862 15;b·11}÷r{}f⁰1¹1¹,·9¹{·331‘32·21.

397 2872 438 2915 3)
462 2871 548 2917 Cap.
573 2874 625 2907 18.
648 2873 703 2908 21.
