1884 3262
121 1687 152 1722 P
175 1686 246 1725 490

126 2483 255 2520 v396

274 200 375 249 234
847 203 1170 246 NOTAE

275 313 345 355 lib.
367 327 408 354 v.
438 313 488 353 de
518 313 712 354 emendat.
741 318 878 366 temp.
893 322 1011 365 quem
1040 314 1224 364 consule,
1254 319 1301 353 ut
1323 319 1363 353 et
1380 314 1588 354 Petavium
1606 314 1678 354 lib.
1695 329 1754 355 ιιι.

277 371 329 410 de
359 372 496 411 Doctr.
527 377 648 423 temp.
680 384 768 423 cap.
797 385 839 411 x.
870 376 910 409 et
937 384 997 410 XI.
1032 372 1105 410 ubi
1142 343 1268 410 muita
1307 372 1358 410 de
1398 371 1543 411 diluvii
1575 371 1753 424 epocha,
1791 413 1794 416 ,

276 427 327 466 de
358 441 437 479 qua
466 427 524 465 sic
552 428 721 466 Joannes
759 426 1056 478 Antiocheam,
1086 427 1153 480 ε’τη
1183 423 1265 469 οἷπό
1285 425 1408 481 Αδαμ.
1437 443 1512 477 εως
1537 431 1611 470 τοῦ
1636 444 1756 470 κατα-

276 486 483 536 κλυσμοῦ,
510 481 659 538 βφνβ’.
688 484 768 523 nisi
796 485 986 523 mendum
1011 485 1062 523 sit
1090 486 1133 523 in
1163 485 1260 527 Cod.
1290 485 1384 536 Reg.

390 540 487 590 Pag-
519 544 586 583 88.
617 541 659 584 4.
729 538 814 590 Οὓς
846 538 1081 595 ωνόμασεν]
1129 541 1253 580 Filios
1290 541 1382 579 illos
1418 541 1513 592 Dei,
1554 541 1624 594 qui
1651 528 1759 580 filiae

274 597 479 637 hominum
511 597 717 637 adamasse
748 598 939 638 dicuntur
970 599 1109 640 Genes.
1139 612 1196 637 VI.
1226 611 1442 651 corporeos
1471 611 1554 638 esse
1582 611 1753 651 persua-

273 668 362 694 sum
390 653 581 694 habuisse
610 656 851 707 plerosque,
878 661 925 696 ut
953 655 1059 695 inter
1089 662 1267 694 caeteros
1294 656 1582 707 Augustinum,
1615 655 1755 694 obser-

273 717 372 751 vant
399 711 552 763 pariter
580 711 688 751 idem
720 713 907 752 Petavius
938 712 991 751 ad
1019 711 1290 765 Epiphaniam
1320 712 1754 752 Haer.1.xw.n.xm.

274 768 460 808 Salianus
497 783 537 807 n.
565 783 594 809 1.
625 783 727 810 xm.
756 776 797 809 et
825 769 906 808 alii.

389 825 486 876 Pag-
519 827 587 868 38·
617 829 684 869 21.
743 825 1062 878 Συναφθὲντες]
1103 825 1203 866 Vide
1245 816 1486 864 Cotelerium
1525 824 1578 863 ad
1615 823 1683 864 lib.
1714 837 1754 864 v.

272 883 444 934 Recogn.
476 895 563 935 cap.
591 897 709 922 xxm.
749 889 789 922 et
817 882 1064 936 Stephanum
1094 883 1151 922 Le
1178 881 1302 922 Moine
1330 887 1385 921 to.
1415 895 1462 920 11.
1492 881 1649 921 varior.
1679 882 1755 920 Sa-

274 953 382 981 cror.
411 952 502 991 pag.
532 938 628 983 650.
659 946 698 979 et
725 953 834 991 seqq.

392 996 491 1046 Pag·
519 997 588 1038 39.
618 999 660 1039 9.
719 1000 905 1050 Αλωρος,
944 995 1014 1038 καὶ
1046 991 1125 1049 μετ’
1149 991 1273 1036 αὐτὸν
1299 995 1518 1049 Αλαπρος]
1559 993 1755 1046 Georgius

275 1053 490 1105 syncellus
519 1065 609 1104 pag.
641 1055 707 1097 18.
738 1057 955 1107 Αλασπρος
981 1053 1115 1093 habet.
1153 1052 1257 1092 Vide
1286 1052 1491 1093 salianum
1518 1052 1563 1090 in
1590 1051 1756 1090 scholiis

274 1110 328 1149 ad
359 1125 423 1152 an.
453 1123 589 1149 MXLn.

391 1167 487 1217 Pag.
517 1168 586 1208 39.
624 1165 689 1208 14.
748 1162 968 1219 Βήρωσος]
999 1166 1057 1204 Ea
1089 1165 1212 1204 verba
1243 1165 1452 1218 desumpta
1482 1170 1577 1204 sunt
1605 1178 1658 1204 ex
1685 1164 1757 1204 Jo-

276 1222 394 1276 sephi
425 1224 496 1262 lib.
526 1236 554 1260 1.
585 1229 728 1261 contra
756 1222 953 1275 Apionem
982 1231 1073 1275 pag
1108 1225 1232 1265 1043.
1265 1235 1366 1274 quae
1394 1222 1463 1261 hic
1490 1221 1755 1272 restituimus,

274 1294 357 1320 non
384 1294 482 1321 vero
512 1293 564 1319 ex
591 1280 659 1318 lib.
689 1293 717 1318 1.
747 1278 886 1331 Antiq.

394 1338 587 1388 Pag.39.
620 1338 685 1379 19-
744 1335 828 1376 Καὶ
857 1336 898 1376 τί
930 1350 995 1405 με
1006 1334 1096 1387 δεῖ]
1138 1334 1246 1374 Haeo
1287 1334 1432 1374 absunt
1470 1348 1493 1373 a
1523 1334 1622 1377 God.
1654 1334 1758 1374 Hol-

275 1394 395 1434 stenii
432 1407 563 1446 usque
603 1394 656 1432 ad
683 1406 828 1444 voces,
860 1392 930 1433 καὶ
954 1389 1026 1433 τὸν
1048 1388 1158 1445 Σήθ.

396 1451 491 1502 Pag
521 1449 689 1493 40.15.
749 1449 944 1505 Κλημίῳ]
993 1450 1086 1500 Leg.
1127 1445 1360 1502 Κλήμεντι,
1397 1447 1462 1487 uti
1495 1448 1759 1501 restituimus,
1787 1443 1796 1451 ‘

276 1511 344 1551 vel
374 1509 434 1557 εἰς
447 1506 497 1549 τοὶ
519 1506 772 1560 Κλημέντια,
806 1514 853 1546 ut
879 1507 998 1547 infra.
1026 1507 1158 1545 Locus
1179 1512 1294 1545 extat
1314 1506 1359 1544 in
1382 1505 1588 1557 Recognit.
1607 1505 1680 1544 lib.
1699 1517 1758 1546 lv.

275 1583 314 1608 n.
345 1579 422 1605 x11.
452 1579 546 1605 xm.
576 1570 615 1603 et
646 1564 690 1603 in
720 1564 956 1606 Clementin.
986 1563 1136 1603 Homil.
1165 1577 1260 1604 vm.
1289 1577 1331 1602 n.
1357 1576 1492 1604 xxvu.
1550 1561 1628 1601 Hic
1656 1575 1758 1602 vero

275 1623 430 1664 Rusfini
458 1622 686 1661 versionem
715 1621 800 1661 fere
828 1635 967 1660 sumus
997 1621 1140 1663 secuti.

389 1679 485 1720 Ibid.
525 1677 622 1720 Ενί
647 1678 752 1731 τινι]
782 1679 843 1719 Ita
864 1678 1162 1719 emendavimus
1184 1691 1235 1717 ex
1253 1676 1419 1716 laudata
1439 1675 1636 1727 Humilia,
1665 1683 1759 1715 cum

274 1738 320 1781 ἔν
347 1752 429 1778 τινι.
458 1735 610 1775 editum
640 1741 756 1775 esset.

391 1792 585 1843 Pag.4o.
618 1796 684 1835 16.
746 1789 866 1833 Μετοὶ
891 1794 974 1832 τῶν
997 1791 1040 1840 ἐξ
1061 1787 1217 1843 αυτοῦ]
1247 1784 1491 1830 Clementina
1523 1803 1614 1830 v111.
1637 1786 1758 1830 Μετὰ

273 1853 356 1893 τῶν
376 1850 417 1899 ἐξ
445 1845 572 1890 αυτοῦ
590 1864 738 1901 τριων,
768 1846 846 1890 σῦν
866 1853 953 1897 ταῖς
976 1844 1113 1889 αυταῖν
1137 1847 1333 1901 γυναιξίν.
1392 1846 1567 1886 Proinde
1594 1845 1664 1884 hic
1691 1846 1757 1885 le*-

275 1908 472 1961 gendum,
504 1903 580 1947 σὺν
608 1910 698 1955 ταῖς
723 1904 922 1971 γυναιξὶν.
930 1920 1079 1946 αυτων.
1138 1905 1198 1943 lta
1226 1916 1390 1943 rursum
1418 1903 1488 1946 lib.
1518 1917 1548 1943 1.
1578 1903 1757 1956 Recogn.

274 1979 314 2007 ιι.
343 1977 463 2004 xxm.

391 2021 487 2061 Jbid.
548 2022 646 2060 Nave
662 2017 738 2060 συν
756 2022 841 2067 τοῖς
861 2018 902 2067 ἐξ
923 2014 1074 2070 αυτου]
1104 2017 1215 2056 Haec
1243 2017 1353 2057 delet
1382 2016 1628 2058 Holstenius.

392 2077 490 2129 Pag.
520 2076 589 2119 41.
629 2079 671 2119 6.
739 2078 803 2116 Εν
830 2071 940 2124 ταξει
979 2071 1180 2128 κατάρας]
1229 2074 1415 2114 Notandn
1449 2073 1551 2113 haec
1586 2073 1762 2139 looutio,

278 2135 323 2177 ἐν
338 2130 470 2185 ταξει,
505 2147 581 2185 qua
609 2146 772 2173 rursum
803 2131 956 2171 Auctor
983 2132 1113 2170 utitur
1140 2132 1261 2171 infra.

393 2192 488 2242 Pag.
527 2189 597 2234 42.
636 2194 676 2234 9.
746 2189 805 2229 Αἱ
830 2187 875 2230 δὲ
911 2191 1016 2240 των,
1047 2187 1153 2240 etc.]
1201 2189 1263 2227 Ex
1300 2187 1528 2241 Epiphanio
1578 2186 1699 2228 Haer.
1727 2199 1758 2227 1.

287 2263 327 2288 ιι.
358 2263 416 2288 lv.
454 2260 506 2287 ex
547 2261 628 2299 quo
660 2246 809 2285 caeteri
848 2246 918 2298 qui
957 2246 1009 2285 de
1046 2245 1280 2285 haeresibus
1322 2245 1589 2298 scripserunt.
1628 2243 1758 2284 vide

277 2306 525 2356 scaligerum
555 2303 606 2342 ad.
637 2304 789 2342 Graeca
811 2302 973 2342 Eusebii
994 2316 1084 2355 pag.
1110 2302 1207 2345 411.
1268 2303 1479 2342 Caeterum
1507 2300 1758 2341 haecomnia

275 2361 492 2415 Epiphanii
521 2361 629 2400 delet
659 2360 797 2399 Codex
815 2359 1037 2411 Holstenii,
1071 2365 1119 2398 ut
1140 2359 1348 2410 addititia,
1379 2372 1506 2411 usque
1536 2358 1588 2398 ad
1616 2371 1756 2399 vooem

277 2419 322 2474 ἐγ
323 2419 444 2460 ένετο.

392 2474 585 2526 Pag.42.
618 2477 682 2517 17-
715 2476 778 2514 Εκ
799 2476 882 2514 τῶν
909 2471 1208 2526 προκειμένων,
1228 2472 1323 2525 eta]
1353 2472 1450 2511 Post
1474 2471 1580 2510 hanc
1608 2470 1757 2524 perio-

279 2533 409 2584 chen,
438 2532 621 2584 sequitur
649 2529 725 2568 alia
764 2530 808 2568 in
849 2530 949 2571 Cod.
979 2530 1199 2569 Holstenii.
1231 2530 1290 2570 Αἰ
1315 2545 1397 2570 των
1430 2527 1650 2582 αἱρέσεων,
1679 2540 1754 2567 us·-

281 2604 359 2644 que
395 2589 447 2629 ad
475 2602 628 2635 vocem,
659 2583 886 2628 ἀπέθανεν·
919 2587 1086 2639 deinde,
1119 2587 1177 2635 εἰς
1202 2584 1271 2627 τὸν
1299 2589 1419 2637 Νωε,
1449 2591 1527 2625 etc.
1585 2585 1637 2624 Et
1665 2591 1758 2638 post

279 2661 420 2687 vocem
450 2641 733 2698 ἔκτελούμενα,
755 2643 832 2682 alia
853 2643 932 2683 hoc
951 2644 1093 2693 initio,
1118 2641 1168 2684 τὰ
1191 2641 1235 2684 δὲ
1255 2640 1354 2696 μετοῖ
1375 2640 1446 2684 τόν
1463 2639 1757 2694 κατακλυσμὸν,

280 2710 356 2744 etc.
404 2703 536 2755 Atque
574 2704 628 2742 ita
665 2701 723 2740 sie
761 2700 982 2751 edidimus,
1043 2714 1133 2738 cum
1163 2700 1263 2740 haec
1299 2705 1562 2754 praepostero
1594 2699 1754 2738 omnino

281 2761 423 2801 ordine
452 2766 585 2800 essent
614 2757 825 2811 descripta.

398 2818 493 2868 Pag
524 2818 591 2860 43.
623 2816 662 2859 5.
710 2814 898 2867 Καϊνυὶν]
929 2815 1048 2853 Hunc
1077 2815 1227 2852 cainan
1257 2787 1396 2853 eontra
1424 2813 1542 2853 fidem
1564 2812 1754 2852 Hebraici

281 2874 443 2914 Codicis
484 2880 565 2914 tam
603 2873 841 2912 Judaeorum
885 2885 1003 2925 quam
1033 2871 1370 2911 Samaritanorum
1399 2871 1505 2911 inter
1534 2869 1752 2924 Arphaxad
