1884 3262
266 215 367 261 310
834 213 1155 256 NOTAE

117 329 148 362 V
171 326 240 365 443
268 323 487 376 Georgium
516 323 770 375 syncellum,
799 322 988 361 Petavius
1016 322 1087 361 lib.
1116 336 1189 362 ιιι.
1234 323 1284 361 de
1315 322 1451 362 Doctr.
1480 324 1619 377 Temp.
1647 336 1735 376 cap.

263 394 350 424 xxt.
381 380 487 420 etin
518 380 632 419 Notis
665 379 717 418 ad
748 380 787 418 S.
816 378 1083 432 Epiphaniam
1111 392 1202 433 pag.
1231 382 1328 423 276.
1365 386 1407 419 et
1445 380 1736 420 Grandamicus

262 439 335 479 lib.
364 451 392 476 1.
424 436 474 475 de
503 437 631 475 Morte
662 442 700 475 et
729 436 862 475 Natali
891 435 1037 475 Christi
1066 449 1153 489 cap.
1181 449 1228 475 ιι.
1262 442 1307 474 ut
1337 436 1516 476 omittam
1547 437 1657 476 alios.

381 495 476 543 Pag,
504 492 601 535 412.
631 492 670 534 5
722 492 827 546 Περὶ
853 488 930 546 οὗ]
961 493 1068 532 Haec
1096 494 1206 533 delet
1234 493 1331 534 Cod.
1355 493 1576 551 Holstenii,
1607 505 1736 547 usque

265 550 315 590 ad
345 563 492 599 voces,
519 553 593 590 τοῦ
612 547 733 601 ηλίου
754 549 979 602 ἐκλείψεως.

380 609 475 657 Pag.
507 605 605 649 412.
635 609 673 648 9
735 605 921 660 Φλέγων]
953 602 1078 660 Cujus
1109 605 1232 645 verba
1258 605 1442 658 pluribus
1465 606 1617 645 excutit
1637 605 1736 645 Phi-

265 665 441 716 loponus
469 661 540 704 lib.
569 675 615 705 11.
644 663 694 702 de
737 664 868 702 Creat.
901 663 1040 702 mundi
1079 676 1167 715 cap.
1195 675 1313 701 xxxt.
1356 663 1424 701 lib.
1454 676 1515 701 ιιι.
1557 675 1647 716 csp.
1677 676 1735 702 11.

266 725 307 759 et
336 733 388 759 ex
418 733 466 759 eo
497 719 810 770 Grandamicus,
839 719 1032 771 Huetius,
1073 726 1113 759 et
1142 720 1223 758 alii.
1280 718 1539 770 Phlegontem
1567 731 1665 759 vero
1697 725 1738 759 et

264 777 353 830 ejus
400 776 662 830 Olympiadas
710 777 851 816 laudat
890 783 1096 830 praeterea
1142 776 1248 815 idem
1295 774 1545 828 Philoponus
1590 777 1659 818 lib.
1696 787 1738 816 v.

265 848 351 886 cap.
379 846 409 873 1.
446 839 495 873 ut
534 841 574 873 et
613 831 825 873 Africanus
855 833 975 886 apud
1005 833 1220 884 Georgium
1249 833 1481 885 Syncellum
1521 846 1610 885 pag.
1640 834 1738 877 322.

265 889 495 943 Stephanus
525 890 576 930 de
602 890 801 941 Urbibus,
833 897 874 929 et
903 891 990 929 alii.
1018 890 1070 929 de
1099 903 1180 941 quo
1210 889 1447 929 consulendi
1473 890 1655 942 Scaliger
1684 889 1762 934 ad

266 946 482 986 Eusebium
508 960 548 1001 p.
580 948 674 990 185.
701 947 870 987 Vossius
901 947 952 986 de
982 946 1083 986 Rist.
1114 946 1181 985 Gr
1213 952 1288 985 etc.

381 1006 473 1054 Pag
502 1003 697 1047 412-14.
762 1002 820 1045 To}
851 1001 978 1045 πολλοὶ
1007 1004 1182 1051 Νικαίας
1208 1000 1507 1056 καταστρέψας]
1547 1002 1657 1042 Haeo
1685 1013 1739 1042 ex

262 1058 470 1099 Holstenio
513 1060 770 1110 addidimus,
822 1073 928 1112 quae
965 1059 1168 1099 habentur
1204 1060 1311 1098 infra
1349 1058 1457 1111 apud
1492 1061 1737 1112 Scriptorem

264 1114 472 1163 chronici,
508 1117 579 1156 ubi
607 1116 717 1157 hunc
761 1116 990 1170 Phlegontis
1017 1117 1155 1156 locum
1184 1129 1346 1156 rursum
1370 1115 1511 1155 laudat
1538 1115 1620 1155 hoc
1646 1117 1739 1170 ipso

264 1187 382 1212 anno.

380 1232 475 1279 Pag.
509 1227 603 1272 413.
633 1233 701 1272 20.
760 1224 856 1270 AM?
890 1226 1013 1280 diove,
1043 1228 1150 1280 etc-J
1211 1227 1322 1268 Haec
1368 1229 1516 1269 desunt
1555 1229 1599 1269 in
1639 1229 1738 1271 eod.

265 1287 488 1337 Holstenii‚
525 1299 654 1337 usque
683 1286 734 1325 ad
763 1298 907 1335 voces,
936 1285 1042 1326 τισὶν
1067 1285 1214 1325 ἔθεσιν.

382 1345 475 1392 Pag.
505 1342 601 1385 414.
631 1346 672 1385 7.
732 1341 934 1396 Νεκραῖν]
973 1341 1214 1380 Addidimus
1253 1354 1303 1393 ex
1338 1340 1548 1380 Holstenio
1579 1338 1738 1391 εἰδότες.

382 1401 475 1449 Pag.
507 1400 602 1442 414.
635 1402 698 1441 14.
757 1396 880 1454 Hagno?
906 1398 1016 1452 τῶν]
1058 1397 1243 1439 Holsten.
1280 1396 1392 1454 παρά
1416 1395 1487 1440 τό·
1531 1404 1652 1451 atque
1682 1399 1741 1439 sio

263 1455 472 1494 edidimus.

381 1515 474 1563 Pag.
504 1510 599 1554 414.
633 1513 699 1554 16.
758 1509 842 1552 Καὶ
865 1509 1129 1566 εὑρίσκομεν]
1161 1509 1441 1550 commutandi
1469 1512 1663 1552 videntur
1690 1524 1766 1552 ex-

262 1567 540 1622 superioribus
569 1568 748 1617 numeri,
791 1575 830 1607 et
858 1568 1183 1619 rescribendum,
1212 1569 1306 1607 unde
1331 1569 1534 1619 colligimus
1559 1582 1653 1609 anm
1683 1583 1742 1610 x1.

263 1627 445 1665 naturalis
470 1625 574 1677 Cycli
597 1625 781 1676 Denaris,
811 1628 874 1678 qui
894 1638 987 1666 x1x.
1017 1639 1129 1664 annos
1159 1628 1338 1674 continet,
1361 1629 1476 1677 positi
1493 1639 1576 1665 vero
1593 1639 1635 1667 z.
1654 1639 1741 1666 ιιι.

262 1687 409 1734 epactas
444 1682 665 1731 adjunctas,
704 1689 779 1721 etc.
820 1683 930 1734 quod
970 1682 1179 1734 superiora
1220 1682 1414 1720 evincunt
1459 1683 1545 1736 ejus
1587 1683 1742 1734 generis

262 1739 391 1777 initia.
448 1738 559 1777 Haec
588 1751 663 1778 suo
693 1738 835 1779 codici
864 1738 1136 1792 adscripserat
1164 1738 1311 1777 Anton.
1343 1737 1510 1780 Allenus
1534 1739 1742 1780 Trecensis

264 1795 329 1835 vir
359 1795 518 1834 doctus.
546 1799 551 1804 ‘

376 1850 600 1901 Pag.414.
633 1855 699 1894 17.
756 1847 948 1899 Emensis·
977 1845 1071 1903 κα’.]
1103 1851 1285 1890 Holsten.
1314 1865 1357 1892 x.

380 1906 602 1957 Pag.414.
635 1910 702 1950 19.
760 1906 961 1958 Λεπτοῖς]
991 1907 1107 1946 Hanc
1136 1919 1277 1947 vocem
1307 1907 1413 1947 delet
1433 1907 1680 1950 Holstenius.
1738 1928 1741 1934 »

380 1967 474 2013 Pag.
503 1962 599 2005 415.
629 1967 668 2006 2.
733 1966 794 2019 Τῇ
817 1959 890 2016 κγ’.
882 1962 910 2016 .]
942 1963 1124 2003 Holsten.
1153 1965 1204 2016 τῆ
1226 1961 1298 2004 κδ’.

380 2020 474 2059 Ιὸἱᾶ.
538 2022 597 2076 To?
622 2016 711 2075 κγῖ]
754 2004 1008 2070 numenius,
1039 2016 1114 2061 κδ.
1171 2021 1275 2060 Vide
1309 2020 1431 2059 Notas
1464 2020 1658 2061 cotelerii
1687 2020 1740 2063 ad

265 2078 412 2116 librum
450 2089 491 2117 v.
524 2062 863 2116 constitutionum
894 2077 1076 2129 Apostol.
1113 2089 1203 2130 cap.
1227 2090 1317 2117 mv.

383 2135 478 2184 Pag.
507 2132 604 2176 415.
634 2136 673 2177 9.
736 2133 818 2174 Καὶ
853 2132 1073 2184 δέδεικται]
1113 2133 1215 2173 Vide
1246 2140 1287 2173 et
1316 2134 1457 2172 confer
1484 2134 1741 2174 tractatulum

266 2190 319 2229 de
348 2203 451 2228 anno
481 2190 711 2230 Nativitatis
741 2196 780 2230 et
811 2190 1008 2230 Passionis
1035 2190 1209 2242 Christi,
1241 2192 1311 2244 qui
1329 2191 1532 2230 Chronico
1557 2191 1742 2231 paschali

267 2246 493 2299 subjicitur.

379 2301 478 2352 Pag.
507 2302 601 2346 416.
632 2302 672 2344 5.
735 2300 823 2344 Two
850 2304 935 2344 τοῖν
968 2301 1242 2356 Απσστόλων]
1285 2303 1537 2357 Scriptorum*
1574 2308 1743 2344 senten-

122 2366 151 2398 P
175 2364 244 2400 527
266 2359 366 2408 tias,
397 2359 468 2410 qui
494 2359 533 2396 S.
564 2359 758 2409 Ignatium
789 2359 838 2398 ab
868 2359 1072 2413 Apostolis
1103 2359 1342 2401 Antiochiae
1370 2361 1598 2400 ordinatum
1616 2361 1743 2400 fui-u

265 2388 512 2469 Episcopum
531 2414 762 2464 tradidere,
792 2417 932 2455 multis
962 2418 1152 2470 expendit
1181 2418 1288 2457 idem
1319 2417 1538 2457 Cotelerius
1567 2417 1618 2457 nd
1637 2418 1741 2457 Con-

267 2472 397 2514 stitut.
428 2471 567 2524 Apost.
597 2485 689 2524 pag.
717 2445 822 2516 298-
1092 2484 1101 2497 ’

385 2530 478 2578 Pag.
508 2527 606 2571 416
637 2532 676 2571 6.
717 2529 968 2593 Επιστολῇ]
1017 2529 1200 2582 Epistola
1226 2529 1380 2568 scilicet
1415 2528 1658 2582 interpolata
1684 2532 1743 2573 ad

267 2584 493 2625 Trallianos
517 2598 558 2623 n.
585 2598 632 2624 x.
662 2583 779 2637 cujus
805 2585 1182 2638 interpretationem
1211 2592 1389 2625 veterem
1416 2584 1484 2624 hic
1513 2586 1665 2626 damus.

383 2644 481 2692 Pag
506 2639 704 2685 417.10.
768 2640 981 2694 Τεθηκως]
1029 2641 1132 2680 Hinc
1168 2640 1419 2695 supplendus
1457 2641 1590 2683 hiatus
1618 2645 1738 2685 unius
1792 2658 1794 2662 ·

267 2703 339 2736 aut
367 2697 529 2737 alterius
557 2697 670 2737 vocis
699 2698 810 2749 apud
838 2698 1049 2737 Eusebium
1077 2698 1119 2736 in
1148 2697 1295 2736 Chron.

385 2755 479 2793 Ibid.
543 2756 606 2810 Τῷ
635 2752 678 2794 δὲ
700 2751 894 2818 τετάρτῳ]
936 2754 1083 2793 Eadem
1118 2754 1242 2794 verba
1283 2754 1399 2793 affert
1442 2755 1665 2807 Eusebius,
1698 2761 1742 2798 et

271 2824 322 2850 ex
354 2823 400 2849 eo
432 2811 471 2849 S.
498 2796 767 2863 Hieronymus
794 2810 837 2849 in
867 2810 1016 2851 Chron.
1035 2810 1162 2880 ”cujus
1190 2811 1311 2849 latina
1341 2810 1409 2849 hic
1439 2811 1735 2898 descripsimus.

387 2866 704 2918 Pag.417.17‘.
762 2870 827 2909 Εν
848 2869 907 2923 τῷ
929 2863 982 2922 ιη’
1001 2870 1076 2920 τῆς
1097 2869 1315 2922 Ιουδαΐκῆς
1336 2867 1449 2924 App]
1481 2869 1660 2923 Gap.111.
