1820 3276
479 213 538 256 IN
573 210 900 256 CHRONICON
932 209 1220 253 PASCHALE.
1500 202 1598 251 429

131 336 222 362 nem
252 322 312 371 εἷς
340 322 496 376 Συρίαν
536 322 676 362 s‹r1b1t
704 320 998 374 Theophanes,
1042 326 1081 358 et
1110 333 1160 358 ex
1192 332 1238 357 eo
1267 318 1438 370 Symeon
1466 316 1600 367 Lego.-

131 380 263 428 theta,
305 393 379 431 pro
407 379 465 427 εἷς
496 380 700 431 Ισαυρίαν.
760 379 990 429 Anonymus
1028 375 1282 415 Valesianus:
1320 375 1421 413 Huic
1441 374 1598 412 insidia-

133 439 239 475 batur
259 436 463 475 Basiliscus
484 437 558 487 ipse
575 449 715 487 primus
736 434 911 473 Senator:
940 448 1006 486 quo
1031 435 1171 483 cognito
1190 433 1289 470 Zeno
1306 445 1385 471 cum
1401 431 1599 482 aliquantis

130 494 271 532 divitiis
289 495 396 544 petiit
422 492 617 531 Isaunffam
677 491 824 530 Chron.
857 491 939 529 MS.
969 491 1017 529 ab
1057 490 1210 528 Adamo
1247 489 1298 527 ad
1328 489 1498 526 Leonem
1524 488 1600 524 Sa-

131 550 339 602 pientem,
371 548 514 602 ἔφευγε
550 548 594 589 ἐν
634 548 802 602 Ισαυρίᾳ
841 548 898 595 εἰς
935 563 979 587 το
1021 561 1225 598 φρουριον
1256 541 1416 597 ἄχυρον.
1484 543 1600 583 Hane

130 606 299 645 Zenonis
328 607 472 656 fugam,
502 612 546 644 ut
577 610 616 644 et
644 606 818 644 reditum
848 605 1028 655 respexit
1059 602 1263 641 Ennodius
1291 602 1332 640 in
1354 599 1600 652 Panegyrico

131 663 240 702 dicto
270 661 521 701 Theodorico
554 662 669 711 Regi.
693 662 800 713 pulsa
827 665 879 699 est
905 661 1076 711 extemplo
1094 659 1312 710 Principalis
1333 659 1416 696 urbe
1441 670 1602 695 reveren-

131 722 210 769 tia,
242 724 276 758 et
303 722 342 758 in
366 732 521 757 vacuam
545 722 791 770 possessionem
818 718 917 756 nullo
950 720 1086 755 ase-itus
1104 718 1279 766 sanguine
1290 720 1465 766 tyrannus
1482 727 1602 752 acces-

131 780 199 825 sit,
230 778 293 828 qui
318 776 408 813 aula
435 777 593 826 potitus,
624 776 811 827 definivit,
840 778 1028 825 postquam
1055 777 1147 811 metu
1176 774 1289 810 hostes
1307 785 1388 809 suos
1407 771 1603 809 debellave-

131 838 213 880 rat,
245 833 338 871 nihil
363 845 537 883 superesse
564 832 657 883 quod
685 835 839 882 gereret:
870 845 946 869 cum
977 833 1111 868 animos
1137 833 1217 868 tuos
1236 831 1311 868 sine
1330 840 1502 866 annor-um
1522 826 1602 878 suf-

124 889 259 942 sragio
286 889 427 940 impulit
453 889 518 926 lux
547 893 722 937 naturae,
751 901 796 926 ne
811 892 876 926 aut
894 901 1005 925 causa
1023 887 1143 924 melior
1161 890 1194 924 te
1211 898 1327 924 coram
1342 889 1458 936 posito
1475 884 1601 932 subja-

132 950 245 994 ceret,
275 950 341 983 aut
373 959 443 983 non
475 946 677 996 beneficium
693 947 911 983 necessitatis
931 948 1077 995 tempore
1097 943 1280 990 redderes,
1303 941 1397 993 quod
1414 943 1516 992 pacis
1537 953 1602 978 ac-

132 1016 286 1054 ceperas.
344 1001 390 1040 In
420 1004 509 1053 ipsis
537 1004 790 1052 congressionis
819 1006 903 1039 tuae
926 1001 1074 1052 foribus
1101 1002 1203 1038 cessit
1228 1002 1394 1046 invasor,
1425 1011 1504 1036 eum
1514 1010 1602 1048 pro-

125 1059 222 1111 fugo
238 1072 302 1110 per
318 1062 352 1097 te
374 1063 514 1110 sceptra
532 1059 783 1106 redderentur,
813 1059 857 1097 de
874 1058 991 1095 salute
1013 1057 1205 1095 dubitanti.
1265 1056 1326 1094 Ex
1357 1054 1503 1105 quibus
1533 1067 1604 1106 pa-

131 1122 189 1154 tet
214 1115 254 1153 in
285 1128 331 1153 ea
361 1115 616 1167 expeditione
656 1115 808 1153 Zenoni
848 1114 1085 1153 auxiliatum
1113 1112 1434 1161 Theudoricum,
1471 1124 1604 1163 quan-

129 1171 349 1223 doquidem
390 1172 568 1210 restituti
606 1171 778 1210 Zenonis
816 1171 976 1209 laudem
1012 1171 1204 1220 integram
1235 1169 1270 1207 ei
1299 1167 1492 1207 adscribit
1521 1168 1605 1205 En-

129 1228 295 1278 uodius3
334 1228 443 1279 quod.
472 1234 608 1267 exerte
637 1228 769 1266 firmat
798 1228 1030 1279 Anonymus
1061 1226 1312 1273 Valesianus‚
1340 1224 1411 1264 ubi
1446 1225 1496 1264 de
1525 1224 1605 1263 Ze-

128 1298 255 1324 none:
285 1285 425 1323 Deinde
442 1287 540 1324 misit
557 1286 609 1323 ad
629 1285 816 1324 Civitatem
834 1282 994 1331 Novam,
1023 1287 1062 1322 in
1080 1297 1152 1334 qua
1172 1287 1248 1321 erat
1270 1282 1502 1320 Theodericus
1521 1281 1605 1319 Rex

130 1343 324 1381 Gothorum
334 1342 442 1394 filius
469 1342 693 1390 Walameris,
722 1346 755 1379 et
775 1354 852 1379 eum
875 1343 914 1379 in
932 1341 1099 1378 solatium
1116 1341 1188 1377 sibi
1202 1340 1369 1377 adversus
1384 1338 1604 1376 Basiliscum

129 1400 308 1448 objectans
335 1399 480 1436 militem
510 1403 591 1449 post
621 1400 795 1436 biennium
818 1400 979 1445 veniens,
1007 1397 1164 1434 obsidens
1188 1398 1369 1434 civitatem
1397 1394 1604 1433 Constanti-

127 1456 287 1506 nopolim.
327 1454 455 1493 Infra·
486 1455 585 1493 Zeno
602 1458 726 1506 itaque
744 1468 1004 1505 re‹.ompensans
1023 1454 1198 1506 beneficiis
1221 1452 1483 1501 Theodericum,
1506 1463 1605 1503 quem

121 1512 218 1564 fecit
241 1512 440 1550 Patricium
466 1515 500 1550 et
522 1512 724 1559 Consulem,
755 1512 890 1549 donans
913 1513 947 1549 ei
962 1511 1099 1558 multa,
1127 1514 1191 1548 etc.

245 1567 342 1618 Pag
372 1570 563 1632 600.-13.
623 1563 800 1616 Ευθέως
823 1565 1148 1632 προεχειρίσατο]
1181 1566 1302 1604 [mmo
1332 1564 1458 1603 invita
1486 1562 1606 1602 Veri-

127 1638 178 1663 na
207 1624 424 1663 Basiliscus
450 1624 531 1677 jam
562 1631 676 1664 antea
707 1627 779 1675 τῆς
809 1624 1011 1675 βασιλείας
1041 1619 1213 1671 ἐκτόπως
1241 1622 1369 1674 ἐρῶν,
1396 1628 1443 1660 ut
1472 1626 1606 1659 testa-

126 1687 196 1720 tur
234 1682 454 1733 Procopius
492 1681 563 1720 lib.
601 1695 628 1719 1.
664 1681 872 1722 Vandalic.
911 1694 998 1732 cap.
1028 1693 1084 1718 vl.
1126 1680 1354 1731 Imperator
1393 1678 1524 1716 dictus
1565 1681 1606 1716 et

115 1740 380 1777 renuntiatus
419 1744 489 1776 est·
517 1753 538 1776 a
577 1739 747 1786 Senatu,
787 1751 878 1776 cum
918 1737 988 1775 illa
1028 1749 1215 1787 generum
1255 1748 1372 1774 suum
1405 1735 1606 1773 Zenonem

127 1808 203 1847 per
230 1794 412 1832 fraudem
440 1795 484 1832 in
513 1795 645 1845 sugam
677 1794 842 1845 egisset,
873 1807 953 1845 quo
974 1791 1468 1842 Patricium'magistrum,
1499 1804 1606 1842 quo-

116 1864 220 1903 ·cum
249 1858 535 1901 consueverat,
567 1851 617 1889 ad
646 1851 860 1903 Imperium
893 1849 1155 1902 proveheret:
1197 1849 1252 1887 ita
1283 1847 1486 1886 candidus
1557 1847 1605 1887 ln

130 1908 264 1959 Campo
292 1908 554 1947 acclamatum
583 1908 763 1947 scribunt
792 1906 1026 1946 Theodorus
1056 1907 1222 1956 Lector,
1262 1903 1525 1957 Theophanes
1566 1909 1606 1943 et

129 1964 346 2004 Cedrenus.

243 2021 338 2072 Pag-
370 2024 463 2063 600.
495 2026 562 2064 17.
622 2025 809 2072 Εστεψεν
848 2017 914 2062 τόν
942 2017 1036 2061 υἱὸν
1066 2015 1194 2060 αὐτοῦ
1224 2015 1404 2069 Μάρκον
1433 2017 1492 2065 εἰς
1519 2020 1605 2057 Βα-

113 2076 260 2129 σιλέα]
293 2078 417 2129 Atqui
446 2079 575 2129 primo
606 2079 825 2124 Caesarem,
855 2084 942 2116 tum
966 2078 1256 2129 Imperatorem
1283 2074 1411 2113 filium
1425 2074 1605 2113 Marcum

127 2134 231 2173 dixit
270 2135 504 2182 Basiliscus,
545 2141 593 2174 ut
634 2142 770 2174 exerte
813 2134 955 2173 scribit
984 2133 1209 2172 Candidus:
1249 2131 1358 2183 quod
1391 2129 1506 2169 etiam
1536 2136 1605 2170 te-

126 2197 285 2230 stantur
314 2191 495 2230 Basilisci
523 2192 660 2230 literae
691 2191 801 2244 apud
832 2191 1043 2240 Evagrium
1072 2189 1143 2227 lib.
1175 2202 1238 2228 111.
1271 2201 1361 2239 cap.
1387 2200 1446 2226 lv.

242 2248 335 2298 Pug
368 2251 564 2291 600.19.
625 2251 743 2294 Ιλλου
782 2243 936 2299 μόνον]
987 2246 1267 2292 Marcellinus,
1316 2242 1522 2283 Victorius
1564 2249 1605 2282 et

116 2305 315 2351 Senator·
358 2304 430 2342 Illo
477 2304 516 2342 V.
559 2303 599 2343 C.
637 2304 717 2343 Cos.
755 2303 896 2342 Victor
927 2303 1056 2341 Tunn.
1086 2302 1176 2340 Post
1206 2301 1283 2340 Cos.
1312 2300 1458 2339 Armati
1492 2300 1532 2338 V.
1564 2299 1605 2338 C.

126 2361 217 2401 Vet.
259 2361 445 2412 Inscript.
482 2373 570 2399 ma.
611 2363 650 2403 6.
690 2360 734 2398 P.
764 2360 805 2398 C.
833 2363 914 2398 iter.
942 2360 1088 2398 Armati
1122 2358 1160 2396 V.
1192 2357 1232 2396 C.
1261 2356 1395 2406 Illum,
1430 2356 1604 2395 Jornan-

128 2417 216 2456 des:
265 2419 431 2466 Πλοῠν,
470 2415 721 2466 Damascius,
758 2415 942 2454 Malchus
984 2421 1025 2454 et
1061 2413 1296 2453 Theodorus
1337 2413 1485 2451 Lector
1522 2425 1604 2451 vo·-

128 2480 231 2512 cant.

242 2529 466 2579 Pag.601.
500 2533 536 2571 1
593 2524 807 2581 Αρματον]
848 2527 928 2575 Qui
957 2526 1060 2574 ἴδιος
1089 2522 1260 2577 οἷνὲψιος
1286 2525 1467 2564 Basilisci
1496 2524 1604 2563 dici-

127 2591 196 2624 tur
224 2584 462 2638 Theophani
493 2599 555 2626 an.
575 2599 638 2623 111.
669 2586 817 2622 Zenon.
850 2583 955 2623 unde
985 2582 1200 2621 Basiliscus
1234 2583 1396 2631 Caesar,
1426 2581 1605 2634 ejusdem

129 2642 282 2681 Armati
321 2642 451 2692 filius,
502 2641 674 2681 Verinae
711 2641 914 2692 Augustae
955 2636 1175 2690 ἔξαδελφος
1214 2638 1342 2678 eidem
1370 2637 1605 2690 Theophani

128 2705 395 2750 nuncupatur.

243 2755 340 2805 Pag.
370 2757 465 2796 601.
496 2757 537 2796 3.
571 2749 794 2807 Ορκῶσας
823 2753 880 2801 εἷς
907 2749 953 2794 τό
984 2749 1100 2807 ὃῖγιον
1128 2746 1358 2803 Βαπτισμα]
1386 2750 1503 2790 Haud
1533 2749 1603 2788 ab·

131 2810 258 2850 simile
288 2811 448 2850 omnino
487 2816 775 2849 sacramentum
807 2815 993 2860 exegerat
1028 2807 1275 2847 Areobindus
1305 2807 1489 2859 Magister
1523 2806 1602 2844 mi-

130 2867 247 2906 litum
275 2868 418 2907 missus
444 2866 490 2905 in
518 2867 693 2906 Africam
723 2867 772 2906 ab
802 2866 1049 2906 Justiniano:
1084 2878 1175 2903 cum
1206 2864 1311 2904 enim
1339 2877 1361 2903 a
1369 2837 1603 2914 ζ’ὣΐὶοιιΐζὴειτῄ
