1820 3276
473 216 533 259 IN
567 206 898 260 CHRONICON
930 215 1219 259 PASCHALE.
1484 212 1584 261 399

112 333 387 382 sumpserunt,
424 333 472 366 ut
507 333 707 367 vocarunt
737 330 921 369 ΚΙΟΝΑ
949 328 1310 369 ΜΟΝΟΛΙΘΟΝ
1328 326 1439 366 illam
1468 326 1586 366 cele—

107 386 222 424 brem
252 385 476 424 columnam
507 383 795 437 porphyream‚
826 385 1134 437 Constantinopoli
1159 389 1352 435 erectam,
1395 384 1585 437 quoniam

108 454 162 482 ex
191 455 270 481 uno
299 440 434 495 lapide
463 441 683 481 constabat.

220 499 370 538 Verum
401 504 461 537 est
491 499 545 536 La
573 497 772 550 Roquium
802 496 940 537 dicere
967 494 1039 553 ¹),
1074 501 1267 538 maximam
1292 502 1431 551 partem
1458 499 1586 536 harum

109 556 347 595 columnarum
373 559 514 595 tantum
541 568 560 594 e
588 556 724 594 duobus
748 555 930 606 lapidibus
956 560 1192 595 constructam
1219 569 1301 594 esse.
1351 555 1442 606 Sed,
1472 565 1587 608 prae—

108 619 291 664 terquam
323 612 432 665 quod
460 612 504 651 id
533 617 687 651 tanturn
718 611 768 650 de
797 612 967 651 maxima
999 619 1113 665 parte
1144 613 1332 661 affirmet,
1364 611 1496 651 dicere
1525 611 1587 650 li-

109 676 193 716 cet,
222 670 356 721 quod,
388 669 569 722 quamvis
598 682 673 722 per
703 668 802 707 duas
831 668 1103 709 hebdomadas
1130 670 1283 709 Balbeci
1307 669 1516 718 manserit,
1546 673 1586 707 et

110 726 196 779 ejus
226 726 481 778 antiquitates
512 726 562 764 ad
590 725 766 766 lubitum
794 725 1030 776 visitaverit,
1062 733 1101 766 et
1130 727 1222 765 ideo
1253 726 1391 779 plures
1421 724 1587 764 notitias

110 796 230 835 quam
259 782 553 832 Maundrellius,
601 783 670 834 qui
702 796 752 822 ne
779 784 977 833 integrum
1009 783 1170 835 quidem
1200 785 1306 822 diem
1337 783 1396 821 ibi
1424 783 1588 834 impen-

110 839 191 887 dit,
221 845 378 887 narret3
423 845 556 878 tamen
584 839 828 878 Maundrellii
855 839 1128 878 testimonium
1158 844 1199 878 in
1228 840 1308 878 hoc
1338 853 1433 878 casu
1462 838 1588 890 magis

109 895 399 935 admittendum
430 910 533 946 esse,
564 897 752 949 quoniam
782 909 804 935 a
834 896 993 935 duobus
1025 897 1188 936 Graecis
1218 896 1471 946 auctoribus,
1512 909 1583 934 su-

106 953 409 1006 pra‘laudatiffi
449 953 728 1002 confirmatur,
767 966 910 1005 nempe
942 954 1111 993 Chronico
1141 960 1180 994 et
1208 954 1375 992 DIalela:
1410 967 1501 991 nam
1539 958 1586 991 ut

105 1009 353 1049 Maundrellii
386 1011 563 1049 narratio
605 1010 804 1062 explicat,
847 1011 1051 1062 quomodo
1092 1024 1230 1050 eorum
1262 1010 1384 1050 verba
1413 1009 1586 1060 intelligi

106 1067 300 1118 debeant,
327 1066 384 1104 sic
412 1066 474 1105 illi
503 1067 552 1106 ab
585 1067 709 1106 altera
738 1073 853 1120 parte
879 1068 1090 1108 veritatem
1119 1068 1274 1107 numeri
1302 1068 1345 1106 in
1376 1065 1462 1119 ejus
1490 1080 1586 1105 nar-

104 1123 259 1162 ratione
293 1123 534 1172 ostendunt3
578 1126 766 1176 quoniam
798 1129 910 1163 certo
942 1125 1092 1164 certius
1122 1132 1201 1175 est,
1240 1124 1350 1163 hunc
1380 1130 1586 1163 auctorem

95 1180 289 1219 >notitiam
317 1194 399 1219 non
426 1180 615 1220 habuisse
650 1194 814 1229 eorum,
846 1194 948 1232 quae
977 1181 1027 1222 de
1055 1181 1132 1222 hac
1163 1195 1208 1222 re
1238 1182 1507 1235 scripserant,
1545 1186 1586 1220 et

103 1237 226 1289 plane
243 1250 394 1276 »eorum
429 1239 701 1278 ΤΡΙΛΙΘΟΝ
726 1238 941 1288 ignorasse.

215 1293 275 1333 Ne
315 1294 407 1334 ideo
446 1293 687 1334 Maundrellii
723 1294 989 1345 diligentiam,
1031 1295 1346 1335 exactitudinem
1388 1300 1429 1334 et
1462 1293 1586 1333 fidem

103 1350 168 1389 La
196 1350 336 1403 Roquii
361 1351 514 1389 meritis
547 1353 822 1403 praeferamus
840 1349 909 1407 2)·,
952 1353 1271 1391 animadvertere
1308 1352 1426 1402 licet,
1464 1350 1587 1404 hujus

104 1408 279 1446 auctoris
308 1421 505 1458 errorem,
540 1407 636 1447 dum
665 1409 782 1461 ponit
812 1408 901 1447 duos
931 1409 1071 1460 lapides
1099 1410 1191 1448 loco
1217 1411 1348 1459 trium,
1389 1407 1483 1447 inde
1514 1422 1584 1447 or-

103 1468 189 1502 tum
229 1462 441 1512 habuisse,
482 1465 593 1517 quod
621 1466 798 1518 primum
825 1464 931 1503 hanc
961 1465 1279 1505 observationem
1308 1466 1351 1504 in
1381 1464 1585 1504 schedulis

103 1521 186 1560 suis
216 1530 290 1574 per
317 1521 485 1573 figuram
517 1522 692 1572 numeri,
736 1528 777 1561 et
806 1536 888 1561 non
917 1523 1052 1561 verbis
1083 1523 1359 1573 adnotaverit3
1404 1522 1463 1561 sic
1490 1527 1586 1575 post

100 1578 264 1630 triginta
303 1584 342 1617 et
380 1579 520 1631 plures
560 1592 686 1618 annos
706 1577 756 1634 ³)
795 1592 886 1618 cum
913 1579 1212 1630 observationes
1239 1593 1330 1619 suas
1358 1584 1585 1619 recenseret

102 1639 143 1673 et
170 1636 212 1674 in
240 1635 372 1674 lucem
403 1635 556 1686 ederet,
603 1636 818 1676 fallebatur
852 1636 896 1675 in
936 1650 1130 1688 numero,
1169 1643 1209 1677 et
1244 1637 1419 1690 ponebat
1446 1640 1487 1679 2.
1516 1637 1584 1675 lo-

103 1704 151 1730 co
182 1695 222 1735 δ.

216 1747 320 1799 Ergo
358 1760 498 1787 secure
539 1748 799 1801 adquiescere
835 1762 1048 1802 possumus
1077 1749 1322 1790 Maundrellii
1347 1749 1580 1800 narrationi,

99 1810 185 1843 tam
225 1803 324 1844 bene
355 1805 564 1845 suffultae:
609 1812 648 1845 et
687 1820 739 1846 ex
767 1807 998 1846 testimonio
1029 1808 1202 1847 duorum
1234 1808 1478 1847 Graecorum
1509 1820 1583 1845 au·-

103 1868 284 1910 ctorum,
319 1862 385 1900 cui
428 1863 584 1902 accedit
622 1863 731 1902 illius
773 1865 1013 1914 auctoritas,
1053 1864 1128 1903 has
1159 1864 1258 1904 duas
1290 1865 1582 1913 conclusiones,

101 1924 149 1958 ut
178 1918 258 1958 duo
289 1917 560 1959 demonstrata
591 1916 831 1971 Corollaria,
868 1918 1049 1972 efficere,
1089 1935 1191 1975 quae
1222 1935 1288 1973 ea,
1328 1936 1428 1976 quae
1458 1935 1583 1976 supra

101 1981 243 2014 contra
271 1975 477 2015 Reinesium
508 1976 551 2015 in
580 1977 756 2016 medium
786 1978 926 2029 attuli,
957 1978 1261 2020 confirmabunt.

215 2032 370 2082 Primo,
407 2034 619 2087 Templum
656 2035 899 2087 Heliopoleos,
939 2035 1053 2089 cujus
1087 2038 1239 2075 mentio
1278 2035 1323 2074 fit
1351 2035 1393 2074 in
1425 2035 1582 2074 Graeco

101 2087 276 2128 Chronico
304 2095 345 2129 et
372 2089 539 2141 Malela,
581 2091 688 2130 idem
719 2105 805 2132 esse
835 2097 956 2145 atque
987 2092 1113 2144 illud,
1157 2093 1269 2146 quod
1310 2092 1582 2131 Maundreltius

97 2150 140 2184 et
176 2146 246 2184 atii
283 2146 476 2186 ltinerum
513 2161 679 2188 suorum
718 2150 935 2202 scriptores
971 2149 1124 2190 Balbeci
1152 2147 1366 2199 'viderint,
1422 2155 1463 2188 et
1497 2162 1581 2188 non

99 2203 295 2256 templum
326 2204 442 2242 Oniae
468 2204 512 2243 in
538 2206 713 2258 Aegypto.

214 2260 423 2310 Secundo,
455 2261 554 2300 Cum
581 2262 776 2301 Balbecum
803 2276 932 2316 prope
961 2268 1138 2302 montem
1166 2262 1371 2312 Libanum,
1401 2267 1470 2300 aut
1497 2275 1580 2315 po-

94 2315 180 2355 tius
218 2316 464 2356 Antilibanum
503 2317 623 2357 situm
664 2318 736 2369 sit,
772 2320 816 2358 in
852 2325 969 2372 parte
1000 2319 1157 2372 Syriae,
1197 2331 1298 2372 quae
1327 2324 1419 2358 ante
1450 2319 1580 2359 Coele-

100 2371 218 2425 Syria
258 2373 506 2426 vocabatur,
547 2374 746 2426 Heliopolis
779 2375 954 2415 duorum
986 2377 1231 2416 Graecorum
1274 2381 1487 2416 auctorum
1518 2381 1578 2414 est

102 2429 239 2469 eadem
268 2431 387 2479 urbs,
418 2445 520 2484 quae
546 2431 766 2481 Balbecum,
795 2439 836 2472 et
864 2447 945 2471 non
973 2433 1174 2485 Heliopolis
1208 2432 1396 2486 Aegypti.

216 2487 443 2531 Circalhoc
475 2489 661 2528 ultimum
691 2495 816 2542 caput
843 2490 983 2543 plures
1017 2491 1116 2529 alios
1155 2496 1339 2529 auctores
1376 2488 1578 2528 adducere

100 2553 283 2594 possem,
330 2545 401 2597 qui
429 2545 728 2596 demonstrant,
772 2547 839 2586 vel
872 2548 1013 2588 saltem
1044 2546 1267 2598 affirmant,
1306 2546 1510 2599 Heliopolin
1538 2551 1577 2585 et

150 2712 199 2756 1)
245 2712 390 2759 Voyage
411 2712 456 2750 de
479 2714 654 2761 Syrie'l'.
676 2715 705 2751 1.
730 2728 765 2763 p.
788 2718 868 2754 119.

146 2779 199 2823 2)
244 2780 345 2816 Licet
369 2778 476 2817 'multa
496 2783 652 2830 exempto.
674 2795 805 2830 parvae
828 2784 1030 2831 diligentiae
1053 2785 1224 2822 adducere
1247 2795 1382 2832 possem
1403 2788 1471 2821 etc,

144 2848 197 2892 3)
242 2849 387 2884 Balbeci
407 2855 482 2885 erat
503 2863 619 2886 mense
639 2851 821 2890 Novembr.
846 2855 908 2888 An.
927 2855 1029 2891 1689.
1052 2859 1090 2889 et
1112 2855 1236 2889 librum
1258 2854 1295 2890 iu
1317 2855 1426 2891 lucem
1447 2852 1575 2890 edebat

192 2895 257 2930 An.
282 2896 383 2932 1722.
405 2895 655 2934 dedicationem
678 2901 737 2935 20.
759 2899 914 2936 Januarii
938 2901 1012 2945 ejus
1036 2900 1115 2936 anni
1138 2907 1274 2938 notans.
