1884 3262
286 217 351 263 66
499 214 648 259 ANAL.
686 211 968 257 CHRONOL.
1005 210 1077 252 AD
1113 209 1317 253 GHRON.
1354 208 1537 251 PASCH.

401 326 488 375 Pag.
510 324 605 367 358.
622 326 662 367 6.
693 319 857 374 Χριστοὶ
876 318 1111 372 Pontifices]
1143 319 1225 357 Imo
1257 317 1306 356 ab
1338 323 1481 356 octavo
1510 329 1614 355 anno
1646 315 1753 355 Darii

285 381 517 433 Hystaspis,
557 391 680 430 supra
710 376 798 417 ead.
830 391 931 429 pag.
961 391 998 415 α.
1027 383 1066 415 et
1087 390 1133 427 p.
1162 378 1257 417 272.
1284 374 1324 416 4.
1367 374 1436 425 qui
1461 380 1526 412 est
1554 372 1752 426 secundus

286 436 538 493 Olympiadis
568 437 663 478 183.
1543 480 1545 483 ‚

399 495 490 542 Pag.
509 494 603 534 359.
623 493 661 532 3.
698 490 776 528 Sed
806 489 943 541 templi
971 487 1207 526 instauratio
1236 484 1429 538 permissa
1449 485 1608 524 iudaeis
1633 499 1654 522 a
1679 483 1754 535 ey-

283 562 344 597 ro,
375 548 572 599 simulque
601 546 765 595 libertas
793 546 843 584 iis
873 542 1030 584 reddita
1059 558 1162 582 anno
1194 538 1317 594 ipsius
1347 541 1439 594 Cyri
1461 542 1606 593 primo,
1634 553 1753 589 supra

277 619 378 655 pag.
408 603 504 646 265.
537 606 599 644 13.
640 603 708 641 sed
737 601 1075 641 incursationibus
1105 599 1326 638 vicinarum
1357 597 1531 648 gentium
1562 595 1754 650 prohibiti

282 660 419 698 sudaei
450 658 589 711 templi
617 659 945 698 instaurationem
970 658 1176 696 absolvere
1195 655 1463 706 nequiverunt
1480 654 1556 693 nisi
1574 659 1666 706 post
1684 654 1752 695 46.

282 730 420 755 annos.
453 718 581 768 Supra
607 730 709 767 pag.
729 719 825 758 272.
847 715 886 758 4.
917 720 955 752 et
984 717 1078 756 270.
1100 716 1170 755 20.
1202 725 1342 764 nempe
1371 711 1442 749 illo
1472 714 1510 753 8.
1542 725 1605 750 an.
1628 708 1778 750 Dariiw

283 772 383 813 ibid.
414 778 454 810 et
478 786 578 825 pag.
608 775 702 816 273.
734 775 771 813 3.
804 771 914 809 illam
949 776 1078 808 autem
1106 768 1433 807 instaurationem
1458 767 1562 805 serio
1593 765 1754 805 taudem

283 828 457 880 aggressi
486 836 580 867 sunt
603 842 665 867 an.
688 832 729 871 2.
752 827 928 880 ejusdem
950 826 1071 867 Darii.
1101 824 1201 863 ibid.
1219 830 1258 863 et
1270 838 1373 876 pag.
1397 827 1493 866 272.
1513 823 1550 866 4.
1572 825 1665 866 270.
1684 824 1752 863 20.

161 887 188 922 Ρ
213 884 260 923 46
284 891 323 924 et
352 888 601 991 261ξε13ἒ575.
625 943 689 982 13.
721 938 1199 992 Εννεακαιδεκαετηρίδος
1228 935 1329 988 ἔτος]
1362 937 1414 975 At
1438 948 1525 987 sup.
1540 949 1585 986 Ρ.
1607 936 1753 976 368-2.

282 997 383 1037 dixit
422 1011 525 1035 anno
560 996 817 1049 praecedenti
856 996 924 1047 qui
956 1002 1016 1034 est
1045 995 1096 1033 Μ.
1128 996 1250 1038 5506.
1311 992 1479 1044 Cyclum
1509 991 1630 1029 fuisse
1658 997 1754 1029 tan-

281 1061 366 1094 tum
400 1053 462 1096 14.
494 1067 584 1105 sup.
609 1068 713 1105 pag.
744 1052 837 1095 140.
871 1055 935 1096 10.

394 1110 485 1159 Pag.
516 1113 611 1152 382.
647 1113 710 1152 18.
758 1108 886 1148 Semel
925 1113 1077 1147 tantum
1114 1106 1154 1144 in
1196 1105 1274 1144 hoc
1305 1103 1504 1144 Chronico
1534 1102 1680 1142 menn‘o
1710 1100 1755 1139 fit

281 1167 373 1205 anni
411 1180 433 1204 a
473 1165 686 1205 Nativitate
727 1164 874 1204 Christi
910 1167 1006 1209 619.
1041 1166 1069 1202 ⁸1⁸.
1109 1162 1152 1201 in
1195 1175 1260 1201 an.
1299 1162 1348 1200 ab
1387 1161 1629 1200 Ascensione
1658 1159 1752 1202 586.

272 1238 374 1276 pag.
404 1224 501 1264 710.
1756 1239 1762 1246 ·

394 1278 484 1328 Pag.
503 1280 598 1320 391.
617 1275 679 1320 14.
710 1279 797 1328 Ετη
823 1271 935 1327 υπη’]
965 1275 1048 1313 [mo
1079 1274 1174 1316 599.
1203 1274 1252 1312 ab
1276 1274 1321 1312 A.
1341 1273 1392 1315 Μ.
1414 1273 1536 1316 4936.
1560 1273 1610 1312 ad
1630 1271 1754 1316 5535.

278 1336 361 1374 imo
389 1348 472 1373 non
502 1348 523 1372 a
554 1333 660 1386 Cyro
690 1332 763 1371 sed
791 1346 815 1370 a
845 1331 965 1370 Dario
996 1330 1229 1383 putandum.
1288 1330 1388 1370 Vide
1411 1344 1512 1381 pag.
1542 1329 1638 1372 356.

391 1391 483 1440 Pag.
503 1392 599 1432 392.
623 1393 690 1430 17.
726 1392 857 1436 Ετους
884 1384 987 1440 aql]
1018 1386 1077 1426 Ab
1108 1387 1262 1437 Exodo,
1294 1399 1415 1439 supra
1436 1400 1542 1438 pag.
1573 1389 1664 1428 117.
1692 1390 1755 1424 est

279 1447 383 1489 enim
412 1459 541 1485 annus
569 1447 694 1488 3836.

392 1503 485 1553 Pag.
514 1504 609 1544 393.
644 1502 708 1544 14.
750 1496 894 1551 εφλς’.]
926 1497 1199 1550 Reprehendit
1229 1498 1474 1551 Epiphanius
1502 1497 1659 1538 haeresi
1687 1498 1755 1541 51.

278 1572 366 1612 pag.
398 1561 492 1600 196.
527 1558 714 1612 εἰκοστῷ,
752 1557 832 1595 imo
861 1558 929 1599 30.
956 1568 1044 1608 sup.
1067 1569 1115 1607 p.
1147 1558 1243 1598 360.
1283 1561 1323 1595 et:
1356 1555 1399 1595 in
1435 1555 1516 1595 hoc
1556 1553 1755 1594 Chronico

279 1615 484 1654 manifeste
515 1627 643 1652 annus
667 1614 720 1653 M.
750 1613 874 1656 6507.
905 1612 1110 1651 concurrit
1140 1625 1232 1651 eum
1261 1625 1366 1651 anno
1395 1611 1465 1655 42.
1493 1610 1677 1663 Augusti.

392 1671 483 1722 Pag.
503 1670 601 1713 431.
620 1668 660 1712 4.
698 1665 902 1724 Τετάρυῳ]
934 1667 1161 1721 Legendum
1191 1667 1356 1724 πέμπτῳ
1385 1675 1430 1708 ut
1459 1667 1664 1720 sequentia
1691 1666 1756 1707 isa-

278 1728 429 1768 dicant.

321 1784 325 1787 ”
390 1784 482 1835 Pag.
506 1783 604 1829 464.
626 1785 691 1826 18.
728 1783 947 1833 Sequentes
976 1780 1133 1819 numeri
1162 1794 1237 1834 pro
1266 1794 1348 1821 uno
1375 1781 1508 1822 minus
1528 1780 1754 1833 aecipimdi

277 1846 371 1878 sunt
402 1846 448 1878 ut
476 1854 552 1892 pro
583 1839 707 1893 Cyclo
734 1837 869 1880 lunari
893 1842 935 1881 2.
964 1836 1218 1878 scribendum
1241 1840 1277 1884 1.
1307 1851 1384 1890 pro
1413 1836 1535 1880 solari
1558 1840 1622 1884 16.
1652 1838 1754 1876 scri-

277 1896 451 1935 bendum
479 1897 543 1940 15.
573 1910 649 1950 pro
683 1908 785 1934 anno
816 1894 869 1934 M.
900 1894 1025 1938 5588.
1052 1893 1307 1933 scribendum
1335 1894 1461 1937 5587,
1489 1899 1531 1934 et
1556 1895 1754 1934 rationem*

278 1966 474 1991 annorum
503 1953 556 1992 Μ.
588 1953 674 1992 dixi
703 1952 746 1990 in
770 1950 949 2002 Caligula
978 1963 1104 2001 usque
1129 1950 1184 1989 ad
1213 1950 1344 1990 finem.
1373 1950 1422 1990 {d
1444 1949 1615 2003 donique
1632 1964 1754 2003 prae·-

276 2009 372 2057 atiti,
402 2023 493 2047 nam
523 2010 655 2048 omnia
680 2007 907 2058 emendavi,
934 2007 1071 2059 itaque
1098 2020 1209 2046 nunc
1236 2006 1341 2046 nihil
1369 2013 1431 2047 est
1458 2007 1630 2060 amplius
1654 1999 1766 2047 niu-⁵

275 2065 457 2105 tandum.

318 2173 329 2189 ‚
388 2122 480 2191 ξας.
510 2121 608 2164 515.
640 2124 675 2164 1.
704 2119 882 2171 Scaliger
910 2119 955 2160 in
983 2119 1077 2158 Can.
1106 2120 1206 2172 Isag.
1235 2134 1275 2173 p.
1308 2122 1427 2163 1280.
1459 2124 1497 2162 1.
1528 2119 1626 2161 edit.
1654 2120 1753 2173 legit

275 2193 327 2217 αυ
355 2190 524 2218 ουστων.

331 2193 353 2230 γ
388 2234 480 2285 Pag.
499 2232 594 2276 522.
613 2235 678 2275 19.
709 2231 745 2274 Δ
767 2230 984 2271 Consulatu
1003 2231 1209 2271 Volusiani
1230 2238 1271 2273 et
1291 2231 1450 2280 Auiani,
1477 2234 1505 2273 ἲ.
1527 2246 1631 2286 pag.
1653 2233 1751 2278 686.

276 2294 316 2333 9.
347 2288 463 2333 Anno
492 2302 630 2328 ccxcv.
689 2290 916 2342 Reparatur
941 2301 1060 2328 error
1089 2287 1159 2340 qui
1189 2301 1276 2341 sup.
1307 2289 1400 2333 512.
1435 2292 1499 2331 11,

389 2346 479 2398 Pag.
509 2346 606 2389 562.
636 2348 675 2388 9.
706 2346 931 2398 Reparatur
958 2357 1075 2385 error
1104 2344 1172 2396 qui
1200 2358 1291 2398 sup.
1317 2360 1362 2397 p.
1392 2346 1487 2388 529.
1521 2348 1585 2388 11.
