<?xml version="1.0" encoding="UTF-8"?>
<!DOCTYPE html PUBLIC "-//W3C//DTD XHTML 1.0 Transitional//EN"
    "http://www.w3.org/TR/xhtml1/DTD/xhtml1-transitional.dtd">
<html xmlns="http://www.w3.org/1999/xhtml" xml:lang="en" lang="en">
 <head>
  <title>
</title>
<meta http-equiv="Content-Type" content="text/html;charset=utf-8" />
  <meta name='ocr-system' content='tesseract 3.04.00' />
  <meta name='ocr-capabilities' content='ocr_page ocr_carea ocr_par ocr_line ocrx_word'/>
</head>
<body>
  <div class='ocr_page' id='page_1' title='image "./corpusscriptorum05niebuoft_0379.png"; bbox 0 0 1820 3276; ppageno 0'>
   <div class='ocr_carea' id='block_1_1' title="bbox 487 183 1589 250">
    <p class='ocr_par' dir='ltr' id='par_1_1' title="bbox 487 183 1589 250">
     <span class='ocr_line' id='line_1_1' title="bbox 487 183 1589 250; baseline 0.008 -9"><span class='ocrx_word' id='word_1_1' title='bbox 487 198 547 241; x_wconf 76' lang='lat' dir='ltr'><strong>m</strong></span> <span class='ocrx_word' id='word_1_2' title='bbox 581 198 908 244; x_wconf 69' lang='grc' dir='ltr'><strong>0111101110οΝ</strong></span> <span class='ocrx_word' id='word_1_3' title='bbox 939 188 1227 245; x_wconf 76' lang='lat' dir='ltr'><strong>PAscHALE.</strong></span> <span class='ocrx_word' id='word_1_4' title='bbox 1465 183 1589 250; x_wconf 77' lang='grc'><strong>’369</strong></span> 
     </span>
    </p>
   </div>
   <div class='ocr_carea' id='block_1_2' title="bbox 88 291 1739 1044">
    <p class='ocr_par' dir='ltr' id='par_1_2' title="bbox 111 291 1589 574">
     <span class='ocr_line' id='line_1_2' title="bbox 124 291 1587 369; baseline 0.005 -23"><span class='ocrx_word' id='word_1_5' title='bbox 124 291 216 355; x_wconf 82' lang='lat' dir='ltr'><strong>tius,</strong></span> <span class='ocrx_word' id='word_1_6' title='bbox 248 312 288 346; x_wconf 89' lang='lat' dir='ltr'><strong>et</strong></span> <span class='ocrx_word' id='word_1_7' title='bbox 318 306 421 348; x_wconf 81' lang='lat' dir='ltr'><strong>Fasti</strong></span> <span class='ocrx_word' id='word_1_8' title='bbox 451 322 587 349; x_wconf 86' lang='lat' dir='ltr'><strong>omnes</strong></span> <span class='ocrx_word' id='word_1_9' title='bbox 616 324 692 363; x_wconf 86' lang='lat' dir='ltr'><strong>pro</strong></span> <span class='ocrx_word' id='word_1_10' title='bbox 721 311 975 363; x_wconf 81' lang='lat' dir='ltr'><strong>Symmacho,</strong></span> <span class='ocrx_word' id='word_1_11' title='bbox 1003 312 1171 362; x_wconf 72' lang='lat' dir='ltr'><strong>Bassum,</strong></span> <span class='ocrx_word' id='word_1_12' title='bbox 1200 312 1408 352; x_wconf 87' lang='lat' dir='ltr'><strong>Gallicano</strong></span> <span class='ocrx_word' id='word_1_13' title='bbox 1440 309 1587 369; x_wconf 88' lang='lat' dir='ltr'><strong>(quem</strong></span> 
     </span>
     <span class='ocr_line' id='line_1_3' title="bbox 121 362 1589 422; baseline 0.005 -20"><span class='ocrx_word' id='word_1_14' title='bbox 121 373 331 417; x_wconf 77' lang='lat' dir='ltr'><strong>perperam</strong></span> <span class='ocrx_word' id='word_1_15' title='bbox 360 362 554 407; x_wconf 80' lang='grc' dir='ltr'><strong><em>Γαλλικόν</em></strong></span> <span class='ocrx_word' id='word_1_16' title='bbox 584 375 732 407; x_wconf 89' lang='lat' dir='ltr'><strong>vocant</strong></span> <span class='ocrx_word' id='word_1_17' title='bbox 761 369 992 421; x_wconf 84' lang='lat' dir='ltr'><strong>Savilliani)</strong></span> <span class='ocrx_word' id='word_1_18' title='bbox 1031 370 1223 420; x_wconf 80' lang='lat' dir='ltr'><strong>collegam</strong></span> <span class='ocrx_word' id='word_1_19' title='bbox 1263 370 1505 422; x_wconf 81' lang='lat' dir='ltr'><strong>adjungunt,</strong></span> <span class='ocrx_word' id='word_1_20' title='bbox 1549 378 1589 410; x_wconf 89' lang='lat' dir='ltr'><strong>et</strong></span> 
     </span>
     <span class='ocr_line' id='line_1_4' title="bbox 121 423 1587 489; baseline 0.006 -30"><span class='ocrx_word' id='word_1_21' title='bbox 121 428 251 460; x_wconf 83' lang='lat' dir='ltr'><strong>recte:</strong></span> <span class='ocrx_word' id='word_1_22' title='bbox 282 435 372 460; x_wconf 87' lang='lat' dir='ltr'><strong>nam</strong></span> <span class='ocrx_word' id='word_1_23' title='bbox 405 423 601 462; x_wconf 87' lang='lat' dir='ltr'><strong>Gallicani</strong></span> <span class='ocrx_word' id='word_1_24' title='bbox 622 430 662 463; x_wconf 88' lang='lat' dir='ltr'><strong>et</strong></span> <span class='ocrx_word' id='word_1_25' title='bbox 679 424 906 489; x_wconf 85' lang='lat' dir='ltr'><strong>Symmachi</strong></span> <span class='ocrx_word' id='word_1_26' title='bbox 925 426 1164 465; x_wconf 79' lang='lat' dir='ltr'><strong>Consulatus</strong></span> <span class='ocrx_word' id='word_1_27' title='bbox 1182 427 1233 465; x_wconf 89' lang='lat' dir='ltr'><strong>ad</strong></span> <span class='ocrx_word' id='word_1_28' title='bbox 1251 441 1397 466; x_wconf 88' lang='lat' dir='ltr'><strong>annum</strong></span> <span class='ocrx_word' id='word_1_29' title='bbox 1417 441 1587 467; x_wconf 84' lang='lat' dir='ltr'>cccxxx.</span> 
     </span>
     <span class='ocr_line' id='line_1_5' title="bbox 111 478 1589 534; baseline 0.005 -18"><span class='ocrx_word' id='word_1_30' title='bbox 111 478 316 527; x_wconf 73' lang='lat' dir='ltr'><strong>refertur,</strong></span> <span class='ocrx_word' id='word_1_31' title='bbox 362 479 476 533; x_wconf 85' lang='lat' dir='ltr'><strong>cujus</strong></span> <span class='ocrx_word' id='word_1_32' title='bbox 514 479 559 519; x_wconf 88' lang='lat' dir='ltr'><strong>fit</strong></span> <span class='ocrx_word' id='word_1_33' title='bbox 594 483 742 521; x_wconf 88' lang='lat' dir='ltr'><strong>mentio</strong></span> <span class='ocrx_word' id='word_1_34' title='bbox 780 481 822 519; x_wconf 87' lang='lat' dir='ltr'><strong>in</strong></span> <span class='ocrx_word' id='word_1_35' title='bbox 861 482 946 534; x_wconf 88' lang='lat' dir='ltr'><strong>lege</strong></span> <span class='ocrx_word' id='word_1_36' title='bbox 975 496 1020 521; x_wconf 87' lang='lat'><strong>11.</strong></span> <span class='ocrx_word' id='word_1_37' title='bbox 1053 483 1153 524; x_wconf 87' lang='lat' dir='ltr'><strong>Cod.</strong></span> <span class='ocrx_word' id='word_1_38' title='bbox 1182 483 1253 523; x_wconf 90' lang='lat' dir='ltr'><strong>Th.</strong></span> <span class='ocrx_word' id='word_1_39' title='bbox 1284 485 1334 524; x_wconf 90' lang='lat' dir='ltr'><strong>de</strong></span> <span class='ocrx_word' id='word_1_40' title='bbox 1361 484 1519 524; x_wconf 87' lang='lat' dir='ltr'><strong>Judaeis</strong></span> <span class='ocrx_word' id='word_1_41' title='bbox 1549 491 1589 524; x_wconf 85' lang='lat' dir='ltr'><strong>et</strong></span> 
     </span>
     <span class='ocr_line' id='line_1_6' title="bbox 121 534 309 574; baseline 0 -2"><span class='ocrx_word' id='word_1_42' title='bbox 121 534 309 574; x_wconf 89' lang='lat' dir='ltr'><strong>Coelicol.</strong></span> 
     </span>
    </p>

    <p class='ocr_par' dir='ltr' id='par_1_3' title="bbox 88 591 1739 914">
     <span class='ocr_line' id='line_1_7' title="bbox 232 591 1589 646; baseline 0.001 -11"><span class='ocrx_word' id='word_1_43' title='bbox 232 591 326 642; x_wconf 72' lang='lat' dir='ltr'><strong><em>Pag·</em></strong></span> <span class='ocrx_word' id='word_1_44' title='bbox 355 592 450 635; x_wconf 88' lang='grc'><strong>523.</strong></span> <span class='ocrx_word' id='word_1_45' title='bbox 482 595 521 635; x_wconf 90' lang='grc'><strong>8.</strong></span> <span class='ocrx_word' id='word_1_46' title='bbox 579 593 910 646; x_wconf 75' lang='grc' dir='ltr'><strong><em>Κωνσταντῖνος]</em></strong></span> <span class='ocrx_word' id='word_1_47' title='bbox 938 594 1110 634; x_wconf 73' lang='lat' dir='ltr'><strong>idatius:</strong></span> <span class='ocrx_word' id='word_1_48' title='bbox 1138 595 1212 635; x_wconf 75' lang='lat' dir='ltr'><strong>His</strong></span> <span class='ocrx_word' id='word_1_49' title='bbox 1238 596 1331 635; x_wconf 65' lang='lat' dir='ltr'><strong>Cosa.</strong></span> <span class='ocrx_word' id='word_1_50' title='bbox 1358 596 1472 635; x_wconf 81' lang='lat' dir='ltr'><strong>levati</strong></span> <span class='ocrx_word' id='word_1_51' title='bbox 1498 597 1589 637; x_wconf 83' lang='lat' dir='ltr'><strong>cae-</strong></span> 
     </span>
     <span class='ocr_line' id='line_1_8' title="bbox 112 648 1735 700; baseline 0.004 -15"><span class='ocrx_word' id='word_1_52' title='bbox 112 661 215 686; x_wconf 69' lang='lat' dir='ltr'><strong>sares</strong></span> <span class='ocrx_word' id='word_1_53' title='bbox 255 648 420 700; x_wconf 73' lang='lat' dir='ltr'><strong>Crispus,</strong></span> <span class='ocrx_word' id='word_1_54' title='bbox 461 649 629 689; x_wconf 72' lang='lat' dir='ltr'><strong>Licinius</strong></span> <span class='ocrx_word' id='word_1_55' title='bbox 664 655 699 690; x_wconf 81' lang='lat' dir='ltr'><strong>et</strong></span> <span class='ocrx_word' id='word_1_56' title='bbox 736 651 999 691; x_wconf 70' lang='lat' dir='ltr'><strong><em>Constantinus.</em></strong></span> <span class='ocrx_word' id='word_1_57' title='bbox 1058 652 1118 690; x_wconf 86' lang='lat' dir='ltr'><strong>Ita</strong></span> <span class='ocrx_word' id='word_1_58' title='bbox 1161 652 1277 690; x_wconf 83' lang='lat' dir='ltr'><strong>etiam</strong></span> <span class='ocrx_word' id='word_1_59' title='bbox 1315 653 1508 692; x_wconf 73' lang='lat' dir='ltr'><strong>Eusebius</strong></span> <span class='ocrx_word' id='word_1_60' title='bbox 1545 655 1587 693; x_wconf 90' lang='lat' dir='ltr'><strong>in</strong></span> <span class='ocrx_word' id='word_1_61' title='bbox 1611 654 1642 689; x_wconf 89' lang='lat' dir='ltr'><strong>P</strong></span> <span class='ocrx_word' id='word_1_62' title='bbox 1663 655 1735 692; x_wconf 84' lang='lat'><strong>556</strong></span> 
     </span>
     <span class='ocr_line' id='line_1_9' title="bbox 88 703 1739 762; baseline 0.005 -20"><span class='ocrx_word' id='word_1_63' title='bbox 88 755 91 758; x_wconf 87' lang='lat'><strong>.</strong></span> <span class='ocrx_word' id='word_1_64' title='bbox 120 703 267 744; x_wconf 91' lang='lat' dir='ltr'><strong>Chron.</strong></span> <span class='ocrx_word' id='word_1_65' title='bbox 301 706 492 758; x_wconf 83' lang='lat' dir='ltr'>Prosper,</span> <span class='ocrx_word' id='word_1_66' title='bbox 533 706 672 747; x_wconf 85' lang='lat' dir='ltr'>Victor</span> <span class='ocrx_word' id='word_1_67' title='bbox 701 707 879 758; x_wconf 87' lang='lat' dir='ltr'><strong>Schotti,</strong></span> <span class='ocrx_word' id='word_1_68' title='bbox 917 709 1119 758; x_wconf 75' lang='lat' dir='ltr'>Zosimus,</span> <span class='ocrx_word' id='word_1_69' title='bbox 1159 716 1200 748; x_wconf 89' lang='lat' dir='ltr'><strong>et</strong></span> <span class='ocrx_word' id='word_1_70' title='bbox 1228 709 1316 759; x_wconf 88' lang='lat' dir='ltr'><strong>alii,</strong></span> <span class='ocrx_word' id='word_1_71' title='bbox 1355 723 1404 748; x_wconf 86' lang='lat' dir='ltr'><strong>ex</strong></span> <span class='ocrx_word' id='word_1_72' title='bbox 1441 710 1586 762; x_wconf 86' lang='lat' dir='ltr'><strong>quibus</strong></span> <span class='ocrx_word' id='word_1_73' title='bbox 1611 713 1643 747; x_wconf 88' lang='lat' dir='ltr'>V</span> <span class='ocrx_word' id='word_1_74' title='bbox 1668 714 1739 750; x_wconf 78' lang='lat'><strong>482</strong></span> 
     </span>
     <span class='ocr_line' id='line_1_10' title="bbox 118 760 1588 807; baseline 0.006 -9"><span class='ocrx_word' id='word_1_75' title='bbox 118 760 408 800; x_wconf 81' lang='lat' dir='ltr'><strong>emendandum</strong></span> <span class='ocrx_word' id='word_1_76' title='bbox 451 762 531 801; x_wconf 83' lang='lat' dir='ltr'><strong>hoo</strong></span> <span class='ocrx_word' id='word_1_77' title='bbox 577 763 821 804; x_wconf 86' lang='lat' dir='ltr'><strong>Chronicon:</strong></span> <span class='ocrx_word' id='word_1_78' title='bbox 870 765 1042 803; x_wconf 87' lang='lat' dir='ltr'>necdum</span> <span class='ocrx_word' id='word_1_79' title='bbox 1091 766 1196 804; x_wconf 90' lang='lat' dir='ltr'><strong>enim</strong></span> <span class='ocrx_word' id='word_1_80' title='bbox 1249 766 1504 805; x_wconf 75' lang='lat' dir='ltr'><strong>Constantius</strong></span> <span class='ocrx_word' id='word_1_81' title='bbox 1549 775 1588 807; x_wconf 90' lang='lat' dir='ltr'><strong>et</strong></span> 
     </span>
     <span class='ocr_line' id='line_1_11' title="bbox 118 818 1588 876; baseline 0.005 -21"><span class='ocrx_word' id='word_1_82' title='bbox 118 818 312 857; x_wconf 78' lang='lat' dir='ltr'>Constans</span> <span class='ocrx_word' id='word_1_83' title='bbox 350 819 432 858; x_wconf 87' lang='lat' dir='ltr'><strong>nati</strong></span> <span class='ocrx_word' id='word_1_84' title='bbox 470 827 584 860; x_wconf 89' lang='lat' dir='ltr'><strong>erant</strong></span> <span class='ocrx_word' id='word_1_85' title='bbox 620 820 698 860; x_wconf 88' lang='lat' dir='ltr'><strong>hoc</strong></span> <span class='ocrx_word' id='word_1_86' title='bbox 727 835 843 861; x_wconf 88' lang='lat' dir='ltr'><strong>anno.</strong></span> <span class='ocrx_word' id='word_1_87' title='bbox 901 822 1003 861; x_wconf 86' lang='lat' dir='ltr'>Vide</span> <span class='ocrx_word' id='word_1_88' title='bbox 1031 822 1215 862; x_wconf 79' lang='lat' dir='ltr'>Familias</span> <span class='ocrx_word' id='word_1_89' title='bbox 1244 829 1401 862; x_wconf 88' lang='lat' dir='ltr'><strong>nostras</strong></span> <span class='ocrx_word' id='word_1_90' title='bbox 1430 824 1588 876; x_wconf 86' lang='lat' dir='ltr'><strong>Byzan-</strong></span> 
     </span>
     <span class='ocr_line' id='line_1_12' title="bbox 114 874 228 915; baseline 0.01 -2"><span class='ocrx_word' id='word_1_91' title='bbox 114 874 228 915; x_wconf 86' lang='lat' dir='ltr'><strong>tinas.</strong></span> 
     </span>
    </p>

    <p class='ocr_par' dir='ltr' id='par_1_4' title="bbox 113 930 1583 1044">
     <span class='ocr_line' id='line_1_13' title="bbox 228 930 1583 990; baseline 0.003 -16"><span class='ocrx_word' id='word_1_92' title='bbox 228 930 451 982; x_wconf 81' lang='lat' dir='ltr'><strong>Pag.523.</strong></span> <span class='ocrx_word' id='word_1_93' title='bbox 485 935 550 975; x_wconf 89' lang='grc'><strong>12.</strong></span> <span class='ocrx_word' id='word_1_94' title='bbox 613 931 668 975; x_wconf 91' lang='grc' dir='ltr'><strong>Το</strong></span> <span class='ocrx_word' id='word_1_95' title='bbox 690 930 750 986; x_wconf 88' lang='grc' dir='ltr'><strong>ς’.]</strong></span> <span class='ocrx_word' id='word_1_96' title='bbox 785 935 875 986; x_wconf 88' lang='lat' dir='ltr'><strong>Leg.</strong></span> <span class='ocrx_word' id='word_1_97' title='bbox 905 932 951 977; x_wconf 75' lang='grc' dir='ltr'><strong>τό</strong></span> <span class='ocrx_word' id='word_1_98' title='bbox 982 931 1024 986; x_wconf 83' lang='grc' dir='ltr'><strong>ε’,</strong></span> <span class='ocrx_word' id='word_1_99' title='bbox 1054 934 1123 976; x_wconf 77' lang='grc' dir='ltr'><strong>καὶ</strong></span> <span class='ocrx_word' id='word_1_100' title='bbox 1146 934 1340 976; x_wconf 86' lang='grc' dir='ltr'><strong><em>Λικινίου</em></strong></span> <span class='ocrx_word' id='word_1_101' title='bbox 1367 936 1583 990; x_wconf 79' lang='grc' dir='ltr'><strong>Καίσαρος.</strong></span> 
     </span>
     <span class='ocr_line' id='line_1_14' title="bbox 113 987 1174 1044; baseline 0.004 -18"><span class='ocrx_word' id='word_1_102' title='bbox 113 987 174 1026; x_wconf 87' lang='lat' dir='ltr'><strong>Ita</strong></span> <span class='ocrx_word' id='word_1_103' title='bbox 203 988 305 1028; x_wconf 86' lang='lat' dir='ltr'><strong>enim</strong></span> <span class='ocrx_word' id='word_1_104' title='bbox 335 988 441 1027; x_wconf 82' lang='lat' dir='ltr'><strong>Fasti</strong></span> <span class='ocrx_word' id='word_1_105' title='bbox 473 1004 606 1030; x_wconf 87' lang='lat' dir='ltr'><strong>omnes</strong></span> <span class='ocrx_word' id='word_1_106' title='bbox 636 997 676 1030; x_wconf 85' lang='lat' dir='ltr'><strong>et</strong></span> <span class='ocrx_word' id='word_1_107' title='bbox 706 992 803 1030; x_wconf 87' lang='lat' dir='ltr'><strong>cod.</strong></span> <span class='ocrx_word' id='word_1_108' title='bbox 831 991 984 1032; x_wconf 87' lang='lat' dir='ltr'><strong>Theod.</strong></span> <span class='ocrx_word' id='word_1_109' title='bbox 1012 992 1174 1044; x_wconf 85' lang='lat' dir='ltr'><strong>passim</strong></span> 
     </span>
    </p>
   </div>
   <div class='ocr_carea' id='block_1_3' title="bbox 50 1044 1600 2909">
    <p class='ocr_par' dir='ltr' id='par_1_5' title="bbox 110 1044 1586 1254">
     <span class='ocr_line' id='line_1_15' title="bbox 230 1044 1586 1102; baseline 0.004 -19"><span class='ocrx_word' id='word_1_110' title='bbox 230 1044 451 1099; x_wconf 78' lang='lat' dir='ltr'><strong>Pag.523.</strong></span> <span class='ocrx_word' id='word_1_111' title='bbox 484 1050 549 1090; x_wconf 91' lang='grc'><strong>17.</strong></span> <span class='ocrx_word' id='word_1_112' title='bbox 606 1046 719 1089; x_wconf 67' lang='lat' dir='ltr'><strong>Ano}</strong></span> <span class='ocrx_word' id='word_1_113' title='bbox 747 1048 817 1090; x_wconf 80' lang='grc' dir='ltr'><strong>καὶ</strong></span> <span class='ocrx_word' id='word_1_114' title='bbox 844 1049 1042 1102; x_wconf 82' lang='grc' dir='ltr'><strong><em>Βασιλεῖς]</em></strong></span> <span class='ocrx_word' id='word_1_115' title='bbox 1072 1050 1135 1087; x_wconf 85' lang='lat' dir='ltr'><strong>Ex</strong></span> <span class='ocrx_word' id='word_1_116' title='bbox 1165 1047 1326 1087; x_wconf 89' lang='lat' dir='ltr'><strong>Eusebii</strong></span> <span class='ocrx_word' id='word_1_117' title='bbox 1357 1047 1458 1087; x_wconf 86' lang='lat' dir='ltr'><strong>Hist.</strong></span> <span class='ocrx_word' id='word_1_118' title='bbox 1479 1049 1586 1090; x_wconf 88' lang='lat' dir='ltr'><strong>Eccl.</strong></span> 
     </span>
     <span class='ocr_line' id='line_1_16' title="bbox 112 1100 704 1154; baseline 0.009 -15"><span class='ocrx_word' id='word_1_119' title='bbox 112 1100 184 1141; x_wconf 90' lang='lat' dir='ltr'><strong>lib.</strong></span> <span class='ocrx_word' id='word_1_120' title='bbox 210 1115 252 1141; x_wconf 82' lang='lat' dir='ltr'><strong>x.</strong></span> <span class='ocrx_word' id='word_1_121' title='bbox 284 1115 368 1154; x_wconf 88' lang='lat' dir='ltr'><strong>cap.</strong></span> <span class='ocrx_word' id='word_1_122' title='bbox 403 1117 447 1147; x_wconf 87' lang='grc'><strong>11</strong></span> <span class='ocrx_word' id='word_1_123' title='bbox 478 1117 515 1142; x_wconf 83' lang='lat' dir='ltr'><strong>v.</strong></span> <span class='ocrx_word' id='word_1_124' title='bbox 546 1117 603 1145; x_wconf 80' lang='lat' dir='ltr'><strong>vx.</strong></span> <span class='ocrx_word' id='word_1_125' title='bbox 631 1118 704 1144; x_wconf 85' lang='lat' dir='ltr'><strong>vn.</strong></span> 
     </span>
     <span class='ocr_line' id='line_1_17' title="bbox 116 1157 1586 1226; baseline 0.001 -26"><span class='ocrx_word' id='word_1_126' title='bbox 116 1189 123 1200; x_wconf 75' lang='grc'><strong>.</strong></span> <span class='ocrx_word' id='word_1_127' title='bbox 225 1157 322 1210; x_wconf 77' lang='lat' dir='ltr'><strong>Pag</strong></span> <span class='ocrx_word' id='word_1_128' title='bbox 352 1158 448 1202; x_wconf 95' lang='grc'><strong>524.</strong></span> <span class='ocrx_word' id='word_1_129' title='bbox 480 1163 520 1202; x_wconf 90' lang='grc'><strong>2.</strong></span> <span class='ocrx_word' id='word_1_130' title='bbox 585 1158 638 1203; x_wconf 88' lang='grc' dir='ltr'><strong>Το</strong></span> <span class='ocrx_word' id='word_1_131' title='bbox 669 1157 713 1211; x_wconf 69' lang='grc' dir='ltr'><strong>ζ.</strong></span> <span class='ocrx_word' id='word_1_132' title='bbox 724 1161 740 1215; x_wconf 93' lang='grc'>]</span> <span class='ocrx_word' id='word_1_133' title='bbox 781 1162 872 1215; x_wconf 88' lang='lat' dir='ltr'><strong>Leg.</strong></span> <span class='ocrx_word' id='word_1_134' title='bbox 907 1159 952 1210; x_wconf 87' lang='grc' dir='ltr'><strong>ς’.</strong></span> <span class='ocrx_word' id='word_1_135' title='bbox 1010 1162 1079 1201; x_wconf 91' lang='lat' dir='ltr'><strong>Sic</strong></span> <span class='ocrx_word' id='word_1_136' title='bbox 1118 1161 1225 1200; x_wconf 85' lang='lat' dir='ltr'><strong>Fasti</strong></span> <span class='ocrx_word' id='word_1_137' title='bbox 1255 1174 1391 1200; x_wconf 87' lang='lat' dir='ltr'><strong>omnes</strong></span> <span class='ocrx_word' id='word_1_138' title='bbox 1419 1167 1459 1226; x_wconf 85' lang='lat' dir='ltr'><strong>et</strong></span> <span class='ocrx_word' id='word_1_139' title='bbox 1489 1162 1586 1202; x_wconf 86' lang='lat' dir='ltr'><strong>cod.</strong></span> 
     </span>
     <span class='ocr_line' id='line_1_18' title="bbox 110 1213 264 1255; baseline -0.007 -1"><span class='ocrx_word' id='word_1_140' title='bbox 110 1213 264 1255; x_wconf 84' lang='lat' dir='ltr'><strong>Theod.</strong></span> 
     </span>
    </p>

    <p class='ocr_par' dir='ltr' id='par_1_6' title="bbox 109 1271 1585 1367">
     <span class='ocr_line' id='line_1_19' title="bbox 224 1271 1585 1326; baseline -0.001 -12"><span class='ocrx_word' id='word_1_141' title='bbox 224 1271 319 1322; x_wconf 82' lang='lat' dir='ltr'><strong><em>Pag-</em></strong></span> <span class='ocrx_word' id='word_1_142' title='bbox 350 1271 447 1315; x_wconf 82' lang='lat'><strong>524</strong></span> <span class='ocrx_word' id='word_1_143' title='bbox 472 1273 512 1317; x_wconf 87' lang='lat'>4</span> <span class='ocrx_word' id='word_1_144' title='bbox 571 1274 912 1326; x_wconf 81' lang='grc' dir='ltr'><strong>Κωνσταντίνου]</strong></span> <span class='ocrx_word' id='word_1_145' title='bbox 953 1276 1045 1326; x_wconf 90' lang='lat' dir='ltr'><strong>Leg.</strong></span> <span class='ocrx_word' id='word_1_146' title='bbox 1074 1274 1386 1324; x_wconf 81' lang='grc' dir='ltr'><strong><em>Κωνσταντίου,</em></strong></span> <span class='ocrx_word' id='word_1_147' title='bbox 1417 1287 1468 1312; x_wconf 84' lang='lat' dir='ltr'><strong>ex</strong></span> <span class='ocrx_word' id='word_1_148' title='bbox 1502 1274 1585 1313; x_wconf 87' lang='lat' dir='ltr'><strong>Fa-</strong></span> 
     </span>
     <span class='ocr_line' id='line_1_20' title="bbox 109 1327 408 1369; baseline -0.004 -3"><span class='ocrx_word' id='word_1_149' title='bbox 109 1328 180 1367; x_wconf 86' lang='lat' dir='ltr'><strong>stis</strong></span> <span class='ocrx_word' id='word_1_150' title='bbox 209 1327 408 1369; x_wconf 84' lang='lat' dir='ltr'><strong>omnibus.</strong></span> 
     </span>
    </p>

    <p class='ocr_par' dir='ltr' id='par_1_7' title="bbox 110 1360 1583 1490">
     <span class='ocr_line' id='line_1_21' title="bbox 208 1360 1583 1440; baseline 0.004 -18.066"><span class='ocrx_word' id='word_1_151' title='bbox 208 1384 318 1434; x_wconf 82' lang='lat' dir='ltr'><strong>Pag.</strong></span> <span class='ocrx_word' id='word_1_152' title='bbox 347 1382 444 1427; x_wconf 89' lang='grc'><strong>524.</strong></span> <span class='ocrx_word' id='word_1_153' title='bbox 474 1386 540 1426; x_wconf 92' lang='grc'><strong>10</strong></span> <span class='ocrx_word' id='word_1_154' title='bbox 600 1386 912 1428; x_wconf 81' lang='grc' dir='ltr'><strong><em>Κωνσταντίνου</em></strong></span> <span class='ocrx_word' id='word_1_155' title='bbox 932 1402 976 1428; x_wconf 83' lang='grc' dir='ltr'><strong>το</strong></span> <span class='ocrx_word' id='word_1_156' title='bbox 997 1383 1044 1440; x_wconf 75' lang='grc' dir='ltr'><strong>γ’.</strong></span> <span class='ocrx_word' id='word_1_157' title='bbox 1101 1386 1177 1426; x_wconf 87' lang='lat' dir='ltr'><strong>Hic</strong></span> <span class='ocrx_word' id='word_1_158' title='bbox 1193 1386 1348 1439; x_wconf 89' lang='lat' dir='ltr'><strong>pariter</strong></span> <span class='ocrx_word' id='word_1_159' title='bbox 1364 1360 1440 1439; x_wconf 85' lang='lat' dir='ltr'><strong>leg.</strong></span> <span class='ocrx_word' id='word_1_160' title='bbox 1459 1389 1583 1428; x_wconf 85' lang='grc' dir='ltr'><strong><em>Κων-</em></strong></span> 
     </span>
     <span class='ocr_line' id='line_1_22' title="bbox 110 1441 528 1490; baseline -0.002 -9"><span class='ocrx_word' id='word_1_161' title='bbox 110 1441 314 1490; x_wconf 82' lang='grc' dir='ltr'><strong><em>σταντίου,</em></strong></span> <span class='ocrx_word' id='word_1_162' title='bbox 344 1453 396 1479; x_wconf 81' lang='lat' dir='ltr'><strong>ex</strong></span> <span class='ocrx_word' id='word_1_163' title='bbox 422 1441 528 1480; x_wconf 77' lang='lat' dir='ltr'><strong>Fast.</strong></span> 
     </span>
    </p>

    <p class='ocr_par' dir='ltr' id='par_1_8' title="bbox 109 1496 1582 1592">
     <span class='ocr_line' id='line_1_23' title="bbox 223 1496 1582 1554; baseline -0.001 -15"><span class='ocrx_word' id='word_1_164' title='bbox 223 1497 318 1547; x_wconf 81' lang='lat' dir='ltr'><strong><em>Pag-</em></strong></span> <span class='ocrx_word' id='word_1_165' title='bbox 347 1496 445 1541; x_wconf 75' lang='grc'><strong>524.</strong></span> <span class='ocrx_word' id='word_1_166' title='bbox 477 1500 542 1541; x_wconf 87' lang='grc'><strong>12.</strong></span> <span class='ocrx_word' id='word_1_167' title='bbox 602 1502 696 1552; x_wconf 86' lang='grc' dir='ltr'><strong>Αμα</strong></span> <span class='ocrx_word' id='word_1_168' title='bbox 731 1497 849 1540; x_wconf 80' lang='grc' dir='ltr'><em>παιδὶ</em></span> <span class='ocrx_word' id='word_1_169' title='bbox 879 1498 1077 1554; x_wconf 76' lang='grc' dir='ltr'><strong>Κρίσπῳ]</strong></span> <span class='ocrx_word' id='word_1_170' title='bbox 1125 1498 1227 1538; x_wconf 84' lang='lat' dir='ltr'>Vide</span> <span class='ocrx_word' id='word_1_171' title='bbox 1267 1498 1407 1540; x_wconf 88' lang='lat' dir='ltr'><strong>Euseb.</strong></span> <span class='ocrx_word' id='word_1_172' title='bbox 1441 1499 1512 1540; x_wconf 85' lang='lat' dir='ltr'><strong>lib.</strong></span> <span class='ocrx_word' id='word_1_173' title='bbox 1540 1514 1582 1538; x_wconf 87' lang='lat' dir='ltr'><strong>x.</strong></span> 
     </span>
     <span class='ocr_line' id='line_1_24' title="bbox 109 1567 286 1592; baseline 0 0"><span class='ocrx_word' id='word_1_174' title='bbox 109 1567 154 1592; x_wconf 88' lang='lat' dir='ltr'><strong>ca</strong></span> <span class='ocrx_word' id='word_1_175' title='bbox 228 1567 286 1592; x_wconf 79' lang='lat' dir='ltr'><strong>lx</strong></span> 
     </span>
    </p>

    <p class='ocr_par' dir='ltr' id='par_1_9' title="bbox 107 1567 1582 1890">
     <span class='ocr_line' id='line_1_25' title="bbox 155 1567 1582 1665; baseline 0.001 -16"><span class='ocrx_word' id='word_1_176' title='bbox 155 1567 198 1607; x_wconf 77' lang='lat' dir='ltr'>p</span> <span class='ocrx_word' id='word_1_177' title='bbox 222 1611 316 1661; x_wconf 79' lang='lat' dir='ltr'><strong>Pag.</strong></span> <span class='ocrx_word' id='word_1_178' title='bbox 349 1608 444 1652; x_wconf 87' lang='grc'><strong>524</strong></span> <span class='ocrx_word' id='word_1_179' title='bbox 476 1614 540 1653; x_wconf 87' lang='grc'><strong>17.</strong></span> <span class='ocrx_word' id='word_1_180' title='bbox 600 1611 680 1651; x_wconf 79' lang='grc' dir='ltr'><strong>Ινδ.</strong></span> <span class='ocrx_word' id='word_1_181' title='bbox 719 1607 803 1665; x_wconf 81' lang='grc' dir='ltr'><strong>ιγ’.]</strong></span> <span class='ocrx_word' id='word_1_182' title='bbox 847 1611 955 1652; x_wconf 89' lang='lat' dir='ltr'><strong>Haec</strong></span> <span class='ocrx_word' id='word_1_183' title='bbox 993 1624 1122 1664; x_wconf 88' lang='lat' dir='ltr'><strong>usque</strong></span> <span class='ocrx_word' id='word_1_184' title='bbox 1161 1610 1212 1650; x_wconf 91' lang='lat' dir='ltr'><strong>ad</strong></span> <span class='ocrx_word' id='word_1_185' title='bbox 1246 1606 1392 1661; x_wconf 72' lang='grc' dir='ltr'><strong><em>αὐτός,</em></strong></span> <span class='ocrx_word' id='word_1_186' title='bbox 1431 1611 1474 1650; x_wconf 83' lang='grc'><strong>111</strong></span> <span class='ocrx_word' id='word_1_187' title='bbox 1512 1611 1582 1654; x_wconf 89' lang='lat' dir='ltr'><strong>lin.</strong></span> 
     </span>
     <span class='ocr_line' id='line_1_26' title="bbox 108 1666 1582 1721; baseline 0.003 -16"><span class='ocrx_word' id='word_1_188' title='bbox 108 1667 249 1715; x_wconf 85' lang='lat' dir='ltr'><strong>tertia,</strong></span> <span class='ocrx_word' id='word_1_189' title='bbox 289 1666 433 1705; x_wconf 85' lang='lat' dir='ltr'><strong>desunt</strong></span> <span class='ocrx_word' id='word_1_190' title='bbox 461 1666 502 1705; x_wconf 90' lang='lat' dir='ltr'><strong>in</strong></span> <span class='ocrx_word' id='word_1_191' title='bbox 533 1667 630 1707; x_wconf 89' lang='lat' dir='ltr'><strong>Cod.</strong></span> <span class='ocrx_word' id='word_1_192' title='bbox 660 1667 870 1708; x_wconf 83' lang='lat' dir='ltr'><strong>Holstenii.</strong></span> <span class='ocrx_word' id='word_1_193' title='bbox 927 1669 980 1708; x_wconf 87' lang='lat' dir='ltr'><strong>Et</strong></span> <span class='ocrx_word' id='word_1_194' title='bbox 1007 1669 1145 1721; x_wconf 80' lang='lat' dir='ltr'><strong>paullo</strong></span> <span class='ocrx_word' id='word_1_195' title='bbox 1174 1667 1305 1718; x_wconf 84' lang='lat' dir='ltr'><strong>infra,</strong></span> <span class='ocrx_word' id='word_1_196' title='bbox 1334 1673 1426 1720; x_wconf 88' lang='lat' dir='ltr'><strong>post</strong></span> <span class='ocrx_word' id='word_1_197' title='bbox 1453 1666 1582 1710; x_wconf 80' lang='grc' dir='ltr'><strong><em>πολλα</em></strong></span> 
     </span>
     <span class='ocr_line' id='line_1_27' title="bbox 108 1719 1582 1779; baseline 0.001 -16"><span class='ocrx_word' id='word_1_198' title='bbox 108 1719 360 1775; x_wconf 78' lang='grc' dir='ltr'><strong><em>ἐδωρήσατο,</em></strong></span> <span class='ocrx_word' id='word_1_199' title='bbox 389 1723 581 1763; x_wconf 77' lang='lat' dir='ltr'><strong>scribitur</strong></span> <span class='ocrx_word' id='word_1_200' title='bbox 610 1727 663 1765; x_wconf 91' lang='lat' dir='ltr'><strong>K.</strong></span> <span class='ocrx_word' id='word_1_201' title='bbox 695 1725 777 1766; x_wconf 81' lang='grc' dir='ltr'><strong>Ινὸ.</strong></span> <span class='ocrx_word' id='word_1_202' title='bbox 808 1741 847 1779; x_wconf 82' lang='grc' dir='ltr'><strong>ιγ</strong></span> <span class='ocrx_word' id='word_1_203' title='bbox 860 1728 983 1766; x_wconf 83' lang='grc' dir='ltr'><strong>.’Ῑ’π.</strong></span> <span class='ocrx_word' id='word_1_204' title='bbox 1013 1725 1223 1766; x_wconf 75' lang='grc' dir='ltr'><strong><em>Παυλῖνον</em></strong></span> <span class='ocrx_word' id='word_1_205' title='bbox 1252 1722 1322 1766; x_wconf 74' lang='grc' dir='ltr'><strong>καὶ</strong></span> <span class='ocrx_word' id='word_1_206' title='bbox 1352 1727 1582 1767; x_wconf 76' lang='grc' dir='ltr'><strong>Ιονλιανοῦ.</strong></span> 
     </span>
     <span class='ocr_line' id='line_1_28' title="bbox 107 1779 875 1830; baseline 0.004 -11"><span class='ocrx_word' id='word_1_207' title='bbox 107 1779 242 1819; x_wconf 77' lang='lat' dir='ltr'><strong>Editio</strong></span> <span class='ocrx_word' id='word_1_208' title='bbox 271 1779 462 1830; x_wconf 85' lang='lat' dir='ltr'><strong>Scaligeri</strong></span> <span class='ocrx_word' id='word_1_209' title='bbox 491 1779 613 1819; x_wconf 88' lang='lat' dir='ltr'><strong>habet</strong></span> <span class='ocrx_word' id='word_1_210' title='bbox 645 1783 875 1822; x_wconf 80' lang='grc' dir='ltr'><strong><em>Ιουνιανοῦ</em></strong></span> 
     </span>
     <span class='ocr_line' id='line_1_29' title="bbox 159 1833 1582 1890; baseline -0.001 -13"><span class='ocrx_word' id='word_1_211' title='bbox 159 1840 161 1844; x_wconf 77' lang='grc'>’</span> <span class='ocrx_word' id='word_1_212' title='bbox 224 1835 443 1887; x_wconf 80' lang='lat' dir='ltr'><strong>Pag.524.</strong></span> <span class='ocrx_word' id='word_1_213' title='bbox 478 1839 544 1879; x_wconf 90' lang='grc'><strong>18.</strong></span> <span class='ocrx_word' id='word_1_214' title='bbox 603 1839 736 1886; x_wconf 85' lang='grc' dir='ltr'><strong><em>Ετους</em></strong></span> <span class='ocrx_word' id='word_1_215' title='bbox 768 1833 858 1879; x_wconf 48' lang='lat' dir='ltr'><strong>⁶⁷72st</strong></span> <span class='ocrx_word' id='word_1_216' title='bbox 870 1837 887 1890; x_wconf 96' lang='lat'>]</span> <span class='ocrx_word' id='word_1_217' title='bbox 929 1837 1008 1876; x_wconf 90' lang='lat' dir='ltr'><strong>Ubi</strong></span> <span class='ocrx_word' id='word_1_218' title='bbox 1044 1837 1257 1878; x_wconf 83' lang='lat' dir='ltr'><strong>observare</strong></span> <span class='ocrx_word' id='word_1_219' title='bbox 1295 1837 1392 1877; x_wconf 90' lang='lat' dir='ltr'><strong>licet</strong></span> <span class='ocrx_word' id='word_1_220' title='bbox 1423 1837 1582 1877; x_wconf 84' lang='lat' dir='ltr'><strong>Aucto-</strong></span> 
     </span>
    </p>

    <p class='ocr_par' dir='ltr' id='par_1_10' title="bbox 99 1892 1581 2343">
     <span class='ocr_line' id='line_1_30' title="bbox 107 1892 1581 1945; baseline 0.001 -13"><span class='ocrx_word' id='word_1_221' title='bbox 107 1906 192 1932; x_wconf 89' lang='lat' dir='ltr'><strong>rem</strong></span> <span class='ocrx_word' id='word_1_222' title='bbox 233 1892 419 1932; x_wconf 88' lang='lat' dir='ltr'><strong>Chronici</strong></span> <span class='ocrx_word' id='word_1_223' title='bbox 458 1892 549 1937; x_wconf 85' lang='lat' dir='ltr'><strong>hic.</strong></span> <span class='ocrx_word' id='word_1_224' title='bbox 594 1899 641 1932; x_wconf 88' lang='lat' dir='ltr'><strong>ut</strong></span> <span class='ocrx_word' id='word_1_225' title='bbox 670 1900 711 1933; x_wconf 91' lang='lat' dir='ltr'><strong>et</strong></span> <span class='ocrx_word' id='word_1_226' title='bbox 739 1894 856 1945; x_wconf 92' lang='lat' dir='ltr'><strong>alibi,</strong></span> <span class='ocrx_word' id='word_1_227' title='bbox 897 1894 1105 1934; x_wconf 87' lang='lat' dir='ltr'><strong>interdum</strong></span> <span class='ocrx_word' id='word_1_228' title='bbox 1136 1894 1285 1934; x_wconf 82' lang='lat' dir='ltr'><strong>Christi</strong></span> <span class='ocrx_word' id='word_1_229' title='bbox 1313 1895 1418 1934; x_wconf 86' lang='lat' dir='ltr'><strong>vitae</strong></span> <span class='ocrx_word' id='word_1_230' title='bbox 1455 1909 1581 1934; x_wconf 88' lang='lat' dir='ltr'><strong>annos</strong></span> 
     </span>
     <span class='ocr_line' id='line_1_31' title="bbox 106 1925 1581 2002; baseline 0.001 -14"><span class='ocrx_word' id='word_1_231' title='bbox 106 1963 208 1989; x_wconf 88' lang='lat' dir='ltr'><strong>xxx.</strong></span> <span class='ocrx_word' id='word_1_232' title='bbox 238 1963 289 1989; x_wconf 87' lang='lat' dir='ltr'><strong>ex</strong></span> <span class='ocrx_word' id='word_1_233' title='bbox 321 1955 501 1989; x_wconf 84' lang='lat' dir='ltr'><strong>veterum</strong></span> <span class='ocrx_word' id='word_1_234' title='bbox 530 1951 692 1990; x_wconf 81' lang='lat' dir='ltr'><strong>Patrum</strong></span> <span class='ocrx_word' id='word_1_235' title='bbox 724 1925 917 1991; x_wconf 66' lang='lat' dir='ltr'><strong>sententia</strong></span> <span class='ocrx_word' id='word_1_236' title='bbox 947 1951 1192 2002; x_wconf 78' lang='lat' dir='ltr'><strong>adscribere,</strong></span> <span class='ocrx_word' id='word_1_237' title='bbox 1228 1951 1391 1994; x_wconf 87' lang='lat' dir='ltr'><strong>tametsi</strong></span> <span class='ocrx_word' id='word_1_238' title='bbox 1419 1953 1461 1989; x_wconf 90' lang='lat' dir='ltr'><strong>in</strong></span> <span class='ocrx_word' id='word_1_239' title='bbox 1492 1952 1581 1990; x_wconf 82' lang='lat' dir='ltr'><strong>aliis</strong></span> 
     </span>
     <span class='ocr_line' id='line_1_32' title="bbox 107 2006 1581 2074; baseline 0.001 -30"><span class='ocrx_word' id='word_1_240' title='bbox 107 2006 208 2045; x_wconf 85' lang='lat' dir='ltr'><strong>locis</strong></span> <span class='ocrx_word' id='word_1_241' title='bbox 240 2020 321 2046; x_wconf 87' lang='lat' dir='ltr'><strong>non</strong></span> <span class='ocrx_word' id='word_1_242' title='bbox 359 2007 481 2046; x_wconf 87' lang='lat' dir='ltr'><strong>semel</strong></span> <span class='ocrx_word' id='word_1_243' title='bbox 517 2020 672 2047; x_wconf 74' lang='lat' dir='ltr'><strong>xxxin.</strong></span> <span class='ocrx_word' id='word_1_244' title='bbox 708 2008 885 2059; x_wconf 86' lang='lat' dir='ltr'><strong>tribuat,</strong></span> <span class='ocrx_word' id='word_1_245' title='bbox 926 2014 973 2047; x_wconf 88' lang='lat' dir='ltr'><strong>ut</strong></span> <span class='ocrx_word' id='word_1_246' title='bbox 1010 2009 1079 2047; x_wconf 87' lang='lat' dir='ltr'><strong>vel</strong></span> <span class='ocrx_word' id='word_1_247' title='bbox 1106 2008 1199 2047; x_wconf 87' lang='lat' dir='ltr'><strong>inde</strong></span> <span class='ocrx_word' id='word_1_248' title='bbox 1228 2014 1420 2074; x_wconf 80' lang='lat' dir='ltr'><strong>appareat</strong></span> <span class='ocrx_word' id='word_1_249' title='bbox 1449 2009 1581 2047; x_wconf 87' lang='lat' dir='ltr'><strong>vario-</strong></span> 
     </span>
     <span class='ocr_line' id='line_1_33' title="bbox 106 2063 1580 2116; baseline 0.001 -15"><span class='ocrx_word' id='word_1_250' title='bbox 106 2077 198 2102; x_wconf 85' lang='lat' dir='ltr'><strong>rum</strong></span> <span class='ocrx_word' id='word_1_251' title='bbox 231 2064 454 2103; x_wconf 79' lang='lat' dir='ltr'><strong>Auctorum</strong></span> <span class='ocrx_word' id='word_1_252' title='bbox 493 2063 724 2116; x_wconf 84' lang='lat' dir='ltr'><strong>periochas,</strong></span> <span class='ocrx_word' id='word_1_253' title='bbox 769 2065 882 2104; x_wconf 89' lang='lat' dir='ltr'><strong>nullo</strong></span> <span class='ocrx_word' id='word_1_254' title='bbox 921 2064 1101 2104; x_wconf 80' lang='lat' dir='ltr'><strong>adhibito</strong></span> <span class='ocrx_word' id='word_1_255' title='bbox 1131 2065 1332 2113; x_wconf 84' lang='lat' dir='ltr'><strong>examine,</strong></span> <span class='ocrx_word' id='word_1_256' title='bbox 1372 2065 1415 2102; x_wconf 90' lang='lat' dir='ltr'><strong>in</strong></span> <span class='ocrx_word' id='word_1_257' title='bbox 1460 2078 1580 2103; x_wconf 90' lang='lat' dir='ltr'><strong>suum</strong></span> 
     </span>
     <span class='ocr_line' id='line_1_34' title="bbox 99 2118 1579 2173; baseline 0 -15"><span class='ocrx_word' id='word_1_258' title='bbox 99 2118 335 2164; x_wconf 55' lang='lat' dir='ltr'><strong>¹Chronicon</strong></span> <span class='ocrx_word' id='word_1_259' title='bbox 371 2120 594 2161; x_wconf 84' lang='lat' dir='ltr'><strong>intrusisse.</strong></span> <span class='ocrx_word' id='word_1_260' title='bbox 650 2121 769 2161; x_wconf 83' lang='lat' dir='ltr'><strong>Hunc</strong></span> <span class='ocrx_word' id='word_1_261' title='bbox 807 2135 930 2173; x_wconf 87' lang='lat' dir='ltr'><strong>porro</strong></span> <span class='ocrx_word' id='word_1_262' title='bbox 974 2135 1121 2160; x_wconf 89' lang='lat' dir='ltr'><strong>annum</strong></span> <span class='ocrx_word' id='word_1_263' title='bbox 1162 2121 1284 2160; x_wconf 86' lang='lat' dir='ltr'><strong>initae</strong></span> <span class='ocrx_word' id='word_1_264' title='bbox 1322 2120 1475 2172; x_wconf 83' lang='lat' dir='ltr'><strong>Synodi</strong></span> <span class='ocrx_word' id='word_1_265' title='bbox 1506 2121 1579 2159; x_wconf 89' lang='lat' dir='ltr'><strong>Ni-</strong></span> 
     </span>
     <span class='ocr_line' id='line_1_35' title="bbox 99 2170 1580 2230; baseline 0.001 -16"><span class='ocrx_word' id='word_1_266' title='bbox 99 2189 275 2226; x_wconf 85' lang='lat' dir='ltr'><strong>caenae,</strong></span> <span class='ocrx_word' id='word_1_267' title='bbox 311 2190 362 2216; x_wconf 85' lang='lat' dir='ltr'><strong>ex</strong></span> <span class='ocrx_word' id='word_1_268' title='bbox 389 2176 469 2216; x_wconf 90' lang='lat' dir='ltr'><strong>hoc</strong></span> <span class='ocrx_word' id='word_1_269' title='bbox 497 2178 588 2217; x_wconf 91' lang='lat' dir='ltr'><strong>loco</strong></span> <span class='ocrx_word' id='word_1_270' title='bbox 618 2170 658 2216; x_wconf 81' lang='lat' dir='ltr'><strong>et</strong></span> <span class='ocrx_word' id='word_1_271' title='bbox 686 2179 775 2217; x_wconf 89' lang='lat' dir='ltr'><strong>aliis</strong></span> <span class='ocrx_word' id='word_1_272' title='bbox 799 2178 1098 2230; x_wconf 89' lang='lat' dir='ltr'><strong>Scriptoribus,</strong></span> <span class='ocrx_word' id='word_1_273' title='bbox 1130 2177 1315 2230; x_wconf 88' lang='lat' dir='ltr'><strong>pluribus</strong></span> <span class='ocrx_word' id='word_1_274' title='bbox 1344 2176 1580 2229; x_wconf 87' lang='lat' dir='ltr'><strong>expendunt</strong></span> 
     </span>
     <span class='ocr_line' id='line_1_36' title="bbox 106 2233 1573 2287; baseline 0.001 -16"><span class='ocrx_word' id='word_1_275' title='bbox 106 2234 283 2284; x_wconf 82' lang='lat' dir='ltr'><strong>Scaliger</strong></span> <span class='ocrx_word' id='word_1_276' title='bbox 310 2233 381 2272; x_wconf 86' lang='lat' dir='ltr'><strong>lib.</strong></span> <span class='ocrx_word' id='word_1_277' title='bbox 407 2247 446 2272; x_wconf 86' lang='lat' dir='ltr'><strong>v.</strong></span> <span class='ocrx_word' id='word_1_278' title='bbox 476 2233 526 2273; x_wconf 87' lang='lat' dir='ltr'><strong>de</strong></span> <span class='ocrx_word' id='word_1_279' title='bbox 555 2234 757 2287; x_wconf 88' lang='lat' dir='ltr'><strong>Emendat.</strong></span> <span class='ocrx_word' id='word_1_280' title='bbox 785 2236 921 2287; x_wconf 89' lang='lat' dir='ltr'><strong>Temp.</strong></span> <span class='ocrx_word' id='word_1_281' title='bbox 951 2248 991 2286; x_wconf 88' lang='lat' dir='ltr'><strong>p</strong></span> <span class='ocrx_word' id='word_1_282' title='bbox 1012 2234 1107 2277; x_wconf 87' lang='grc'><strong>507.</strong></span> <span class='ocrx_word' id='word_1_283' title='bbox 1136 2241 1175 2273; x_wconf 90' lang='lat' dir='ltr'><strong>et</strong></span> <span class='ocrx_word' id='word_1_284' title='bbox 1203 2233 1386 2272; x_wconf 86' lang='lat' dir='ltr'><strong>Petavius</strong></span> <span class='ocrx_word' id='word_1_285' title='bbox 1418 2234 1487 2273; x_wconf 92' lang='lat' dir='ltr'><strong>lib.</strong></span> <span class='ocrx_word' id='word_1_286' title='bbox 1516 2248 1573 2275; x_wconf 77' lang='lat' dir='ltr'><strong>xx</strong></span> 
     </span>
     <span class='ocr_line' id='line_1_37' title="bbox 107 2290 1186 2343; baseline -0.002 -13"><span class='ocrx_word' id='word_1_287' title='bbox 107 2290 158 2330; x_wconf 87' lang='lat' dir='ltr'><strong>de</strong></span> <span class='ocrx_word' id='word_1_288' title='bbox 189 2290 324 2328; x_wconf 88' lang='lat' dir='ltr'><strong>Doctr.</strong></span> <span class='ocrx_word' id='word_1_289' title='bbox 357 2290 496 2343; x_wconf 88' lang='lat' dir='ltr'><strong>Temp.</strong></span> <span class='ocrx_word' id='word_1_290' title='bbox 524 2304 612 2343; x_wconf 87' lang='lat' dir='ltr'><strong>cap.</strong></span> <span class='ocrx_word' id='word_1_291' title='bbox 642 2304 702 2330; x_wconf 86' lang='lat'><strong>111.</strong></span> <span class='ocrx_word' id='word_1_292' title='bbox 735 2297 775 2329; x_wconf 86' lang='lat' dir='ltr'><strong>et</strong></span> <span class='ocrx_word' id='word_1_293' title='bbox 803 2291 873 2329; x_wconf 90' lang='lat' dir='ltr'><strong>lib.</strong></span> <span class='ocrx_word' id='word_1_294' title='bbox 904 2304 962 2328; x_wconf 76' lang='lat' dir='ltr'><strong>xi.</strong></span> <span class='ocrx_word' id='word_1_295' title='bbox 994 2303 1080 2342; x_wconf 86' lang='lat' dir='ltr'><strong>cap.</strong></span> <span class='ocrx_word' id='word_1_296' title='bbox 1110 2303 1186 2330; x_wconf 84' lang='lat' dir='ltr'><strong>xn.</strong></span> 
     </span>
    </p>

    <p class='ocr_par' dir='ltr' id='par_1_11' title="bbox 106 2344 1574 2442">
     <span class='ocr_line' id='line_1_38' title="bbox 219 2344 1574 2417; baseline -0.005 -26"><span class='ocrx_word' id='word_1_297' title='bbox 219 2346 313 2396; x_wconf 74' lang='lat' dir='ltr'><em>Pag·</em></span> <span class='ocrx_word' id='word_1_298' title='bbox 343 2347 438 2390; x_wconf 73' lang='grc'><strong>525.</strong></span> <span class='ocrx_word' id='word_1_299' title='bbox 468 2351 509 2391; x_wconf 88' lang='grc'><strong>2.</strong></span> <span class='ocrx_word' id='word_1_300' title='bbox 565 2350 630 2388; x_wconf 87' lang='grc' dir='ltr'><strong>Εν</strong></span> <span class='ocrx_word' id='word_1_301' title='bbox 664 2347 836 2417; x_wconf 59' lang='lat' dir='ltr'><strong>Ninaia]</strong></span> <span class='ocrx_word' id='word_1_302' title='bbox 866 2347 1002 2386; x_wconf 85' lang='lat' dir='ltr'><strong>Mense</strong></span> <span class='ocrx_word' id='word_1_303' title='bbox 1030 2346 1147 2386; x_wconf 81' lang='lat' dir='ltr'><strong>Maio,</strong></span> <span class='ocrx_word' id='word_1_304' title='bbox 1206 2344 1306 2384; x_wconf 87' lang='lat' dir='ltr'><strong>Vide</strong></span> <span class='ocrx_word' id='word_1_305' title='bbox 1332 2344 1574 2397; x_wconf 86' lang='lat' dir='ltr'><strong>Chronolog.</strong></span> 
     </span>
     <span class='ocr_line' id='line_1_39' title="bbox 106 2401 386 2443; baseline -0.004 -1"><span class='ocrx_word' id='word_1_306' title='bbox 106 2402 204 2442; x_wconf 88' lang='lat' dir='ltr'><strong>Cod.</strong></span> <span class='ocrx_word' id='word_1_307' title='bbox 234 2401 386 2443; x_wconf 87' lang='lat' dir='ltr'><strong>Theod.</strong></span> 
     </span>
    </p>

    <p class='ocr_par' dir='ltr' id='par_1_12' title="bbox 50 2455 1600 2909">
     <span class='ocr_line' id='line_1_40' title="bbox 220 2455 1575 2512; baseline -0.004 -12"><span class='ocrx_word' id='word_1_308' title='bbox 220 2462 314 2510; x_wconf 84' lang='lat' dir='ltr'><strong>Pag.</strong></span> <span class='ocrx_word' id='word_1_309' title='bbox 343 2459 438 2503; x_wconf 90' lang='grc'><strong>525</strong></span> <span class='ocrx_word' id='word_1_310' title='bbox 472 2462 512 2502; x_wconf 88' lang='grc'><strong>9.</strong></span> <span class='ocrx_word' id='word_1_311' title='bbox 573 2455 840 2512; x_wconf 74' lang='grc' dir='ltr'><strong><em>Κώνσταντα]</em></strong></span> <span class='ocrx_word' id='word_1_312' title='bbox 888 2458 956 2497; x_wconf 91' lang='lat' dir='ltr'><strong>Sic</strong></span> <span class='ocrx_word' id='word_1_313' title='bbox 996 2458 1093 2497; x_wconf 82' lang='lat' dir='ltr'><strong>eod.</strong></span> <span class='ocrx_word' id='word_1_314' title='bbox 1131 2457 1317 2498; x_wconf 86' lang='lat' dir='ltr'><strong>Vatican.</strong></span> <span class='ocrx_word' id='word_1_315' title='bbox 1372 2455 1424 2495; x_wconf 83' lang='lat' dir='ltr'><strong>At</strong></span> <span class='ocrx_word' id='word_1_316' title='bbox 1463 2457 1575 2508; x_wconf 88' lang='lat' dir='ltr'><strong>quod.</strong></span> 
     </span>
     <span class='ocr_line' id='line_1_41' title="bbox 50 2514 1574 2568; baseline -0.002 -14"><span class='ocrx_word' id='word_1_317' title='bbox 50 2524 56 2529; x_wconf 87' lang='grc'><em>·</em></span> <span class='ocrx_word' id='word_1_318' title='bbox 103 2514 171 2554; x_wconf 83' lang='lat' dir='ltr'><strong>hic</strong></span> <span class='ocrx_word' id='word_1_319' title='bbox 198 2516 373 2556; x_wconf 78' lang='lat' dir='ltr'><strong>traditur</strong></span> <span class='ocrx_word' id='word_1_320' title='bbox 401 2516 450 2555; x_wconf 88' lang='lat' dir='ltr'><strong>de</strong></span> <span class='ocrx_word' id='word_1_321' title='bbox 479 2516 694 2555; x_wconf 85' lang='lat' dir='ltr'><strong>Constante</strong></span> <span class='ocrx_word' id='word_1_322' title='bbox 722 2516 887 2555; x_wconf 84' lang='lat' dir='ltr'><strong>Caesare</strong></span> <span class='ocrx_word' id='word_1_323' title='bbox 911 2515 993 2568; x_wconf 86' lang='lat' dir='ltr'><strong>jam</strong></span> <span class='ocrx_word' id='word_1_324' title='bbox 1021 2516 1150 2562; x_wconf 81' lang='lat' dir='ltr'><strong>facto,</strong></span> <span class='ocrx_word' id='word_1_325' title='bbox 1188 2527 1236 2553; x_wconf 91' lang='lat' dir='ltr'><strong>ac</strong></span> <span class='ocrx_word' id='word_1_326' title='bbox 1271 2520 1358 2552; x_wconf 88' lang='lat' dir='ltr'><strong>tum</strong></span> <span class='ocrx_word' id='word_1_327' title='bbox 1391 2514 1574 2564; x_wconf 84' lang='lat' dir='ltr'><strong>Impera-</strong></span> 
     </span>
     <span class='ocr_line' id='line_1_42' title="bbox 105 2568 1574 2626; baseline -0.003 -16"><span class='ocrx_word' id='word_1_328' title='bbox 105 2577 192 2612; x_wconf 83' lang='lat' dir='ltr'><strong>tore</strong></span> <span class='ocrx_word' id='word_1_329' title='bbox 224 2587 246 2612; x_wconf 85' lang='lat' dir='ltr'><strong>a</strong></span> <span class='ocrx_word' id='word_1_330' title='bbox 274 2579 389 2626; x_wconf 86' lang='lat' dir='ltr'><strong>patre</strong></span> <span class='ocrx_word' id='word_1_331' title='bbox 416 2573 668 2626; x_wconf 86' lang='lat' dir='ltr'><strong>renuntiato,</strong></span> <span class='ocrx_word' id='word_1_332' title='bbox 702 2573 932 2612; x_wconf 82' lang='lat' dir='ltr'><strong>nullatenus</strong></span> <span class='ocrx_word' id='word_1_333' title='bbox 968 2571 1182 2610; x_wconf 86' lang='lat' dir='ltr'><strong>cohaerent</strong></span> <span class='ocrx_word' id='word_1_334' title='bbox 1214 2584 1306 2609; x_wconf 89' lang='lat' dir='ltr'><strong>cum</strong></span> <span class='ocrx_word' id='word_1_335' title='bbox 1335 2568 1397 2608; x_wconf 88' lang='lat' dir='ltr'><strong>his</strong></span> <span class='ocrx_word' id='word_1_336' title='bbox 1424 2583 1524 2621; x_wconf 86' lang='lat' dir='ltr'><strong>quae</strong></span> <span class='ocrx_word' id='word_1_337' title='bbox 1551 2583 1574 2606; x_wconf 90' lang='lat' dir='ltr'><strong>a</strong></span> 
     </span>
     <span class='ocr_line' id='line_1_43' title="bbox 109 2626 1600 2681; baseline -0.002 -15"><span class='ocrx_word' id='word_1_338' title='bbox 109 2631 276 2669; x_wconf 83' lang='lat' dir='ltr'><strong>caeteris</strong></span> <span class='ocrx_word' id='word_1_339' title='bbox 317 2629 528 2668; x_wconf 87' lang='lat' dir='ltr'><strong>Historicis</strong></span> <span class='ocrx_word' id='word_1_340' title='bbox 567 2629 736 2681; x_wconf 89' lang='lat' dir='ltr'><strong>potioris</strong></span> <span class='ocrx_word' id='word_1_341' title='bbox 772 2630 889 2679; x_wconf 82' lang='lat' dir='ltr'><strong>longe</strong></span> <span class='ocrx_word' id='word_1_342' title='bbox 918 2628 1010 2669; x_wconf 84' lang='lat' dir='ltr'><strong>fidei</strong></span> <span class='ocrx_word' id='word_1_343' title='bbox 1040 2627 1286 2667; x_wconf 85' lang='lat' dir='ltr'><strong>scribuntur.</strong></span> <span class='ocrx_word' id='word_1_344' title='bbox 1342 2627 1434 2664; x_wconf 90' lang='lat' dir='ltr'><strong>Sive</strong></span> <span class='ocrx_word' id='word_1_345' title='bbox 1466 2626 1600 2664; x_wconf 89' lang='lat' dir='ltr'><strong>enim-</strong></span> 
     </span>
     <span class='ocr_line' id='line_1_44' title="bbox 103 2682 1572 2737; baseline -0.003 -13.989"><span class='ocrx_word' id='word_1_346' title='bbox 103 2697 183 2737; x_wconf 88' lang='lat' dir='ltr'><strong>per</strong></span> <span class='ocrx_word' id='word_1_347' title='bbox 210 2686 479 2733; x_wconf 88' lang='lat' dir='ltr'><strong>Constantem,</strong></span> <span class='ocrx_word' id='word_1_348' title='bbox 509 2686 792 2725; x_wconf 82' lang='lat' dir='ltr'><strong>Constantinus</strong></span> <span class='ocrx_word' id='word_1_349' title='bbox 822 2684 1070 2725; x_wconf 83' lang='lat' dir='ltr'><strong>Constantini</strong></span> <span class='ocrx_word' id='word_1_350' title='bbox 1097 2684 1149 2724; x_wconf 92' lang='lat' dir='ltr'><strong>M.</strong></span> <span class='ocrx_word' id='word_1_351' title='bbox 1178 2683 1285 2722; x_wconf 84' lang='lat' dir='ltr'><strong>filius</strong></span> <span class='ocrx_word' id='word_1_352' title='bbox 1310 2682 1572 2732; x_wconf 86' lang='lat' dir='ltr'><strong>intelligatur,</strong></span> 
     </span>
     <span class='ocr_line' id='line_1_45' title="bbox 106 2738 1570 2795; baseline -0.001 -17"><span class='ocrx_word' id='word_1_353' title='bbox 106 2740 210 2779; x_wconf 83' lang='lat' dir='ltr'><strong>nihil</strong></span> <span class='ocrx_word' id='word_1_354' title='bbox 244 2741 438 2795; x_wconf 89' lang='lat' dir='ltr'><strong>ejusmodi</strong></span> <span class='ocrx_word' id='word_1_355' title='bbox 473 2742 520 2781; x_wconf 88' lang='lat' dir='ltr'><strong>ab</strong></span> <span class='ocrx_word' id='word_1_356' title='bbox 554 2742 604 2781; x_wconf 89' lang='lat' dir='ltr'><strong>iis</strong></span> <span class='ocrx_word' id='word_1_357' title='bbox 638 2743 825 2783; x_wconf 87' lang='lat' dir='ltr'><strong>traditur.</strong></span> <span class='ocrx_word' id='word_1_358' title='bbox 883 2743 1011 2782; x_wconf 89' lang='lat' dir='ltr'><strong>Immo</strong></span> <span class='ocrx_word' id='word_1_359' title='bbox 1051 2748 1134 2780; x_wconf 89' lang='lat' dir='ltr'><strong>tres</strong></span> <span class='ocrx_word' id='word_1_360' title='bbox 1170 2738 1418 2778; x_wconf 84' lang='lat' dir='ltr'><strong>Constantini</strong></span> <span class='ocrx_word' id='word_1_361' title='bbox 1462 2738 1570 2790; x_wconf 84' lang='lat' dir='ltr'><strong>filios</strong></span> 
     </span>
     <span class='ocr_line' id='line_1_46' title="bbox 110 2795 1570 2865; baseline 0 -31"><span class='ocrx_word' id='word_1_362' title='bbox 110 2797 287 2836; x_wconf 84' lang='lat' dir='ltr'><strong>Caesaris</strong></span> <span class='ocrx_word' id='word_1_363' title='bbox 327 2798 518 2838; x_wconf 82' lang='lat' dir='ltr'><strong>duntaxat</strong></span> <span class='ocrx_word' id='word_1_364' title='bbox 555 2799 785 2865; x_wconf 83' lang='lat' dir='ltr'><strong>dignitatem</strong></span> <span class='ocrx_word' id='word_1_365' title='bbox 824 2800 874 2838; x_wconf 85' lang='lat' dir='ltr'><strong>ad</strong></span> <span class='ocrx_word' id='word_1_366' title='bbox 911 2799 1088 2851; x_wconf 87' lang='lat' dir='ltr'><strong>parentis</strong></span> <span class='ocrx_word' id='word_1_367' title='bbox 1128 2810 1256 2849; x_wconf 90' lang='lat' dir='ltr'><strong>usque</strong></span> <span class='ocrx_word' id='word_1_368' title='bbox 1297 2795 1447 2834; x_wconf 82' lang='lat' dir='ltr'><strong>obitum</strong></span> <span class='ocrx_word' id='word_1_369' title='bbox 1485 2809 1570 2834; x_wconf 85' lang='lat' dir='ltr'><strong>ser-</strong></span> 
     </span>
     <span class='ocr_line' id='line_1_47' title="bbox 108 2850 1569 2909; baseline -0.001 -17"><span class='ocrx_word' id='word_1_370' title='bbox 108 2866 223 2892; x_wconf 83' lang='lat' dir='ltr'><strong>vassa</strong></span> <span class='ocrx_word' id='word_1_371' title='bbox 262 2861 394 2894; x_wconf 84' lang='lat' dir='ltr'><strong>exerte</strong></span> <span class='ocrx_word' id='word_1_372' title='bbox 432 2855 565 2904; x_wconf 87' lang='lat' dir='ltr'><strong>aiunt,</strong></span> <span class='ocrx_word' id='word_1_373' title='bbox 602 2862 722 2908; x_wconf 87' lang='lat' dir='ltr'><strong>atque</strong></span> <span class='ocrx_word' id='word_1_374' title='bbox 759 2857 803 2895; x_wconf 90' lang='lat' dir='ltr'><strong>in</strong></span> <span class='ocrx_word' id='word_1_375' title='bbox 829 2856 968 2909; x_wconf 88' lang='lat' dir='ltr'><strong>primis</strong></span> <span class='ocrx_word' id='word_1_376' title='bbox 998 2854 1190 2894; x_wconf 87' lang='lat' dir='ltr'><strong>Eusebius</strong></span> <span class='ocrx_word' id='word_1_377' title='bbox 1217 2852 1285 2893; x_wconf 89' lang='lat' dir='ltr'><strong>lib.</strong></span> <span class='ocrx_word' id='word_1_378' title='bbox 1314 2865 1372 2892; x_wconf 76' lang='lat' dir='ltr'><strong>xv.</strong></span> <span class='ocrx_word' id='word_1_379' title='bbox 1402 2850 1453 2890; x_wconf 87' lang='lat' dir='ltr'><strong>de</strong></span> <span class='ocrx_word' id='word_1_380' title='bbox 1485 2851 1569 2891; x_wconf 83' lang='lat' dir='ltr'><strong>vita</strong></span> 
     </span>
    </p>
   </div>
   <div class='ocr_carea' id='block_1_4' title="bbox 166 2917 1294 2964">
    <p class='ocr_par' dir='ltr' id='par_1_13' title="bbox 166 2917 1294 2964">
     <span class='ocr_line' id='line_1_48' title="bbox 166 2917 1294 2964; baseline 0 -4"><span class='ocrx_word' id='word_1_381' title='bbox 166 2926 359 2961; x_wconf 74' lang='lat' dir='ltr'><strong>Chronicon</strong></span> <span class='ocrx_word' id='word_1_382' title='bbox 391 2926 559 2961; x_wconf 76' lang='lat' dir='ltr'><strong>Paschale</strong></span> <span class='ocrx_word' id='word_1_383' title='bbox 586 2917 1294 2964; x_wconf 80' lang='lat' dir='ltr'><strong>v01.11.24</strong></span> 
     </span>
    </p>
   </div>
  </div>
 </body>
</html>
