1820 3276
91 1082 122 1116 V
143 1082 214 1119 513

239 181 338 229 424
813 181 1123 225 NOTAE

239 293 525 341 Damascenus,
562 305 651 330 cum
691 290 896 342 Rhodum,
933 292 1107 343 indeque
1137 291 1360 344 Drepanum
1389 291 1431 331 in
1461 290 1699 344 Argivorum

236 349 398 400 regione
416 347 611 398 venisset,
641 361 767 387 uxore
795 348 851 386 ibi
881 348 1000 387 ducta
1029 347 1219 386 jacobum
1242 348 1413 400 peperit:
1443 363 1521 400 qua
1544 349 1698 398 relicta,

237 419 312 457 per
340 417 429 443 mx.
469 417 594 442 annos
626 404 933 457 peregrinatus,
982 405 1132 470 illaque
1167 404 1317 443 interea
1356 405 1472 444 alteri
1510 406 1698 455 nubente,

240 460 625 512 Constantinopolim
654 461 796 500 rediit:
846 475 927 513 quo
957 462 1138 512 cognito,
1177 461 1345 500 Jacobus
1374 461 1424 500 ad
1454 474 1544 500 eum
1572 475 1702 500 acces-

238 517 309 567 sit,
340 516 408 555 ubi
438 517 659 556 Medicinae
689 517 867 556 studium
893 518 1145 571 auspicatus,
1176 518 1249 556 sub
1279 518 1409 556 Leone
1439 518 1538 569 Imp.
1569 518 1705 557 incla-

238 575 332 612 ruit.
388 573 447 611 Ita
477 573 645 626 Suidas,
688 575 758 626 qui
796 574 916 614 alium
946 575 1075 613 statim
1105 574 1322 623 jacobum,
1361 574 1433 625 qui
1461 570 1543 615 οἷπό
1565 578 1702 627 Δαμα-

241 633 342 670 σκοῦ
367 625 470 670 εἷλκε
495 627 539 671 τὸ
555 629 692 684 γένος,
718 630 910 682 insignem
940 631 1089 683 pariter
1119 630 1319 670 medicum
1347 637 1558 669 memorat:
1587 630 1706 694 cujus

241 687 358 726 etiam
395 686 573 725 meminit
602 688 832 726 Damascius
861 687 970 740 apud
1008 686 1193 726 Photium
1234 701 1323 739 pag.
1357 689 1477 730 1051
1509 686 1579 739 qui
1607 686 1704 738 qui-

241 742 330 781 dem
361 756 441 781 non
471 743 574 782 alius
604 750 664 783 est
692 759 714 782 a
742 743 891 783 Jacobo
929 744 999 796 qui
1031 743 1283 796 Psychristus
1313 743 1446 781 dictus
1475 750 1546 784 est.
1607 741 1704 794 [Qui

242 799 401 851 quidem
437 796 702 853 ψυχόχριστος
743 801 864 840 semel
906 814 952 839 ac
988 801 1132 839 iterum
1171 801 1213 838 in
1253 800 1390 838 eodem
1431 801 1554 839 Suida
1595 799 1704 838 edito

241 857 490 909 appellatur,
518 857 672 895 tametsi
702 857 782 896 duo
815 856 942 897 Codd.
973 858 1065 909 Reg.
1093 857 1270 910 priorem
1299 857 1511 903 lectionem
1541 856 1706 910 praefe-

243 919 354 963 rant,
389 926 437 951 ac
458 919 657 952 tueantur.
696 914 762 952 Ex
780 914 986 964 Addendis]

359 969 453 1020 Pag.
484 969 580 1013 595.
610 973 678 1012 20.
736 972 1022 1022 Εξετασθῆναι
1049 966 1160 1024 παραὶ
1189 965 1452 1023 Συγκλήτου]
1482 968 1531 1007 Id
1562 981 1707 1021 nempe

243 1025 326 1064 fere
354 1039 510 1077 semper
538 1026 711 1065 obtinuit
748 1027 856 1080 apud
884 1028 1104 1075 Romanos,
1143 1032 1189 1064 ut
1218 1028 1427 1065 Senatores
1460 1032 1500 1065 et
1528 1038 1707 1065 summae

243 1081 458 1134 dignitates
487 1096 567 1121 non
599 1083 676 1121 nisi
705 1082 753 1121 ab
793 1083 882 1135 ipso
913 1085 1084 1132 Senatu,
1116 1083 1180 1121 vel
1209 1096 1231 1121 a
1258 1083 1473 1122 Praefectis
1502 1081 1706 1120 Praetorio

243 1145 312 1177 aut
341 1139 436 1178 Urbi
464 1139 506 1177 in
546 1140 673 1178 causis
699 1139 973 1178 criminalibus
1002 1138 1251 1178 audirentur.
1299 1139 1443 1178 Narrat
1469 1139 1707 1191 Spartianus

242 1196 434 1234 Severum
476 1195 573 1247 Imp.
611 1196 706 1234 dum
747 1196 962 1234 Commodo
1002 1196 1223 1247 imperante
1273 1195 1447 1233 Siciliam
1485 1194 1708 1234 Proconsul

242 1258 420 1303 regeret,
452 1252 563 1303 quasi
591 1252 640 1290 de
670 1252 843 1304 Imperio
867 1252 931 1290 vel
961 1252 1079 1290 Vates
1103 1252 1168 1290 vel
1188 1250 1407 1290 Chaldaeos
1429 1251 1709 1301 consuluisset,

242 1321 358 1347 reum
397 1309 571 1358 factum,
617 1308 723 1360 apud
767 1309 992 1347 Praefectos
1025 1308 1252 1356 Praetorio,
1300 1307 1445 1360 quibus
1487 1307 1708 1347 audiendus

244 1365 361 1403 datus
398 1365 554 1411 fuerat,
603 1365 829 1404 absolutum
868 1378 966 1404 esse.
1023 1364 1133 1404 Idem
1172 1366 1303 1403 factus
1340 1365 1584 1418 Imperator,
1621 1363 1711 1403 fieri

243 1421 645 1460 Senatusconsultum
689 1422 840 1473 coegit,
890 1435 941 1461 ne
978 1421 1118 1460 liceret
1157 1422 1432 1474 Imperatori,
1479 1421 1710 1461 inconsulto

227 1479 413 1528 Senatu,
451 1478 635 1517 occidere
677 1479 926 1526 Senatorem,
963 1484 1010 1516 ut
1038 1478 1191 1517 Auctor
1229 1485 1289 1517 est
1323 1478 1427 1517 idem
1466 1478 1711 1530 Spartianus.

245 1534 474 1574 Alexander
523 1536 693 1575 Severus
740 1534 897 1574 idcirco
936 1537 1147 1574 Senatores
1192 1547 1276 1573 esse
1321 1531 1452 1574 voluit
1491 1535 1711 1574 Praefectos

245 1591 472 1641 Praetorio,
503 1605 551 1630 ne
582 1592 670 1643 quis
699 1606 779 1630 non
809 1594 979 1630 Senator
1007 1591 1057 1631 de
1086 1593 1264 1630 Romano
1283 1592 1472 1630 Senatore
1499 1591 1716 1642 judicaret.v

244 1647 306 1685 Ita
345 1648 614 1700 Lampridius.
681 1649 790 1687 Idem
828 1648 1063 1701 Spartianus
1100 1648 1240 1687 scribit
1277 1648 1425 1688 dixisse
1463 1648 1712 1688 Hadrianum

245 1704 344 1756 Imp.
375 1719 417 1743 se
446 1718 648 1756 nunquam
679 1706 908 1744 Senatorem
935 1705 1011 1743 nisi
1041 1718 1092 1743 ex
1122 1706 1288 1743 Senatus
1311 1705 1512 1744 Sententia
1541 1705 1712 1757 punitu-

245 1774 349 1801 rum.
405 1761 466 1799 Ex
509 1761 801 1801 Constitutione
838 1761 1086 1800 Constantini
1126 1761 1279 1813 Magni,
1328 1775 1429 1814 quae
1463 1761 1632 1801 habetur
1667 1760 1714 1800 in‘

247 1817 338 1867 Leg.
369 1832 396 1855 1.
438 1817 534 1858 Cod.
574 1817 726 1857 Theod.
768 1819 818 1857 de
860 1819 1046 1858 Accusat.
1083 1824 1122 1856 et
1158 1818 1201 1856 in
1240 1819 1327 1869 Leg.
1359 1834 1387 1856 1.
1436 1818 1532 1859 Cod.
1571 1817 1711 1856 Justin.

100 1876 130 1911 Ρ
153 1877 223 1912 580
248 1873 328 1912 Ubi
357 1875 525 1912 Senator
553 1874 593 1912 in
625 1874 895 1913 criminalibus
924 1874 1053 1913 causis
1085 1874 1313 1913 indistincte
1342 1874 1512 1926 Legibus
1540 1873 1712 1927 publicis

248 1929 476 1969 subduntur
500 1932 729 1979 Senatores,
760 1931 869 1969 nulla
900 1931 949 1969 iis
983 1931 1136 1969 indulta
1166 1931 1242 1969 sori
1271 1931 1598 1983 praescriptione.
1648 1930 1713 1968 Ex

247 1988 348 2038 Lege
383 2000 480 2025 vero
510 1987 772 2025 Valentiniani
801 1993 841 2026 et
871 1988 1068 2036 Valentis,
1118 2001 1222 2039 quae
1251 1994 1310 2026 est
1340 2001 1398 2026 ιν.
1432 1987 1528 2026 Cod.
1558 1986 1712 2026 Theod.

248 2044 297 2082 de
325 2042 470 2083 Jurisd.
499 2044 688 2092 Senator,
719 2043 752 2082 si
780 2044 820 2081 in
852 2057 941 2082 eum
972 2049 1175 2094 ageretur,
1211 2057 1346 2082 coram
1375 2045 1581 2083 Praefecto
1611 2042 1714 2083 Urbi

249 2099 448 2139 duntaxat
485 2099 689 2138 conveniri
727 2107 914 2151 poterat,
960 2101 1114 2139 scilicet
1151 2100 1194 2139 in
1236 2100 1422 2139 civilibus
1458 2098 1601 2140 causis.
1665 2099 1713 2138 In

251 2156 525 2194 miminalibus
555 2163 686 2195 autem
716 2156 772 2195 ita
800 2156 863 2208 jus
893 2157 968 2196 suit
997 2170 1046 2195 ex
1075 2157 1166 2208 Leg.
1188 2171 1282 2195 x111.
1311 2170 1414 2208 quae
1443 2164 1503 2196 est
1533 2155 1715 2195 Gratiani

251 2219 291 2251 et
318 2213 580 2251 Valentiniani
607 2213 736 2277 1¹¹¹‚PP·
777 2213 914 2252 eodem
952 2213 1050 2254 Cod.
1089 2214 1137 2252 de
1178 2214 1362 2252 Accusat.
1391 2220 1439 2253 ut
1475 2214 1509 2253 si
1544 2215 1715 2252 Senator

251 2269 293 2307 in
321 2269 529 2307 Provincia
560 2269 734 2308 criminis
773 2283 868 2309 reus
908 2276 1182 2320 accusaretur,
1224 2269 1354 2308 Judex
1391 2270 1626 2309 Provinciae
1663 2269 1715 2309 de

254 2337 374 2363 causa
414 2333 693 2375 cognosceret,
741 2325 844 2364 nihil
873 2333 1002 2366 tamen
1045 2328 1094 2366 de
1134 2327 1264 2378 capite
1292 2326 1542 2376 decerneret,
1573 2339 1713 2366 verum

252 2381 318 2421 vel
349 2380 398 2418 ad
428 2381 651 2434 Principem
684 2383 870 2432 referret,
911 2384 978 2422 vel
1008 2383 1058 2422 ad
1091 2383 1339 2422 Praefectum
1369 2383 1487 2434 Urbi,
1532 2396 1584 2422 ex
1613 2381 1714 2421 aub-

255 2437 416 2477 urbanis
448 2438 684 2477 Provinciis:
717 2440 765 2476 de
795 2440 960 2478 caeteris
991 2446 1122 2478 autem
1145 2439 1194 2478 ad
1215 2440 1464 2478 Praefectum
1494 2439 1713 2488 Praetorio,

251 2495 306 2533 ita
336 2500 467 2532 tamen
500 2499 543 2532 ut
572 2494 613 2532 in
652 2494 871 2546 judicando
911 2496 1087 2548 quinque
1124 2498 1332 2534 Senatores
1369 2495 1404 2533 ei
1441 2494 1712 2535 sociarentur:

255 2550 362 2604 quod
393 2557 431 2588 et
459 2550 596 2589 statuit
625 2550 826 2589 Honorius
856 2552 954 2604 Imp.
992 2553 1031 2590 in
1064 2553 1152 2602 Leg.
1181 2552 1255 2593 ult.
1292 2551 1342 2590 de
1381 2551 1527 2590 Jurisd.
1557 2565 1605 2590 ac
1633 2551 1715 2590 ob-

255 2613 458 2646 servatum
486 2607 527 2645 in
557 2607 715 2645 Judicio
745 2607 794 2645 de
828 2609 972 2646 Basilio
1002 2615 1042 2647 et
1074 2609 1324 2646 Praetextato
1354 2608 1462 2659 apud
1485 2610 1713 2648 Senatorem

256 2664 326 2702 lib.
363 2677 422 2703 1v.
451 2663 601 2702 Variar.
632 2677 738 2704 xxn.
768 2664 864 2702 licet
893 2678 942 2702 ex
974 2665 1073 2714 Lege
1105 2664 1369 2702 Valentiniani
1397 2664 1582 2712 Senioris,
1612 2678 1714 2716 quae

259 2727 318 2758 est
347 2734 392 2758 11.
421 2720 558 2759 eodem
591 2719 686 2759 cod.
716 2719 766 2758 de
795 2719 940 2761 Exhib.
970 2720 1071 2770 reis,
1112 2720 1161 2758 de
1190 2721 1448 2760 senatoribus
1488 2720 1714 2760 ordinarios

257 2776 418 2815 Judices
447 2790 495 2815 ne
532 2775 761 2827 cognovisse
800 2776 962 2828 quidem
1001 2790 1118 2828 posse
1146 2775 1352 2819 videatur:
1402 2777 1573 2829 denique
1612 2777 1715 2828 Lege

259 2833 428 2873 Zenonis
454 2833 504 2873 ad
534 2833 777 2874 Praefectum
805 2832 1031 2885 Praetorio,
1069 2833 1165 2876 eod.
1195 2833 1336 2875 sustin.
1373 2833 1443 2874 ubi
1479 2836 1713 2875 Senatorem
