1820 3276
299 217 402 267 462
857 223 895 267 Ν
930 224 972 268 Ο
1007 224 1046 267 Τ
1078 225 1112 267 A
1145 225 1182 268 E

297 331 372 370 ΡΡ.
411 329 531 369 AUG.
573 330 718 370 CONS.
752 337 792 371 et
821 332 1012 373 Novellae
1042 347 1147 374 ch1.
1181 335 1261 375 DN.
1290 336 1422 376 JUST.
1452 338 1524 378 ΡΡ.
1562 337 1693 380 AUG.·
1714 339 1761 380 V·

300 388 340 426 C.
373 388 515 425 CONS.
575 387 650 425 Hic
689 393 817 426 autem
853 389 1073 430 Justiniano
1115 392 1265 443 collega
1303 393 1536 446 adjungitur
1574 395 1763 445 Paulinm,

149 450 182 482 V
205 449 274 486 538
298 445 367 497 qui
394 445 522 482 Junior
551 443 769 483 dicitur·in
798 446 986 498 Epistolis
1015 449 1181 501 Agapeti
1209 450 1338 501 Papae
1362 465 1390 488 1.

416 504 507 551 Pag.
538 502 633 544 633.
666 504 730 544 19.
789 501 1033 557 Ανενεώθη]
1067 506 1203 544 Priore
1233 506 1392 544 Codicis
1418 507 1651 547 Justinianei
1681 508 1765 547 edi-

297 558 405 597 tione
445 556 651 610 publicata
690 571 792 596 anno
825 573 969 603 nxxix.
1008 562 1123 614 eiq'ue
1160 563 1320 602 insertis
1358 563 1514 614 aliquot
1541 571 1621 602 tam
1655 565 1766 604 Deci-

297 615 500 664 sionibus,
541 628 638 665 quas
676 615 818 654 Graeci
847 615 999 666 Λύσεις
1034 626 1202 667 vocant,
1242 633 1357 670 quam
1392 620 1763 670 constitutionibus,

299 686 401 724 quae
431 678 523 724 post
553 670 711 709 Codicis
742 673 1026 714 confectionem
1056 676 1159 714 latae
1189 676 1499 725 divagabantur:
1531 692 1577 715 ac
1604 690 1764 717 rursum

299 728 438 767 eodem
473 728 621 767 Codice
657 730 909 780 promulgato
950 732 1091 770 Indict.
1120 746 1174 770 nt.
1204 733 1245 771 P.
1279 732 1323 771 C.
1354 733 1561 785 Lampadii
1591 741 1630 773 et
1659 735 1767 774 Ore-

300 786 370 824 stis
401 799 504 823 anno
536 799 678 826 nxxxi.
710 787 871 825 tandem
903 788 983 826 suis
1010 789 1210 841 numeris,
1247 795 1293 827 ut
1329 784 1560 838 videbatur,
1599 791 1766 831 absolu·

298 849 385 882 tum
402 871 412 891 ‚
456 843 573 881 titulo
611 845 778 893 repetitae
808 846 1077 895 praelectionis,
1116 859 1187 884 seu
1224 847 1397 885 secundae
1421 847 1606 896 editionis,
1646 861 1767 902 quam

298 900 451 938 Auctor
482 898 671 937 Chronici
701 897 859 941 ἔκδοσιν
887 909 1027 953 vocat,
1058 900 1423 956 (quemadmodum
1458 903 1666 943 Africanus
1695 905 1764 944 ite·

298 962 424 996 ratam
468 955 652 994 Chronici
692 957 753 994 sui
792 958 1004 998 editionem
1037 958 1222 1011 δευτέραν
1253 958 1411 1000 ἔκδοσιν
1439 961 1686 1013 appellavit)
1722 962 1787 1000 «τ’

299 1015 357 1052 elie
385 1026 439 1051 xv.
470 1014 554 1052 Kal.
583 1014 774 1062 Ianuarii,
804 1017 865 1052 sui
892 1016 1106 1054 Consulatus
1135 1028 1190 1055 lv.
1221 1014 1306 1068 (uti
1335 1016 1375 1054 in
1403 1016 1602 1056 Chronico
1633 1019 1768 1069 legen-

298 1070 392 1109 dum
418 1067 667 1120 monuimus)
698 1074 731 1107 et
761 1071 914 1110 Paulini
948 1073 987 1111 V.
1022 1073 1061 1112 C.
1084 1073 1312 1124 frequentari
1339 1074 1469 1112 sanxit
1497 1074 1602 1113 idem
1634 1076 1768 1126 Augu-

299 1133 405 1174 stus,
449 1126 556 1164 edita
597 1139 667 1164 sua
706 1127 1021 1178 Constitutione,
1064 1128 1157 1167 data
1187 1143 1270 1167 xw.
1299 1131 1388 1169 Kal.
1419 1131 1622 1170 Decembr.
1655 1133 1770 1171 Con-

298 1183 583 1235 stantinopoli,
619 1196 721 1233 quae
745 1184 946 1237 descripta
975 1185 1121 1236 legitur
1153 1186 1266 1224 initio
1295 1186 1471 1238 ejusdem
1506 1188 1662 1227 Codicis
1691 1189 1770 1227 Ju-

298 1240 494 1280 stinianei.
548 1239 762 1290 Perperam
791 1254 888 1279 vero
913 1242 952 1280 in
982 1242 1058 1279 hac
1089 1241 1274 1281 Chronici
1304 1243 1491 1294 perioche
1515 1246 1771 1294 Ινδικτιῶνος

298 1293 345 1351 y'.
375 1309 452 1350 pro
483 1292 528 1348 β’.
560 1295 743 1347 irrepsit,
784 1297 880 1336 licet
909 1299 964 1337 ita
998 1299 1199 1351 praeferat
1228 1298 1350 1339 editio
1381 1301 1541 1341 Raderi.

417 1355 510 1403 Pag.
540 1351 635 1394 634.
666 1355 705 1395 3.
764 1357 995 1409 Βιλισαρίου
1026 1351 1176 1408 μόνου]
1219 1355 1295 1395 Hic
1324 1357 1503 1396 Belisarii
1532 1357 1770 1398 Consulatus

299 1410 357 1449 sic
387 1423 469 1447 non
499 1408 619 1447 semel
652 1411 909 1462 consignatur
937 1412 979 1450 in
1009 1413 1187 1451 Novellis
1215 1413 1437 1464 Justiniani,
1465 1414 1539 1452 sub
1569 1429 1650 1466 quo
1679 1416 1770 1468 ple-

299 1479 448 1518 raeque
485 1472 581 1504 sunt
620 1479 672 1504 ex
708 1467 755 1505 iis
796 1469 944 1519 editae,
986 1476 1025 1508 et
1059 1470 1116 1508 ita
1157 1470 1428 1523 subscriptae,
1466 1472 1608 1510 BILIS.
1647 1472 1694 1511 V.
1724 1473 1769 1514 C.

301 1524 444 1562 CONS.
501 1523 548 1561 In
579 1522 726 1574 prima,
756 1525 917 1564 additur
946 1526 1046 1564 lND.
1078 1527 1186 1566 XIII.
1244 1527 1289 1565 In
1320 1535 1483 1579 quarta,
1524 1528 1584 1567 sic
1612 1529 1771 1568 descri-

299 1580 429 1619 bitur:
470 1579 584 1620 DAT.
614 1583 664 1637 τῇ
692 1579 769 1634 πρὸ
794 1577 841 1630 ζ’.
868 1584 917 1623 Κ.
949 1583 1114 1623 APRIL.
1143 1584 1245 1624 IND.
1276 1580 1338 1638 ιγ’.
1378 1586 1575 1633 Τπατείας
1601 1586 1771 1627 FABIov

149 1642 179 1677 1³
208 1642 276 1678 599
301 1637 443 1676 BILIS.
473 1639 548 1676 τοῦ
578 1635 867 1690 λαμπροτάτου.
925 1639 1040 1691 Apud
1070 1640 1270 1679 Julianum
1301 1641 1500 1682 Antecess.
1531 1642 1770 1682 constitutio

300 1708 357 1733 vt.
400 1693 459 1732 sic
505 1693 727 1734 clauditur:
772 1696 911 1735 DATA
956 1698 1073 1735 KAL.
1114 1698 1278 1736 APRlL.
1309 1698 1396 1737 VII.
1428 1699 1771 1738 CONSISTORIO

259 1755 262 1757 ’
302 1750 583 1789 CONSULAT.
615 1752 879 1794 BELISARII.
910 1754 980 1792 ubi
1010 1768 1082 1807 per
1110 1768 1181 1793 vu.
1218 1755 1440 1808 Septimum
1480 1756 1661 1806 miliare,
1701 1769 1774 1796 seu

300 1807 553 1847 Hebdomum
583 1807 847 1861 intelligitur,
882 1810 952 1848 ubi
982 1811 1119 1850 extitit
1149 1812 1435 1851 Consistorium
1464 1813 1697 1860 Justiniani,
1727 1819 1774 1853 ut

300 1863 397 1904 alibi
426 1863 659 1903 indicamus.
715 1865 822 1903 Idem
853 1866 919 1904 hic
949 1868 1188 1906 Consulatus
1216 1869 1257 1906 in
1287 1869 1472 1921 Epistolis
1503 1870 1668 1923 Agapeti
1695 1870 1774 1910 Pn-

299 1934 376 1974 pae
405 1920 461 1958 ita
488 1920 690 1959 interdum
722 1922 1000 1974 consignatur:
1040 1925 1085 1963 P.
1120 1926 1159 1964 C.
1189 1925 1341 1964 Paulini
1365 1927 1535 1965 Junioris.

418 1979 510 2027 Pag.
541 1979 635 2021 634.
665 1980 703 2020 5.
775 1980 1007 2032 Βιλισαρίου
1045 1978 1173 2034 μόνου
1211 1980 1256 2022 τό
1294 1978 1365 2035 β’]
1412 1983 1458 2021 In
1505 1982 1606 2024 Nov.
1653 1996 1772 2025 xxxi.

300 2047 444 2074 xxxix.
475 2047 539 2072 Χῖ..
568 2047 681 2074 val.
712 2049 782 2073 Lu.
822 2035 888 2074 hic
919 2050 1043 2075 annus
1072 2039 1128 2076 ita
1157 2045 1368 2078 exaratur:
1410 2040 1453 2078 P.
1481 2039 1521 2077 C.
1550 2040 1695 2080 BILIS.
1725 2041 1774 2080 V.

302 2091 346 2128 C.
387 2090 533 2129 CONS.
573 2097 611 2129 et
647 2094 687 2129 in
728 2093 891 2144 Synodo
931 2093 1290 2147 Hierosolymitana
1328 2108 1419 2134 cum
1458 2095 1543 2135 Iud.
1581 2111 1670 2140 xxv.
1726 2097 1774 2136 In

300 2147 429 2185 Fastis
458 2146 604 2186 Italicis
635 2149 822 2199 Pontaci‚
852 2163 921 2188 seu
953 2150 1201 2202 Pithoeanis,
1231 2151 1327 2191 huic
1357 2153 1591 2192 Consulatui
1619 2160 1660 2193 et
1687 2167 1775 2195 cae-

301 2204 399 2242 teris
427 2217 556 2255 usque
586 2205 637 2244 ad
662 2206 923 2245 Consulatum
953 2208 1103 2258 Basilii,
1130 2209 1321 2248 Paulinus
1352 2219 1444 2249 cum
1473 2221 1642 2250 numero
1672 2212 1775 2250 Cou-

291 2260 504 2299 sulatuum
536 2274 692 2315 semper
721 2264 1010 2316 praeponitur,
1045 2266 1162 2304 verbi
1188 2267 1338 2318 gratia,
1378 2267 1534 2306 Paulino
1561 2282 1588 2307 1.
1615 2272 1651 2307 et
1675 2267 1774 2308 'Bili-

301 2319 399 2356 sario
421 2331 450 2355 1.
480 2316 635 2357 Paulino
663 2333 708 2358 11.
735 2324 770 2359 et
797 2319 972 2359 Betim-rio
997 2335 1042 2361 11.
1079 2329 1117 2362 et
1146 2323 1204 2361 sic
1234 2322 1438 2376 deinceps.
1655 2318 1658 2322 ⁴

419 2376 512 2422 Pag·
541 2375 638 2418 634.
666 2379 705 2419 6-
762 2379 996 2432 Βιλισαρίου
1022 2375 1153 2432 μόνου
1175 2377 1219 2421 τό
1247 2377 1310 2434 γ’.]
1339 2379 1612 2419 Marcellinus:
1639 2380 1774 2421 Iterum

305 2429 348 2468 P.
379 2429 418 2471 C.
446 2429 630 2469 Belisarii.
673 2443 676 2446 ·

420 2488 510 2536 Pag.
545 2486 641 2530 634.
670 2491 711 2530 7.
774 2485 958 2531 Ιωοὶννου
997 2487 1154 2545 μόνου]
1195 2493 1268 2531 Cui
1314 2493 1540 2532 Volusianum
1577 2493 1771 2545 collegam

303 2541 485 2595 adjungit
525 2544 766 2596 subscriptio
806 2546 1009 2599 Epistolae
1037 2561 1082 2589 11.
1119 2549 1255 2600 vigilii
1284 2550 1424 2602 Papae.
1481 2550 1521 2588 Is
1551 2557 1682 2589 autem
1713 2557 1773 2590 est

303 2601 474 2638 loannes
505 2601 730 2640 Praefectus
761 2603 965 2643 Praetorio
994 2618 1068 2657 per
1098 2606 1323 2656 Orientem,
1365 2607 1422 2645 uti
1466 2607 1583 2645 etiam
1623 2607 1772 2659 indigi-

305 2663 417 2695 tatur
443 2656 485 2695 in
512 2658 639 2696 Fastis
660 2658 894 2709 Vossianis,
932 2662 998 2700 cui
1037 2662 1250 2716 pleraeque
1280 2674 1331 2701 ex
1360 2663 1569 2702 Iustiniani
1597 2663 1772 2704 Novellis

306 2713 587 2753 inscribuntur
624 2713 704 2754 hon
741 2716 877 2755 titulo:
921 2714 1080 2768 Ιωάννη
1120 2722 1177 2758 τῶ
1208 2717 1453 2768 ἐνδοξοτάτω
1490 2716 1662 2776 Τπᾶρχῳ
1690 2723 1772 2762 τοῖν

306 2774 569 2812 Ανατολικαῖν
600 2773 884 2827 Πραιτωρίων,
925 2772 972 2815 vd
1011 2760 1199 2829 δεύτερον
1228 2772 1308 2817 vind
1344 2762 1513 2818 Τπᾶτων
1543 2777 1771 2834 Ορδιναρίφ

307 2826 375 2866 καὶ
429 2828 647 2883 Πατρικίῳ.
702 2828 813 2868 Illius
858 2843 955 2869 vero
1003 2832 1243 2871 Consulatus
1285 2833 1397 2873 varie
1437 2832 1693 2885 consignatur
1726 2833 1770 2873 in

303 2881 482 2936 ejusdem
509 2885 718 2926 ,Iustiniani
742 2885 948 2940 Novellis,
988 2898 1041 2930 ex
1066 2887 1242 2930 editione
1268 2890 1504 2944 serit-ageri,
1531 2890 1568 2929 si
1594 2888 1768 2944 numeni,
