1884 3262
652 193 1068 236 PRAEFATIO.
1497 194 1563 242 57

97 309 410 403 taxatheditioue
435 308 652 359 recensita,
683 323 728 348 ac
754 308 927 347 invicem
943 308 1187 361 quantalibet
1210 321 1300 346 cum
1322 302 1399 346 fide
1419 307 1563 347 collata

97 372 136 405 et
160 380 207 405 ex
239 366 351 405 ibita.

207 478 366 516 XLVII.
414 478 470 516 Ut
484 492 610 530 porro
635 485 862 528 temporum
883 479 1071 517 certiores
1092 483 1221 515 essent
1241 485 1371 527 notae,
1402 478 1444 516 in
1466 478 1567 516 Con·
1590 485 1618 518 P
1642 482 1687 518 41

98 534 229 573 sulum
256 535 380 572 Fastis
410 549 533 572 annos
562 535 608 573 ab
637 536 682 573 U.
718 537 762 575 C.
795 550 816 573 a
843 535 1030 573 Palilibus
1060 535 1317 573 Varronianis
1339 535 1398 573 ad
1421 534 1568 573 Christi
1580 531 1632 564 De
1647 528 1779 564 ”nul-5²³

97 591 376 640 Nativitatem,
409 591 551 629 deinde
577 606 598 629 a
629 593 845 630 Nativitate
873 605 996 631 annos
1027 591 1288 642 Dionysianos
1310 592 1477 642 singulis
1495 578 1788 656 pa-fflutnd03‘ss‘

98 647 208 685 1ibus
231 648 467 696 Consulum,
497 662 619 686 annos
648 649 765 687 etiam
791 649 930 687 mundi
946 648 1064 701 juxta
1089 648 1284 692 Graecos,
1319 649 1362 686 in
1383 662 1569 698 marginl-
1602 630 1708 702 ,ὅθ’ἒι
1731 680 1752 701 a

97 704 174 742 bus
197 704 363 742 subinde
388 705 691 773 adscripsimus,
722 711 845 757 prout
865 705 941 744 hos
967 718 1039 742 suo
1058 704 1191 742 codici
1212 705 1319 742 edito
1342 705 1788 757 adscripse-ChristiNa-

97 767 161 798 rat
180 761 373 798 Antonius
400 762 583 799 Alienus'
579 762 642 800 vir
661 762 923 800 doctissimus.
960 762 1005 800 In
1023 761 1277 799 recensendis
1300 775 1394 798 vero
1416 759 1789 811 RegumtaliChroni-

98 817 164 855 vel
184 817 472 868 Imperatorum
505 817 641 869 annis,
672 833 761 857 cum
786 819 828 856 in
852 819 1024 858 editione
1040 817 1258 855 Raderiana
1281 817 1622 856 Indictio11ibus⁰⁰
1641 806 1780 841 addim·

97 873 126 911 ii
153 874 458 925 subjicerentur,
489 874 531 912 in
557 876 820 926 Scaligeriana
849 890 971 925 vero,
1003 875 1158 924 (nescio
1191 889 1240 912 an
1267 875 1381 912 etiam
1416 875 1458 912 in
1489 875 1571 912 MS.

99 929 261 983 codice)
291 938 651 983 praeponerentur,
662 905 726 970 ²³in
751 931 829 970 hoc
858 939 906 971 ut
935 931 1245 970 commodiorem
1267 931 1575 981 Sealigerianam

99 1000 234 1025 sumus
251 988 391 1026 secuti.
453 988 548 1025 Cum
578 988 746 1040 denique
773 989 961 1027 lectorem
993 1002 1110 1026 nosse
1142 987 1321 1037 intersit,
1353 1001 1430 1039 qua
1464 987 1585 1039 apud'

99 1044 194 1081 artis
217 1043 332 1082 istius
361 1044 660 1096 computisticae
692 1046 908 1096 scriptores
938 1051 1100 1096 recepta
1128 1044 1316 1083 methodo
1346 1058 1391 1082 ac
1419 1044 1575 1083 ratione

97 1113 196 1138 usus
218 1101 270 1138 sit
294 1101 400 1138 idem
426 1109 566 1139 auctor
586 1101 805 1148 Paschalis,
839 1109 882 1140 ut
912 1116 1014 1153 quae
1035 1101 1142 1153 apud
1165 1101 1256 1139 illos
1278 1100 1385 1138 varia
1409 1101 1472 1149 sit,
1500 1114 1576 1138 nec

98 1157 267 1209 proinde
300 1158 436 1207 unica,
465 1164 550 1196 tum
575 1159 614 1196 in
642 1159 825 1211 putandis
845 1159 982 1197 Mundi
1013 1158 1182 1206 conditi,
1213 1159 1277 1196 vel
1297 1157 1443 1196 Christi
1464 1158 1576 1195 annis

100 1227 148 1251 ac
169 1214 478 1263 indictionibus,
508 1214 571 1252 vel
591 1216 631 1253 in
650 1216 899 1254 inveniendis
920 1215 1102 1267 Epactis‚
1131 1214 1377 1262 Noviluniis,
1409 1213 1577 1252 Pascha-

99 1271 206 1308 libus
236 1271 404 1322 aliisque
429 1272 574 1322 Festis,
620 1273 783 1323 quaein
813 1272 857 1310 id
887 1278 1162 1322 argumentum
1192 1272 1399 1310 observata
1431 1276 1524 1309 sunt
1552 1285 1575 1307 a

100 1327 264 1365 Petavio
285 1328 526 1378 praesertim,
557 1329 626 1379 qui
645 1328 818 1379 ejusdem
843 1329 1015 1367 auctoris
1036 1326 1224 1366 chronici
1243 1327 1446 1365 Paschalis
1465 1341 1577 1364 com-

100 1390 221 1436 putos
253 1385 302 1422 ad
331 1398 535 1423 censuram
559 1392 599 1423 et
626 1398 790 1423 examen
819 1399 935 1437 saepe
963 1384 1154 1427 adduxit..
1183 1385 1224 1422 in
1250 1384 1412 1422 Selectis
1444 1383 1578 1434 subji-

102 1440 241 1479 cienda
275 1441 475 1481 duximus.
534 1443 671 1493 Neque
699 1441 800 1479 haec
831 1442 1045 1489 duntaxat,
1090 1440 1160 1478 sed
1190 1447 1228 1478 et
1254 1441 1333 1479 viri
1361 1439 1580 1478 doctissimi

103 1498 402 1536 observationes
434 1499 624 1550 quasdam
658 1497 967 1548 Chronologieas
1000 1497 1188 1536 ad'idem
1222 1496 1446 1535 chronicon
1479 1509 1581 1547 quae

102 1554 227 1592 serius
253 1555 293 1591 in
325 1568 462 1592 manus
490 1562 648 1592 nostras
678 1561 966 1606 pervenerunt,
993 1554 1090 1592 huic
1117 1554 1356 1592 Praefationi
1390 1552 1581 1591 subdidi-

101 1625 201 1649 mus.
261 1612 321 1648 Ex
338 1611 501 1650 illorum
528 1612 630 1649 enim
650 1619 688 1649 et
714 1612 882 1649 aliorum
908 1610 1255 1660 Chronologorum
1275 1611 1456 1662 scriptis,
1485 1609 1580 1647 vel-

100 1668 161 1706 uti
184 1668 380 1716 fontibus,
416 1668 590 1706 omnium
623 1668 691 1719 qui
727 1668 914 1719 deinceps
943 1667 1091 1705 inistis
1122 1667 1406 1705 controversiis
1428 1665 1581 1704 versati

102 1730 195 1762 sunt
229 1724 516 1776 disputationes
540 1732 579 1763 et
608 1725 878 1763 commentarii
896 1724 1200 1776 profluxerunt:
1246 1737 1335 1761 cum
1366 1722 1467 1761 nihil
1498 1723 1582 1760 sere

101 1787 195 1833 post
217 1781 308 1819 illos
338 1781 392 1819 sit
424 1782 605 1831 allatum,
651 1781 760 1832 quod
785 1795 864 1819 non
896 1781 990 1819 inde
1023 1787 1255 1832 promptum
1291 1794 1339 1818 ac
1360 1780 1582 1818 derivatum

103 1837 244 1885 suerit,
273 1844 320 1875 ut
340 1837 407 1888 qui
430 1852 471 1876 ea
495 1852 595 1888 quae
626 1838 687 1875 illi
714 1839 930 1888 attigerunt
950 1838 1112 1888 legerit,
1146 1838 1315 1875 istorum
1339 1837 1515 1874 omnium
1536 1842 1583 1873 ut

104 1901 144 1932 et
164 1900 338 1932 nostram
356 1894 595 1932 industriam
612 1908 692 1933 non
705 1908 946 1946 magnopere
963 1894 1172 1934 desideret.
1195 1894 1272 1931 Sed
1286 1900 1326 1931 et
1346 1893 1578 1931 addidimus

0 1994 1 2001 ἵ
102 1952 257 1988 Selecta
270 1951 422 2000 aliquot
442 1965 543 2002 quae
564 1951 611 1989 ad
627 1951 814 1990 Chronici
835 1951 1141 1989 illustrationem
1166 1951 1415 2000 aliquatenus
1440 1963 1578 1988 neces-

0 2009 2 2052 {
105 2009 207 2044 saria
221 2007 303 2044 visa
321 2013 424 2055 sunt,
445 2009 591 2060 partim
606 2022 653 2045 ex
668 2008 782 2046 editis
796 2008 939 2060 partim
960 2022 1008 2046 ex
1019 2008 1127 2046 MSS.
1142 2007 1348 2045 codicibus
1367 2012 1493 2054 eruta,
1514 2006 1582 2043 vel

4 2062 5 2065 ¹
105 2078 194 2101 cum
217 2064 264 2101 iis
284 2064 442 2111 collata,
469 2064 517 2102 de
537 2065 681 2116 quibus
698 2066 779 2102 fere
791 2065 972 2102 omnibus
991 2071 1125 2102 actum
1147 2070 1206 2101 est
1222 2064 1283 2101 vel
1302 2064 1341 2100 in
1355 2062 1431 2100 ha'c
1443 2068 1580 2099 nostra

103 2120 376 2168 praefatione,
414 2121 480 2158 vel
503 2121 544 2158 in
567 2121 681 2159 Notis
712 2121 762 2158 ad
792 2121 897 2158 idem
936 2120 1163 2158 Chronicon
1189 2119 1392 2159 Paschale.
1463 2119 1582 2156 Hisce

106 2177 276 2228 denique
295 2178 551 2215 Laterculum
578 2177 772 2215 Mensium
801 2177 1150 2216 Macedonicorum
1172 2176 1451 2227 adjunximus,
1482 2175 1582 2226 qui-

105 2234 182 2272 bus
201 2240 394 2285 perpetuo
414 2241 555 2272 auctor
574 2233 758 2272 Chronici
778 2234 927 2282 utitur,
960 2248 1059 2283 quos
1081 2235 1161 2271 fere
1186 2247 1340 2284 semper
1361 2246 1451 2270 cum
1475 2245 1582 2269 men-

107 2291 215 2328 sibus
232 2304 252 2326 a
278 2290 428 2327 Latinis
455 2290 628 2342 receptis
654 2305 883 2342 comparare
916 2290 1038 2338 solet,
1068 2289 1233 2341 adjectis
1257 2289 1416 2336 Idibus,
1448 2288 1582 2336 Nonis,

107 2353 148 2385 et
166 2346 372 2385 Kalendis.
431 2347 560 2399 Atque
579 2346 654 2384 hos
683 2348 841 2399 quidem
866 2360 1017 2384 menses
1041 2346 1316 2384 Macedonicos
1340 2345 1488 2383 mediae
1508 2358 1581 2382 ve—

107 2404 264 2442 tustatis
293 2404 528 2455 scriptores,
560 2405 795 2456 praesertim
824 2403 1058 2451 Christiani,
1089 2416 1176 2440 cum
1197 2400 1583 2454 Syromacedonicis,

110 2474 209 2510 quos
250 2466 289 2498 et
328 2460 564 2498 Asianorum
605 2475 757 2499 menses
799 2461 1027 2512 appellant,
1079 2465 1123 2497 ut
1163 2460 1379 2510 plurimum
1413 2458 1583 2496 consun-

110 2515 289 2567 duntl),
321 2530 410 2554 cum
431 2518 537 2569 apud
554 2518 712 2556 Priscos
734 2518 964 2569 scriptores,
995 2516 1373 2568 Syromacedonum,
1404 2528 1474 2553 seu
1496 2514 1583 2551 An-

109 2573 414 2622 tiochenorum,
446 2588 515 2612 seu
537 2575 710 2625 denique
729 2569 1038 2624 Συροελλήνων,
1067 2585 1168 2622 quos
1193 2579 1230 2611 et
1256 2575 1441 2622 Ελληνας
1462 2570 1584 2608 inter-

111 2630 206 2669 dum
227 2630 333 2668 nude
353 2637 521 2681 vocant,
554 2631 747 2669 mensium
774 2631 872 2668 alius
905 2632 945 2668 in
968 2643 1070 2668 anno
1092 2629 1191 2666 situs
1213 2643 1331 2680 quam
1353 2627 1583 2666 Macedoni-

112 2700 252 2725 corum
269 2687 413 2738 fuerit,
442 2701 524 2726 non
555 2688 673 2726 modo
702 2694 905 2739 veterum,
940 2700 1040 2739 quos
1065 2686 1223 2724 lunares
1253 2685 1375 2724 fuisse
1399 2684 1587 2736 opinatur

160 2868 199 2912 ¹)
225 2867 353 2905 Concil.
379 2868 514 2902 Socrat.
539 2866 671 2911 Evagr.
698 2864 793 2899 Suid.
