1884 3262
286 200 386 249 344
854 199 1175 246 NOTAE

401 314 492 363 Pag.
525 309 622 354 498.
653 312 692 353 6.
750 308 988 350 Αντωνίνου
1015 304 1119 363 Αΰγ.
1147 306 1192 350 vo*
1225 304 1289 362 ς’.]
1332 307 1405 347 nio
1440 308 1509 350 lib.
1535 323 1678 349 nxxlx.
1705 323 1755 349 ex

135 382 165 416 v
188 378 258 420 465
285 369 499 422 Excerptis
525 367 682 416 Ursini,
713 366 1104 415 Pseudantoninum,
1134 379 1205 405 seu
1230 365 1530 416 Heliogabalum
1558 381 1604 407 11.
1625 373 1665 406 et
1685 367 1756 406 Li-

285 426 436 467 cinium
454 424 710 464 Sacerdotem
728 423 838 463 Coss.
859 429 898 462 et
913 422 1018 462 Fasti
1042 422 1110 461 alii
1128 422 1371 489 praeferunt.

401 485 495 532 Pag.
525 480 618 525 498.
650 484 689 523 9.
748 479 892 520 Μέσον
920 478 1121 531 Αἰὸἑόσης
1153 478 1222 519 καὶ
1251 475 1458 530 Κᾶῤῥων]
1501 479 1561 518 Ex
1592 479 1755 519 Eusebii

285 539 434 579 Chron.
463 537 534 577 ubi
562 537 749 588 Scaliger.
810 536 935 575 Addit
960 536 1156 588 Georgius
1192 535 1428 587 Syncellus,
1457 531 1594 584 πόλεις
1623 533 1664 577 δ’
1685 553 1756 577 αυ-

285 595 349 637 ταὶ
369 598 442 648 τῆς
465 597 690 647 Οσροηνῆς.
748 593 850 632 Vide
870 593 1067 646 Spartian.
1125 592 1201 631 Hic
1221 605 1341 643 porro
1369 599 1410 631 et
1427 592 1532 630 infra
1551 591 1756 634 Αἴδεσσαν

285 667 375 692 cum
396 651 650 705 diphthongo
675 649 890 700 scribitur,
907 655 953 688 ut
983 656 1022 688 et
1040 649 1150 700 apud
1171 648 1367 687 Dionem
1356 662 1397 686 ιιι
1417 649 1625 701 Excerptis
1640 649 1757 688 Vale-

284 709 405 748 sianis
438 722 530 762 pag.
550 712 647 751 711.
678 714 718 747 et
742 707 850 760 apud
878 680 1149 759 ’Epiphanium
1178 705 1422 758 Episcopum
1442 706 1540 757 Tyri
1568 706 1619 744 de
1648 707 1756 745 San-

284 766 361 806 ctis
386 764 621 818 Apostolis
609 778 652 803 ιιι
674 764 774 804 Cod.
791 765 881 814 Reg.
901 777 946 802 ιι.
966 776 1177 802 Mnccccm.
1196 761 1240 800 in
1257 765 1295 803 S.
1310 761 1433 800 Juda.
1462 762 1584 802 licet
1574 776 1616 801 ιιι
1634 776 1756 802 num·-

284 823 360 862 mis
390 829 429 861 et
447 822 556 874 apud
572 821 798 889 Scriptores
819 820 918 859 alios
940 833 1012 873 per
1034 834 1056 858 E
1075 819 1272 858 duntaxat
1294 819 1538 860 scribatur..

397 880 494 920 Ibid.
546 880 621 919 ,Ων
646 878 746 919 ἐτων
766 873 798 927 ξ’
802 877 829 928 .]
863 876 962 916 Vide
987 876 1231 927 Scaligerum
1255 875 1307 914 ad
1327 875 1469 915 Euseb.
1492 882 1533 915 et
1555 875 1757 915 casaubo-

283 950 381 977 num
402 935 453 975 ad
470 935 729 989 Spartianum
747 935 791 973 in
809 934 1012 972 Caracalla
1033 946 1123 985 pag.
1149 935 1242 975 133.

400 994 714 1043 Pag.498.11.
773 991 857 1031 Καὶ
886 987 1183 1042 Κωμάζοντος]
1229 990 1284 1027 De
1316 1002 1396 1040 quo
1427 989 1757 1029 consulendiCa-

283 1050 478 1104 pitolinus
499 1055 538 1088 et
557 1049 631 1087 Dio
651 1049 722 1088 lib.
741 1061 882 1086 LXXIX.
906 1054 946 1086 et
973 1061 1024 1085 ex
1047 1061 1092 1085 eo
1110 1045 1356 1098 Xiphilinus.

400 1105 623 1156 Pag.49s.
656 1109 721 1149 12.
782 1100 1101 1156 ΕνΑρχελάϊδι]
1138 1104 1201 1141 Ex
1230 1102 1376 1140 Chron.
1408 1102 1580 1141 Eusebii.
1620 1103 1758 1143 Editio

285 1163 498 1214 Scaliger-i,
527 1162 825 1215 Αρχελαισίων,
859 1175 949 1199 cum
968 1166 1061 1198 nota
1083 1160 1227 1201 mendi.
1274 1160 1353 1198 Sed
1377 1159 1505 1198 facilis
1523 1160 1759 1210 emendatio,

286 1221 320 1260 si
343 1221 523 1271 legatur,
555 1218 598 1259 ἐν
616 1217 830 1272 Αρχέλαιδι
849 1213 932 1266 ὢν,
963 1223 1041 1256 etc.
1091 1217 1297 1264 Zosimus,
1329 1216 1385 1263 εἷς
1403 1214 1472 1256 τὸν
1496 1214 1641 1268 μεταξὺ
1661 1233 1759 1270 πορ·

286 1274 397 1330 θμὸν
417 1276 639 1323 Βυζαντίου
659 1275 728 1315 καὶ
744 1270 1010 1326 Καλχηδόνος
1039 1279 1222 1325 captum,
1254 1285 1301 1309 ac
1329 1272 1417 1311 neci
1449 1273 1602 1312 datum
1617 1274 1758 1313 Macri

212 1341 215 1343 ‘
286 1347 384 1373 num
415 1332 577 1379 scribit,
607 1331 890 1383 Capitolium,
930 1332 969 1368 in
994 1331 1160 1368 suburbio
1182 1329 1400 1381 Bithymae:
1427 1329 1500 1368 sed
1532 1329 1577 1369 id
1608 1331 1760 1371 refellit

287 1389 475 1442 Scaliger.
516 1388 615 1427 Vide
639 1387 917 1427 Casaubonum
945 1385 996 1425 ad
1016 1386 1184 1425 eundem
1206 1385 1508 1437 Capitolinum'
1497 1400 1538 1424 ιιι
1561 1387 1757 1428 Macrinm

404 1449 497 1496 Pag.
532 1445 627 1489 498.
659 1448 724 1487 13
781 1439 1084 1496 Ηλιογάβαλος]
1127 1442 1384 1481 Hamartolus
1412 1448 1452 1481 et
1481 1443 1630 1483 Joeles:
1662 1441 1758 1495 μετὰ
1791 1457 1795 1462 ’

287 1501 333 1546 δὲ
365 1497 585 1555 Μακρινον
610 1501 866 1554 ἐβασίλευσεν
894 1503 1129 1548 Αντωνῖνος
1158 1498 1182 1541 o‘
1214 1496 1373 1552 Γάλβας
1406 1498 1473 1552 ἔτη
1504 1497 1552 1541 δ’.
1611 1500 1675 1539 Διι
1700 1501 1759 1540 sic

287 1565 572 1613 expresserunt
591 1572 738 1597 nomen
757 1555 1039 1607 Heliogabali?

398 1618 492 1666 Pag.
525 1613 719 1659 498.15.
765 1609 935 1667 Γράτου
954 1612 1024 1653 καὶ
1055 1608 1282 1664 Σελεύκου]
1313 1612 1416 1650 Fasti
1445 1579 1654 1652 Savilliani
1684 1578 1762 1653 Sa-

287 1675 468 1711 binianum
500 1676 534 1710 et
572 1672 759 1710 Seleucum
798 1670 1041 1722 praeferunt.
1108 1669 1167 1707 Ita
1197 1682 1338 1720 nempe
1367 1669 1506 1708 Gratus
1537 1670 1761 1709 Sabinianus

288 1729 584 1781 appellabatur,
616 1735 661 1766 ut
689 1727 894 1778 colligitur
917 1740 968 1766 ex
990 1727 1117 1764 Dione
1142 1725 1208 1763 lib.
1229 1739 1373 1766 LXXIX.
1395 1732 1436 1765 et
1457 1740 1507 1765 ex
1522 1726 1759 1778 Fragmento

289 1785 498 1824 Africani
486 1784 595 1837 apud
617 1784 832 1835 Georgium
856 1783 1084 1834 Syncellum
1113 1795 1201 1834 pag
1221 1786 1317 1825 212.

403 1844 624 1891 Pag.498.
659 1844 724 1882 17.
783 1840 1020 1879 Αντωνίνου
1045 1835 1148 1890 Αὕγ.
1169 1836 1212 1878 τὸ
1240 1835 1275 1890 β’
1279 1837 1308 1889 .]
1337 1839 1446 1877 Fasti
1474 1838 1664 1889 Matiani,
1684 1840 1759 1879 An-

287 1899 406 1935 tonino
424 1911 480 1936 1v.
504 1901 538 1935 et
554 1897 768 1935 Alexandro.
827 1895 1031 1934 Victorius
1055 1901 1094 1933 et
1113 1897 1302 1943 Senator,
1332 1896 1539 1934 Alexandro
1571 1901 1604 1934 et
1628 1897 1760 1947 Augu·-

287 1958 353 1992 sto.
395 1954 616 2000 Marianus,
649 1953 855 1990 Alexandro
878 1956 911 1990 et
929 1953 1147 1992 Antonino..
1205 1951 1403 1989 Nimirum
1425 1951 1504 1990 hoc
1523 1966 1626 1990 anno
1649 1953 1757 1994 Coss.

287 2011 455 2048 fuerunt
475 2010 739 2059 Heliogabalus
759 2022 816 2046 1v.
840 2012 873 2045 et
893 2009 1098 2047 Alexander
1119 2007 1267 2046 Severus
1290 2007 1444 2056 Caesar,
1465 2015 1512 2046 ut
1537 2015 1596 2047 est
1613 2010 1655 2048 in
1677 2016 1758 2050 vet.

288 2067 474 2118 Inscript.
497 2065 606 2119 apud
628 2065 878 2104 Panvinium.
937 2064 1079 2102 Statim
1106 2064 1210 2102 enim
1239 2070 1361 2116 atque
1385 2064 1517 2103 factus
1539 2071 1597 2104 est
1615 2066 1759 2106 Caesar

289 2123 539 2172 Alexandei,
571 2122 827 2160 Consulatum
860 2134 951 2159 cum
985 2120 1185 2159 Antonino
1211 2120 1356 2171 gessit,
1385 2127 1432 2159 ut
1458 2122 1599 2161 scribit
1623 2122 1759 2162 Hero-
1783 2135 1788 2146 ¹

292 2179 447 2218 dianus.
506 2179 634 2229 Igitur
662 2192 737 2231 pro
762 2174 809 2231 β.
836 2177 912 2228 leg.
930 2173 976 2218 δ’.
996 2184 1041 2216 ut
1068 2183 1128 2215 est
1145 2177 1250 2229 apud
1273 2177 1452 2218 Dionem.

409 2235 700 2286 Pag.499.1.
765 2233 981 2286 Μαξίμου]
1027 2233 1190 2272 Addunt
1220 2250 1264 2274 το
1305 2231 1348 2286 β’
1376 2234 1482 2273 Fasti
1513 2234 1650 2284 idatii,
1683 2235 1759 2274 Re-

293 2292 444 2344 scripta
477 2291 694 2331 Alexandri
731 2297 770 2329 et
805 2291 1122 2343 Inscriptiones,
1161 2297 1208 2328 ut
1239 2290 1493 2330 observatum
1532 2306 1554 2330 a
1586 2292 1759 2332 Norisio.

292 2348 376 2387 Hos
409 2349 517 2386 Coss.
548 2349 625 2387 alia
657 2347 873 2399 Inscriptio
906 2346 1016 2399 apud
1043 2347 1236 2399 Sponium
1263 2347 1303 2384 in
1332 2347 1549 2387 Miscellan.
1578 2348 1760 2390 eruditae

293 2404 415 2456 antiq.
442 2419 483 2456 p.
499 2407 593 2447 280.
615 2408 712 2446 281.
736 2404 795 2443 sic
815 2404 1043 2455 consignat:
1073 2403 1120 2441 L.
1141 2403 1268 2442 Mario
1286 2403 1453 2442 Maximo
1478 2417 1522 2441 ιι.
1551 2408 1585 2442 et
1610 2405 1660 2443 L.
1681 2405 1759 2443 Ro-

294 2464 366 2500 scio
384 2462 533 2500 Aeliano
551 2462 628 2500 Cos.
647 2458 827 2501 Ηλιανόν
848 2474 921 2512 pro
941 2457 1134 2500 Αἰλιανόν
1151 2458 1299 2497 habent
1317 2459 1421 2497 Fasti
1437 2460 1655 2502 saviniani.

410 2521 502 2568 Pag.
532 2516 628 2560 499.
658 2520 696 2559 2.
755 2515 1117 2569 Διανύκτὲρευσις]
1160 2515 1238 2553 Has
1267 2513 1607 2569 διανυκτερεύσεις
1634 2517 1760 2556 refert

294 2574 472 2625 Scaliger
495 2573 545 2612 ad
570 2587 634 2611 eas
657 2586 754 2623 quas
779 2573 996 2622 Eusebius,
1022 2578 1061 2611 et
1091 2585 1141 2610 ex
1173 2585 1219 2610 eo
1250 2573 1437 2621 Senator,
1465 2572 1507 2610 in
1535 2572 1680 2612 chron.
1700 2574 1758 2612 fa.

297 2637 383 2669 ctas
419 2629 557 2669 scribit
590 2628 709 2668 Urbis
741 2630 934 2668 conditae
973 2629 1206 2677 millesimo,
1244 2627 1437 2681 Philippis
1468 2627 1758 2682 imperantibus

146 2695 175 2729 Ρ
199 2693 268 2731 544
300 2701 362 2726 an.
384 2701 428 2725 11.
448 2687 616 2738 Latiique
640 2687 681 2723 in
697 2699 819 2736 campo
843 2687 1036 2724 theatrales
1056 2687 1169 2723 tribus
1186 2686 1308 2723 diebus
1326 2689 1360 2724 et
1385 2687 1498 2723 tribus
1517 2688 1675 2725 noctibus
1691 2701 1757 2739 po—
1774 2720 1777 2721 ⁷

293 2744 382 2794 pulo
405 2744 642 2795 pervigilante
668 2741 844 2779 celebrati.
874 2741 1059 2793 Hincque
1080 2741 1288 2781 concludit
1306 2741 1654 2793 prochronismum
1673 2739 1761 2781 esse'

297 2813 492 2839 annorum
519 2812 647 2839 xxxv.
708 2798 864 2836 Similes
896 2798 1053 2849 vigilias
1090 2813 1135 2837 ac
1166 2797 1283 2837 ludos
1323 2799 1539 2838 celebrasse
1566 2797 1765 2838 Severum

296 2855 450 2896 Auctor
475 2862 535 2898 est
556 2854 805 2896 Herodianus
834 2854 903 2894 lib.
925 2868 985 2895 111.
1013 2868 1114 2907 quos
1144 2855 1196 2894 ad
1221 2856 1480 2895 Consulatum
1508 2854 1690 2903 Chilonis
1715 2860 1758 2895 et
