1820 3276
259 184 358 234 456
824 186 1144 230 NOTAE

259 297 387 337 nitum
417 295 538 335 fuerit
570 293 622 334 ad
653 294 848 334 servanda
879 295 989 334 illius
1017 295 1191 344 cimelia,
1237 300 1284 334 ut
1322 295 1426 335 arcis
1453 296 1627 348 speciem
1657 307 1729 335 re-

259 354 416 400 tulerit,
447 359 567 404 atque
596 352 652 390 ita
681 351 785 391 forte
817 352 1110 405 appellaverint
1139 352 1580 404 Constantinopolitani.

378 412 470 459 Pag.
502 410 598 451 623.
627 411 666 450 6-
723 407 1088 463 Αργυροπρατίων]
1117 409 1460 461 Constantinopol.
1477 406 1629 451 Christ.
1657 408 1728 448 lib.

260 480 306 506 11.
337 471 433 505 sect.
462 478 523 503 111.
558 478 598 503 n.
626 477 696 504 vn.

376 522 472 561 Ibid.
531 520 615 561 Καὶ
642 519 666 561 o‘
695 516 806 567 οἶκος
832 515 1053 572 Συμμᾰχου
1086 515 1168 560 eino*
1201 515 1398 571 Τπάτων]
1438 519 1623 567 Quatuor
1649 519 1729 559 hoc

263 577 423 617 nomine
463 577 656 616 Consules
695 577 921 615 ordinarios
959 577 1000 615 in
1039 576 1202 615 Oriente
1240 578 1471 628 praesertim
1509 582 1732 628 agnoscunt

262 633 396 685 Fasti,
434 648 484 673 ex
522 634 659 673 eadem
698 639 814 684 gente
855 646 1014 680 omnes,
1061 632 1174 685 cujus
1216 639 1379 671 stemma
1419 633 1624 671 contexuit
1652 633 1733 672 Sir.

265 690 438 730 mondus
477 690 519 729 in
559 691 646 728 Not.
686 689 737 727 ad
775 690 947 728 Ennodii
986 689 1054 727 lib.
1089 702 1159 730 v11.
1188 689 1312 741 Epist.
1341 702 1438 729 xxv.
1496 689 1574 728 Sed
1603 689 1732 729 exiis

266 747 356 799 quis
392 746 462 785 hic
498 746 747 796 intelligatur
782 746 1002 794 incertum,
1044 746 1122 783 nisi
1150 759 1233 784 vox
1261 745 1488 794 Exconsule,
1530 751 1733 797 postremo

265 803 530 856 Symmacho,
573 803 643 855 qui
684 816 774 841 cum
814 803 953 841 Boetio
992 802 1142 841 Consul
1179 803 1223 840 in
1252 801 1414 841 Oriente
1443 802 1543 853 fuit,
1583 802 1626 840 id
1656 801 1735 841 ad-

267 860 520 899 scribendum
550 860 737 899 videatur
762 859 942 900 suadere.

383 919 477 967 Pag.
507 919 602 959 623.
632 920 672 958 7.
729 919 778 956 H
810 915 904 970 ἁγία
940 914 1152 967 Ακυλίνα]
1205 914 1546 967 Constantinopol.
1589 914 1734 954 Christ.

266 973 336 1012 lib.
366 986 423 1012 1v.
454 978 550 1012 sect.
580 986 651 1012 vn.
682 986 722 1012 n.
753 986 825 1011 vn.

384 1032 476 1080 Pag.
508 1031 601 1073 623.
631 1031 670 1071 8.
728 1030 918 1083 Εμβολος
945 1030 1018 1068 τοῦ
1042 1023 1199 1080 φόρου]
1241 1026 1342 1066 Ibid.
1373 1025 1441 1065 lib.
1470 1041 1515 1067 11.
1546 1034 1640 1070 sect.
1670 1041 1736 1069 111.

267 1099 308 1125 n.
337 1098 383 1124 11.

386 1144 479 1192 Pag.
510 1143 592 1183 623
639 1143 702 1182 10.
762 1139 848 1180 Επὶ
875 1137 950 1190 τήν
984 1134 1269 1192 Μαγναύραν]
1308 1140 1386 1179 Ubi
1415 1140 1552 1179 extitit
1587 1139 1740 1178 Consi-

269 1198 436 1237 storium
465 1196 700 1246 Justiniani,
730 1197 790 1235 uti
822 1196 1004 1248 pluribus
1037 1196 1296 1248 probavimus
1325 1197 1368 1234 in
1395 1196 1740 1249 Constantinopoli

269 1254 520 1303 Christiana,
546 1253 652 1291 etin
682 1253 976 1304 Disceptatione
1007 1252 1055 1290 de
1084 1251 1315 1291 Hebdomo·
1356 1266 1475 1304 quam
1505 1253 1741 1292 sententiam

267 1318 446 1350 nostram
486 1309 630 1348 astruit
660 1309 892 1361 praesertim
923 1309 1098 1361 Cyrillus
1125 1308 1480 1361 Scythopolitanus
1508 1310 1551 1348 in
1580 1309 1670 1348 Vita
1700 1311 1741 1350 S.

271 1367 396 1406 Sabae
434 1381 522 1419 cap
551 1379 728 1405 Lxxxnl.
770 1379 850 1417 quo
879 1366 972 1404 loco
1001 1365 1056 1403 ait
1082 1365 1346 1404 sastinianum
1377 1380 1468 1405 cum
1497 1365 1742 1405 Triboniano

272 1425 493 1472 Quaestore
531 1423 696 1461 consilia
736 1436 808 1461 sua
847 1422 890 1460 in
929 1422 1146 1473 Magnaura
1189 1421 1383 1473 exegisse:
1438 1425 1521 1463 Τοῦ
1558 1418 1743 1464 τοιούτου

127 1492 157 1526 P
179 1491 250 1528 596
275 1476 563 1531 Θεοφυλοῖκτου
591 1478 710 1532 ’ἡμῶν
738 1477 939 1527 Βασιλέως
970 1478 1014 1519 ἐν
1042 1475 1199 1527 τούτοις
1219 1474 1516 1532 ἀσχολουμένου
1534 1477 1630 1532 μετοῖ
1654 1483 1745 1533 Τρι-

273 1538 498 1591 βουνιανοῦ
526 1539 599 1576 τοῦ
630 1534 867 1589 Κυὲστωρος
896 1534 963 1575 ἐπὶ
991 1533 1065 1587 τὴν
1093 1534 1346 1605 καλουμένην
1377 1533 1646 1590 Μαγναύραν.

390 1597 484 1644 Pag.
514 1596 610 1637 623.
643 1596 708 1636 12.
766 1588 1025 1645 Απονυχιον]
1056 1592 1147 1643 [eg.
1173 1588 1415 1646 ἄπονύχιος,
1446 1599 1565 1645 atque
1585 1591 1641 1631 ita
1664 1591 1747 1632 edi.

274 1650 419 1689 dimus.

388 1706 484 1756 Pag.
515 1707 611 1748 623.
647 1707 710 1747 13-
772 1708 837 1746 Εν
865 1707 922 1761 τῷ
959 1705 1050 1759 ἰδίῳ
1079 1705 1323 1756 καθίσματι]
1365 1705 1410 1743 In
1453 1704 1644 1744 tribunali
1675 1717 1747 1744 seu

275 1763 385 1801 Solio
419 1762 546 1811 Circi,
576 1761 687 1812 quod
725 1761 808 1814 ipse
839 1761 1083 1800 Justinianus
1113 1775 1219 1799 anno
1248 1775 1276 1801 1.
1307 1761 1358 1800 ob
1389 1761 1617 1814 aspicienda
1649 1775 1747 1814 pro-

274 1819 486 1869 bandaque
525 1817 742 1856 certamina
786 1818 1022 1857 eminentius
1063 1818 1290 1869 clariusque
1328 1832 1448 1871 quam
1477 1819 1628 1866 fuerat,
1668 1831 1747 1856 una

276 1889 368 1914 cum
399 1881 569 1925 utraque
602 1876 836 1912 Senatorum
869 1889 916 1913 ex
947 1888 1058 1912 more
1088 1874 1354 1926 spectantium
1381 1874 1564 1927 porticu,
1602 1874 1749 1914 redin-

275 1936 530 1982 tegraverat,
571 1937 617 1968 ut
654 1937 711 1969 est
751 1930 861 1983 apud
898 1931 1174 1969 Marcellinum
1204 1931 1409 1970 Comitem.
1470 1931 1622 1969 Solium
1651 1944 1749 1970 vero

275 1987 385 2026 istud
438 1986 742 2039 Imperatorium
780 1988 979 2038 inspicere
1020 1994 1079 2025 est
1113 1987 1156 2024 in
1198 1986 1404 2039 Diptychis
1448 1986 1750 2037 consularibus,

278 2044 328 2083 de
357 2056 438 2095 quo
467 2049 626 2096 praeter
654 2044 914 2095 Bulingerum
951 2043 1221 2082 consulendus
1251 2043 1487 2083 Sil-mondus
1516 2044 1565 2083 ad
1596 2043 1750 2083 Sidonii

278 2113 437 2139 carmen
469 2113 591 2140 xx111.

395 2157 490 2207 Pag.
522 2158 616 2198 623.
652 2154 715 2197 14.
773 2152 989 2205 Βαστάζων
1017 2153 1063 2197 τό
1092 2152 1365 2210 Εὕαγγέλιον]
1410 2156 1514 2196 Vide
1546 2157 1750 2196 Dissertat.

280 2219 458 2252 nostram
488 2213 537 2251 de
564 2213 795 2250 Numismat.
826 2213 955 2265 Impp.
985 2213 1361 2265 Constantinopolit.
1391 2227 1430 2252 n.
1458 2228 1561 2253 xxu.

395 2270 489 2319 Pag.
520 2272 614 2312 623.
648 2268 710 2311 15.
770 2266 978 2321 Εχώσθη]
1010 2269 1076 2308 Sic
1095 2270 1374 2322 reposuimus,
1409 2283 1500 2309 cum
1517 2270 1669 2310 editum
1687 2283 1750 2309 es-

282 2330 343 2364 set
362 2323 572 2378 ἐγνώσθη,
606 2339 696 2363 cum
717 2331 810 2363 nota
831 2326 976 2364 mendi.

398 2380 492 2431 Pag·
524 2380 619 2423 624.
654 2385 690 2422 1.
750 2379 922 2435 Γάδαρε]
951 2382 1010 2420 Ita
1032 2383 1182 2434 pariter
1201 2381 1514 2433 emendavimus,
1534 2397 1609 2435 pro
1630 2378 1752 2436 σγαῦ-

283 2440 398 2487 δαρι,
435 2450 534 2488 quae
564 2450 646 2475 vox
671 2439 812 2476 asinum
842 2445 957 2476 sonat
988 2439 1099 2490 apud
1127 2440 1300 2477 Graecos
1324 2439 1411 2478 aevi
1433 2439 1658 2489 inferioris,
1690 2439 1751 2478 uti

285 2494 472 2532 docemus
494 2494 536 2531 in
557 2493 685 2531 Gloss.
709 2494 810 2532 med.
836 2494 1008 2533 Graecit.
1027 2494 1072 2531 in
1094 2496 1300 2547 Αείδαρος.
1359 2495 1506 2534 Scribit
1533 2495 1752 2535 ordericus

286 2550 427 2590 Vitalis
454 2550 520 2590 lib.
541 2563 631 2590 vm.
662 2562 748 2601 pag-
767 2553 862 2592 681.
888 2551 1088 2602 quendam
1111 2552 1275 2589 Militem
1294 2552 1614 2602 cognominatum
1633 2553 1751 2604 Caput

287 2610 405 2656 asini,
427 2620 493 2657 pro
523 2607 770 2656 magnitudine
795 2609 925 2657 capitis
951 2611 983 2645 et
1012 2610 1168 2656 congerie
1196 2608 1417 2658 capillorum.
1477 2608 1597 2660 Apud
1616 2608 1752 2647 Theo-

286 2662 458 2716 phanem
486 2676 547 2701 an.
566 2675 611 2703 11.
642 2662 783 2700 Leonis
811 2662 957 2710 Isauri,
989 2663 1125 2700 nescio
1157 2665 1266 2714 quis,
1298 2670 1336 2702 et
1365 2664 1466 2703 alius
1491 2666 1597 2717 apud
1628 2665 1752 2704 Nice-

287 2719 460 2772 phorum
497 2718 835 2770 Constantinopol.
867 2719 908 2756 in
938 2692 1053 2757 ᾗκεν.
1083 2732 1173 2771 pag.
1199 2722 1288 2762 168
1309 2733 1335 2758 1.
1355 2721 1449 2759 edit.
1474 2718 1752 2774 Ονομᾶγουλοι

288 2774 554 2826 cognominati
576 2777 637 2826 leg
617 2783 772 2814 ⁰.untur
830 2775 899 2813 Est
928 2782 1057 2814 autem
1088 2772 1289 2828 μάγουλον
1320 2776 1483 2817 Graecis
1512 2778 1751 2817 lecentiori-

290 2832 363 2871 bus
393 2833 564 2882 nmxilla,
593 2846 723 2883 genae,
753 2831 815 2872 vel
843 2833 963 2871 bucca.
1022 2831 1100 2871 Sed
1128 2846 1177 2871 an
1200 2831 1397 2885 ejus-nodi
1418 2835 1542 2874 fuerit
1557 2834 1753 2874 sastinia-
