1884 3262
501 229 561 272 IN
594 225 924 274 CHRONICON
956 227 1246 276 PASCHALE.
1503 230 1605 277 323

250 337 344 388 Pag-
373 336 468 381 468.
503 338 567 381 15.
625 337 803 392 Αφανής
839 337 1081 394 γενόμενος]
1128 339 1262 380 Instar
1303 338 1487 385 Romuli,
1535 340 1608 393 qui
1633 349 1662 384 P
1688 349 1758 387 533

135 394 337 433 Nonarum
370 394 576 433 Juniarum
606 394 670 434 die
695 399 737 434 in
766 399 871 435 tern‘s
897 411 966 436 mm
985 400 1178 449 apparuit,
1207 396 1338 448 inquit
1355 397 1606 450 Lampridius

134 451 177 489 in
204 451 446 501 Commodo,
476 463 571 502 seu,
596 456 642 491 ut
673 458 733 491 est
761 453 803 492 in
832 452 995 506 Sylloge
1011 454 1164 494 Histor.
1185 453 1474 505 Scaiigerianaz
1503 454 1606 504 ἐξαί-

136 520 243 560 φνης
272 506 446 563 μεγάλης
475 507 568 560 περὶ
601 506 674 550 ‘cciv
701 505 799 563 ἆέρα
825 513 979 562 τροπῆς
1007 510 1226 564 γενομένης
1255 507 1418 562 ἀφανής
1435 509 1604 565 ἐγένετο,

135 565 200 603 vel
234 565 407 616 denique
441 571 485 603 ut
513 565 796 618 Empedocles,
828 580 946 618 quem
968 565 1199 618 φιλοσόφου
1215 570 1373 606 nomine
1393 567 1461 606 hic
1479 567 1606 608 intel—

135 621 205 672 ligi
231 622 560 668 existimaverim‚
594 625 663 675 qui
694 623 875 661 convivis
906 623 948 661 in
978 637 1162 662 somnum
1196 619 1321 674 datis,
1352 631 1513 676 postero
1542 625 1608 665 die

134 679 246 716 solus
267 692 317 717 ex
335 678 384 718 iis
405 679 677 729 desideratus,
709 692 786 732 pro
808 679 891 718 Deo
915 679 1077 718 habitus
1098 687 1169 723 est.
1230 681 1307 719 Sed
1330 681 1436 720 unde
1456 679 1607 721 hause-

133 735 188 773 rit
215 735 398 787 Scriptor
431 735 631 775 Chronicix
648 748 751 789 quae
774 737 824 776 de
849 737 1064 776 Domitiani
1084 733 1264 794 ἀφανείᾳ
1282 737 1443 790 scribit,
1473 737 1606 778 nescio

134 806 182 830 an
199 792 266 830 alii
286 792 512 834 indicarint.
1392 820 1395 823 ν

245 847 340 900 Pag.
371 850 470 893 468.
502 850 570 892 20.
630 846 884 902 Κανδήλων]
926 849 1035 897 Quid
1064 848 1167 889 haec
1194 863 1279 889 vox
1307 849 1504 902 significet
1535 851 1607 891 do·

133 904 286 943 enimus
312 907 351 944 in
378 912 551 958 utroque
583 904 798 947 Glossario.
859 905 1074 945 Adhibita
1088 919 1184 946 vero
1204 908 1392 946 lucernas
1418 909 1606 960 facesque

130 961 172 999 in
191 962 362 1001 Deorum
384 963 497 1001 cultu
516 962 729 1001 observant
747 963 937 1002 Tatisnus
955 963 1026 1004 lib.
1047 970 1189 1003 contra
1209 964 1385 1003 Graecos
1405 977 1494 1017 pag.
1511 967 1605 1008 110.

130 1023 171 1057 et
198 1018 263 1056 alii
286 1033 386 1071 quos
407 1019 545 1058 laudat
570 1020 728 1072 Lipsius
748 1019 819 1060 lib.
844 1033 872 1060 1.
893 1020 1065 1062 Elector.
1089 1034 1177 1074 cap.
1200 1033 1258 1062 ιν.
1285 1021 1411 1074 idque
1434 1022 1608 1061 adstruit

129 1081 245 1114 vetus
263 1076 481 1129 Inscriptio
503 1077 611 1129 apud
631 1077 852 1115 Gruterum
866 1088 1041 1119 zxxvm.
1059 1078 1099 1120 3.

243 1133 336 1184 Pag.
368 1136 463 1177 469.
493 1135 534 1177 5.
594 1137 703 1182 Ετος
723 1129 797 1185 α’.]
830 1134 885 1173 De
911 1140 1097 1187 tempore
1128 1133 1291 1186 imperii
1313 1134 1466 1173 Nervae
1491 1147 1606 1186 egere

129 1189 306 1240 Scaliger
332 1190 401 1231 lib.
419 1203 458 1229 v,
486 1190 535 1230 de
557 1190 766 1232 Emendat.
786 1196 909 1243 temp.
931 1204 1026 1246 pag.
1049 1192 1144 1234 487.
1165 1197 1204 1230 et
1226 1191 1413 1232 Petavius
1433 1191 1484 1231 ad
1502 1192 1608 1245 Epi-

128 1245 247 1298 phan.
267 1258 357 1298 pag.
375 1249 474 1290 388.

243 1303 339 1354 Pag.
370 1304 466 1347 469.
500 1306 540 1346 6.
599 1304 765 1355 Νερουᾶ
791 1297 1058 1356 Αὐγούστου]
1095 1301 1291 1341 Addenda
1319 1303 1437 1342 litera
1467 1314 1605 1343 nume-

128 1360 223 1399 ralis
243 1356 293 1414 γ’,
323 1366 369 1398 ut
399 1360 441 1398 in
472 1356 601 1398 Fastis
627 1358 819 1397 Idatianis
838 1364 880 1398 et
900 1358 1012 1408 aliis,
1039 1358 1118 1397 nisi
1132 1357 1234 1411 quae
1254 1359 1498 1399 describitur
1511 1366 1607 1413 post

127 1429 271 1455 vocem
311 1412 504 1468 Ρούφου,
541 1416 594 1455 ad
629 1422 847 1468 utrumque
887 1415 1094 1468 pertineat.
1161 1415 1238 1454 Hic
1269 1430 1392 1468 porro
1420 1417 1606 1456 observat

127 1473 303 1525 Scaliger
330 1486 421 1526 pag.
445 1473 541 1517 488.
566 1479 679 1512 recte
704 1471 784 1511 hoc
810 1473 904 1511 loeo
935 1485 1062 1511 unum
1091 1485 1166 1524 par
1192 1473 1412 1512 Consulum
1437 1473 1605 1513 attribui

62 1552 74 1556 ,
126 1530 300 1583 Imperio
323 1530 477 1570 Nervae
490 1559 501 1579 ,
532 1536 675 1569 contra
696 1542 816 1582 quam
836 1530 878 1567 in
898 1528 1030 1569 Fastis
1049 1528 1261 1581 Onuphrii.
1321 1530 1508 1582 Alioqui,
1539 1531 1605 1569 in-

127 1588 238 1640 quit,
268 1594 431 1639 praeter
458 1599 515 1627 xv.
543 1599 698 1626 menses
728 1600 808 1626 non
838 1598 1008 1637 annum,
1037 1586 1112 1626 sed
1136 1586 1343 1625 biennium
1370 1587 1604 1640 imperasse.

125 1643 173 1683 ld
191 1650 310 1695 negat
330 1644 515 1683 Petavius
538 1643 588 1682 ad
614 1642 809 1696 epiphan.
829 1657 872 1696 p-
894 1646 991 1687 389.
1049 1642 1137 1683 Hos
1163 1643 1352 1692 consule,
1385 1650 1432 1683 ut
1457 1650 1497 1683 et
1521 1643 1604 1683 No-

124 1701 266 1741 risium
283 1701 328 1739 in
347 1699 475 1754 Epist.
495 1700 703 1740 consulari
720 1714 762 1754 p·
782 1701 850 1743 57.
911 1699 990 1739 Hic
1000 1713 1127 1753 porro
1147 1700 1385 1740 Consulatus
1404 1700 1604 1740 omittitur

125 1773 149 1796 a
167 1758 383 1810 Prospero·

129 1823 131 1825 ’
239 1815 334 1866 Pag.
362 1814 457 1859 469.
485 1817 530 1856 7.
586 1809 703 1854 Κατοὶ
721 1814 866 1855 τοῦτον
882 1809 956 1853 τόν
973 1807 1149 1867 χρόνον]
1177 1812 1238 1851 Ex
1259 1811 1460 1852 Chronico
1479 1813 1603 1853 Euse-

122 1869 203 1922 bii,
233 1871 302 1910 ubi
320 1872 508 1922 Scaliger.

237 1928 331 1979 Pag·
361 1928 457 1972 469.
488 1931 554 1970 10.
615 1921 786 1978 Μάνης]
806 1925 950 1966 Euseb.
966 1924 1037 1966 lib.
1049 1938 1124 1966 vn.
1142 1925 1242 1967 nist.
1261 1926 1371 1966 Eoel.
1383 1939 1601 1980 cap.xxx1.

125 1991 166 2025 et
190 1984 248 2024 ibi
271 1985 393 2026 Henr.
416 1984 596 2025 Valesius
604 1996 616 2034 5
646 1989 687 2023 et
706 1980 776 2022 alii
794 1983 953 2036 passim.

236 2042 330 2093 Pag.
361 2042 458 2086 469.
492 2045 559 2085 12.
616 2035 906 2092 Εσιωλύθησαν
924 2038 967 2080 οἰ
985 2035 1261 2091 Μονομᾶχοι]
1295 2038 1367 2078 Dio
1397 2038 1506 2091 apud
1526 2038 1599 2077 Xi-

123 2098 321 2153 philinum
332 2132 344 2151 ,
374 2099 424 2139 de
442 2099 593 2138 Nerva:
623 2092 775 2146 πολλάς
794 2112 836 2138 τε
855 2096 1136 2150 ἱπποδρομίας,
1166 2093 1292 2143 ἄλλοις
1306 2110 1348 2137 τε
1365 2096 1469 2145 θέας
1485 2093 1600 2145 τινᾶς

49 2155 51 2158 ’
122 2155 324 2197 κατέλυσε.

238 2213 333 2263 Pag.
359 2210 456 2255 469.
486 2210 553 2255 14.
613 2205 755 2264 119621'
773 2208 900 2261 Kal-J
928 2209 1020 2260 Leg.
1039 2204 1084 2255 ς’.

238 2269 334 2320 Pag.
363 2267 460 2312 469.
492 2269 556 2310 16.
616 2270 703 2319 Ετη
737 2263 832 2318 ιθ’.]
859 2267 918 2305 De
950 2265 1063 2304 annis
1090 2263 1250 2317 Trajani
1278 2269 1402 2316 agunt
1420 2262 1598 2314 Scaliger

125 2325 196 2366 lib.
216 2339 255 2366 v.
280 2337 369 2378 pag.
393 2325 490 2368 487.
514 2329 555 2363 et
575 2323 764 2363 Petavius
782 2323 836 2362 ad
853 2321 1050 2376 Epiphan.
1070 2334 1165 2374 pag.
1185 2324 1281 2365 389.

238 2383 332 2434 Pag.
362 2381 459 2425 469.
490 2383 558 2424 17.
621 2382 824 2433 Τραϊανοῦ
841 2376 949 2433 Av’y-
971 2375 1129 2432 μόνον]
1157 2378 1264 2418 Fasti
1296 2375 1439 2417 Idatii:
1468 2373 1595 2415 Nerva

123 2453 184 2479 111.
207 2444 243 2478 et
266 2440 432 2489 Trojano
450 2451 495 2477 11.
518 2437 689 2491 Prosper
704 2451 765 2477 111.

239 2495 334 2547 Pag.
363 2495 460 2540 469.
490 2498 556 2539 18.
612 2492 884 2545 Σενεκίωνος]
913 2491 972 2531 Ita
987 2491 1098 2531 Fasti
1114 2504 1262 2531 omues.
1292 2488 1466 2539 Idatiaui
1485 2487 1594 2527 MSS.

125 2550 281 2593 Senecio.

237 2609 333 2661 Pag-
361 2608 456 2652 469.
488 2610 553 2650 19.
618 2605 871 2658 Ποντιανοῦ]
900 2604 1019 2646 μῘῑεειῐί
1045 2604 1151 2644 lant.
1183 2605 1345 2645 Pmtino.
1407 2600 1593 2664 Prosper,

125 2662 327 2705 Victorius
344 2672 384 2705 et
404 2666 594 2715 Senator,
619 2663 807 2703 Frontone.
864 2661 947 2702 Sed.
964 2661 1138 2701 Frmtino
1154 2659 1365 2712 legendum
1388 2654 1595 2696 contendit

126 2722 305 2761 Norisius
324 2735 375 2762 ex
400 2724 611 2775 Anonymo
629 2718 870 2774 cuspiniani.
927 2717 1050 2758 Hunc
1074 2718 1140 2758 adi
1162 2730 1253 2771 pag.
1276 2716 1344 2758 69.

239 2778 336 2830 Pag·
366 2778 461 2821 470.
488 2782 528 2820 2.
590 2779 794 2832 Τραϊανοῦ
809 2772 915 2830 Ay.
929 2773 977 2818 τὸ
994 2772 1066 2832 72]
1098 2775 1192 2826 Lsg.
1210 2769 1260 2814 δ’.
1290 2784 1342 2813 ex
1358 2769 1610 2823 Spartianus

131 2833 294 2884 Trajano
314 2838 441 2886 quater
458 2839 492 2874 et
512 2835 727 2875 Arunculeio
744 2834 855 2875 Paeto
878 2831 974 2873 Coss.
