1884 3262
573 189 846 233 ,CHRONICI
880 189 1186 251 PASCHALIS.
1527 189 1624 237 125

255 313 343 341 mx.
402 300 650 353 Epaenetus‚
681 300 797 354 cujus
826 300 1009 340 meminit
1035 300 1255 354 Apostolus
1284 300 1327 338 in
1357 300 1537 354 Epistola
1568 303 1621 343 ad

143 358 367 406 Romanos,
397 357 467 409 qui
498 363 538 395 et
570 357 793 410 Episcopus
825 358 1044 409 cartaginis
1074 357 1218 397 extitit.

256 428 328 454 xx.
388 413 644 453 Andronicus
662 443 674 464 ,
719 415 835 468 cujus
883 415 1064 453 meminit
1100 415 1319 467 Apostolus
1359 415 1404 454 in
1439 416 1618 468 Epistola

146 470 198 509 ad
220 472 440 518 Romanos,
472 471 541 523 qui
572 478 611 510 et
638 471 853 524 Hispaniae
878 472 1103 524 Episcopus
1135 473 1224 511 suit.

259 542 344 566 xm.
404 528 607 581 Aniplias,
650 529 765 582 cujus
805 529 925 568 etiam
961 529 1143 567 meminit
1170 530 1211 566 in
1243 529 1424 581 Epistola
1455 530 1505 570 ad
1536 533 1619 570 Ro-

144 591 302 635 manos,
333 586 402 637 qui
432 592 470 623 et
499 586 723 638 Episcopus
756 585 904 638 Odyssi
929 585 1018 624 fuit.

255 655 359 684 ΗΠ,
418 642 634 691 Urbanus,
686 643 802 694 cujus
848 643 1003 694 pariter
1051 644 1230 682 meminit
1264 644 1308 682 in
1349 644 1529 696 Epistola
1571 646 1621 684 ad

142 699 367 748 Romanos,
399 700 469 751 qui
499 699 755 739 Macedoniae
783 700 1012 752 Episcopus
1043 703 1187 740 extitit.

254 769 377 794 xxm.
435 756 633 808 Stachys‚
664 756 778 807 cujus
801 756 969 809 perinde
998 758 1239 797 mentionem
1271 758 1352 809 agit
1380 757 1422 795 in
1440 759 1622 810 Epistola

141 812 192 850 ad
223 814 446 862 Romanos,
479 827 597 865 quem
626 814 806 852 Andreas
837 814 1083 866 Apostolus,
1110 816 1207 854 dum
1237 815 1450 853 Ponticum
1480 818 1622 855 enavi-

140 875 249 920 garet
278 869 697 923 mrre,Argy10poli
727 870 921 910 Thraciae
952 871 1194 925 municipio,
1238 872 1421 924 Byzantii
1449 873 1622 925 Episco-

140 940 239 979 pum
270 926 490 966 constituit.

254 998 367 1023 xxlv.
417 983 603 1036 Apelles,
647 984 697 1024 de
735 998 817 1036 quo
854 983 958 1023 idem
989 985 1208 1037 Apostolus
1239 985 1420 1026 meminit
1443 986 1485 1025 in
1516 987 1624 1041 Epi-

140 1040 242 1079 stola
277 1041 330 1079 ad
357 1042 582 1092 Romanos,
613 1041 682 1094 qui
714 1048 755 1080 et
784 1041 997 1080 Heracleae
1026 1043 1251 1096 Episcopus
1280 1044 1368 1082 fuit.

251 1112 350 1137 Ην.
407 1097 652 1150 Phugellus,
683 1098 905 1137 Simoniaca
922 1097 1079 1138 haeresi
1099 1100 1291 1151 infectus,
1321 1101 1392 1153 qui
1414 1108 1453 1141 et
1471 1101 1618 1156 Ephesi

136 1155 362 1209 Episcopus
391 1155 480 1194 fuit.

248 1225 366 1252 xxVI.
423 1212 718 1276 Hermogenes?
750 1214 821 1264 qui
843 1214 1015 1279 Megaris
1039 1214 1264 1267 Episcopus
1282 1221 1344 1253 est
1365 1215 1589 1256 ordinatus.

248 1270 612 1317 xxv11.1›emas‚
650 1270 766 1321 cujus
805 1271 986 1310 meminit
1021 1272 1246 1324 Apostolus
1284 1272 1327 1310 in
1358 1274 1535 1312 secunda
1566 1274 1618 1313 nd

135 1326 388 1365 Timotheum
430 1326 636 1378 Epistola,
694 1326 901 1366 Christum
943 1329 1185 1379 abnegavit,
1238 1343 1285 1367 ac
1321 1329 1540 1382 Phugellus
1582 1338 1624 1370 et

134 1383 403 1435 Hermogenes
433 1384 519 1436 ejus
550 1382 774 1421 doctrinam
802 1367 895 1422 suiit
925 1385 1115 1437 amplexi.
1164 1387 1304 1425 Demas
1334 1399 1430 1426 vero
1467 1389 1618 1427 saeculi

132 1440 254 1493 hujus
286 1453 420 1479 amore
449 1440 690 1491 Evangelico
729 1441 856 1480 verbo
895 1441 1122 1491 derelicto,
1158 1443 1366 1482 idolorum
1394 1445 1526 1484 factus
1556 1451 1619 1485 est

134 1496 362 1547 Sacerdos,
400 1497 450 1536 de
482 1511 562 1549 quo
589 1498 760 1536 Joannes
790 1498 1010 1551 Apostolus
1038 1498 1139 1538 haec
1169 1500 1353 1553 scripsit.
1391 1501 1458 1542 Ex
1486 1506 1619 1542 nostris

133 1557 268 1606 egressi
296 1558 404 1603 sunt,
430 1555 492 1592 sed
520 1568 592 1592 non
620 1559 726 1593 erant
753 1569 798 1593 ez
827 1558 970 1594 nostris.

245 1611 813 1670 xxv111.Ampeles,qu‘us
844 1614 963 1651 etiam
994 1613 1175 1652 meminit
1205 1613 1458 1665 Apostolus
1446 1629 1487 1654 in
1514 1616 1617 1669 Epi-

134 1669 237 1709 stola
278 1668 329 1706 ad
370 1669 572 1707 Romanos
594 1699 606 1718 ‚
662 1668 696 1707 is
743 1664 938 1722 S'mynnae
977 1676 1069 1709 ante
1108 1672 1302 1709 Sanctum
1345 1672 1615 1726 Polycarpum

134 1726 422 1780 Episcopatum
455 1725 643 1766 obtinuit.

247 1797 364 1824 xx1x.
423 1782 704 1831 Aristobulus,
735 1781 850 1834 cujus
876 1784 1031 1835 pariter
1056 1783 1101 1821 in
1132 1783 1309 1836 Epistola
1333 1785 1384 1824 ad
1412 1787 1623 1827 Romanos.

134 1840 318 1880 meminit
350 1840 592 1893 Apostolus,
624 1838 695 1892 qui
722 1839 954 1879 Britanniae
984 1840 1062 1879 fuit
1093 1841 1333 1894 Episcopus.

247 1911 350 1936 xxx.
407 1896 650 1945 Narcissus,
693 1896 809 1949 cujus
842 1897 1010 1949 perinde
1049 1898 1228 1937 meminit
1262 1898 1303 1936 in
1341 1899 1522 1952 Epistola
1563 1901 1614 1940 ad

135 1956 357 2004 Romanos,
388 1954 458 2006 qui
487 1954 526 1993 'et
553 1953 800 1993 Athenarum
829 1955 1056 2007 Episcopus
1087 1956 1234 1995 extitit.

248 2026 364 2051 xxm.
420 2010 654 2061 Herodiun,
694 2010 810 2064 cujus
853 2012 1032 2059 meminit
1073 2012 1295 2064 Apostolus
1338 2012 1382 2052 in
1429 2014 1616 2067 Epistola

134 2069 185 2108 ad
216 2070 439 2118 Romanos,
469 2068 539 2120 qui
569 2074 610 2107 et
639 2068 850 2121 Patrarum
878 2069 1104 2122 Episcopus
1134 2070 1226 2109 fuit.

246 2140 385 2165 xxxn.
435 2124 620 2176 Agabus,
664 2124 780 2177 cujus
809 2126 958 2165 mentio
996 2125 1042 2165 fit
1078 2126 1122 2164 in
1158 2127 1268 2166 Actis
1306 2126 1612 2179 Apostolorum,

135 2183 203 2236 qui
232 2189 270 2222 et
299 2180 540 2235 prophetica
571 2181 696 2232 gratia
725 2181 870 2220 donari
898 2183 1058 2222 meruit.

247 2253 403 2279 xxxm.
461 2240 614 2288 Rufus,
640 2236 772 2289 ‘cujus
810 2239 854 2276 in
893 2240 1076 2292 Epistola
1114 2239 1164 2278 ad
1197 2241 1397 2279 Romanos
1434 2241 1613 2282 meminit

134 2296 378 2350 Apostolus,
410 2296 479 2348 qui
514 2302 553 2334 et
581 2295 806 2335 Thebarum
836 2295 913 2334 fuit
940 2296 1182 2348 Episcopus.
1238 2301 1241 2306 '
1272 2308 1279 2318 ’

247 2367 392 2394 xxx1v.
450 2353 715 2405 Asyncritus,
759 2353 875 2403 cujus
903 2353 1054 2391 mentio
1083 2353 1127 2392 fit
1155 2353 1198 2392 in
1230 2353 1411 2407 Epistola
1439 2354 1491 2393 ad
1527 2355 1611 2394 Ro—

135 2425 296 2461 manos,
329 2411 398 2464 qui
428 2416 468 2450 et
498 2410 692 2449 Urbaniae
720 2409 965 2463 Episcopus*
983 2409 1072 2450 suit.
