1820 3276
243 201 346 250 390
816 199 1209 244 NOTAE·

228 311 468 360 Theodora,
498 316 538 350 et
563 309 709 349 Thecla
735 309 948 362 Theophili
965 309 1065 362 Imp.
1082 309 1220 349 liberis
1243 309 1550 362 imperantibus:
1580 311 1720 351 ΑΝΑ-

246 370 456 410 ΝΕΩΘΗ
481 367 668 407 ΟΥΤῼΟ
695 367 874 408 HOAIC
906 369 1097 408 TAYTH
1118 369 1230 406 ΕΠΙ
1257 369 1488 415 ΜΙΧΑΗΛ
1510 368 1720 407 ΘΕΟΔῼ-

247 425 351 466 PAC
377 426 486 464 ΚΑΙ
510 424 740 464 ΘΕΚΛΗΟ
763 424 869 464 OYC
891 423 1256 464 ΕΔΙΚΑΙῼΟΕΝ
1276 424 1349 463 KG
1369 423 1728 465 BACIAEYEIN

246 483 361 521 EHI
388 480 491 520 THC
518 483 556 519 Γ
550 479 635 519 HC

358 536 453 587 Pag·
483 537 577 580 555-
609 534 676 578 14
740 535 991 589 Τριβοῦνον]
1022 535 1284 583 Scutariorum,
1314 540 1362 574 ut
1391 540 1449 573 est
1478 535 1588 588 apud
1618 536 1722 576 Oro-

244 594 360 633 sium.
419 592 495 632 Sed
525 592 575 631 de
604 591 682 632 hac
713 593 884 633 Tribuni
912 592 1117 643 dignitate,
1147 604 1225 643 qua
1255 604 1352 644 prae
1383 592 1553 631 caeteris
1583 593 1721 633 donati

245 651 436 690 dicuntur
467 650 721 689 Constantius
751 649 937 699 Chlorus,
968 649 1250 688 Constantinus
1274 648 1325 687 M.
1345 653 1385 686 et
1404 648 1722 700 Valentinianus,

244 707 430 760 pluribus
459 712 626 756 egerunt
655 706 945 746 Gotthofredus
976 706 1027 744 ad
1054 705 1294 756 Philostorg.
1324 704 1392 745 lib.
1423 717 1497 746 vn.
1528 719 1618 759 cap.
1645 718 1720 746 vn.

243 763 442 804 Henricus
476 762 656 802 Valesius
685 764 737 803 ad
768 763 959 803 Ammian.
991 769 1030 801 et
1061 762 1139 801 alii.

337 818 578 870 Pag.555.
611 822 677 863 19
735 823 800 861 Εν
831 818 1008 874 Νικαίᾳ]
1047 818 1240 861 Ammian
1271 817 1342 856 lib.
1368 830 1487 856 xxvi.
1515 792 1722 871 Eunapius

242 877 285 915 in
323 876 508 928 Excerpt.
548 876 597 914 de
636 877 769 928 Legat.
806 875 1045 927 Philostorg.
1087 875 1154 914 lib.
1184 888 1272 914 vm.
1305 887 1511 927 cap.v111.
1541 875 1722 915 Zosimus

241 932 312 972 lib.
342 947 401 974 111.
433 933 547 973 Extr.
577 938 652 971 etc.

355 989 450 1028 Ibid.
510 987 600 1042 1190*
630 986 694 1041 ε’.]
725 1002 780 1030 vl.
810 988 897 1028 Kal.
926 989 1081 1027 Socrat.

359 1046 455 1096 Pag·
484 1044 579 1089 555.
609 1048 677 1088 20.
739 1042 1094 1095 Οὐαλεντινιανὸς]
1135 1044 1192 1083 De
1230 1043 1347 1082 i'nitio
1377 1042 1537 1096 Imperii
1565 1042 1723 1083 Valen-

244 1102 386 1141 tiniani
415 1102 651 1141 consulendi
678 1102 856 1152 Scaliger
883 1101 951 1140 lib.
975 1113 1014 1140 v.
1046 1106 1086 1140 et
1114 1101 1300 1140 Patavius
1328 1100 1723 1153 lib.x1.cap.11.1v.

359 1159 455 1209 Pag
485 1158 581 1201 555
612 1161 682 1201 21.
740 1161 829 1210 Ετη
860 1154 924 1198 ιδ’.
937 1157 951 1209 ]
980 1158 1071 1208 Leg.
1104 1153 1169 1198 ια’.

355 1215 451 1265 Pag
481 1215 578 1258 556.
609 1217 648 1258 8.
708 1217 773 1268 Πρ
777 1230 797 1255 o
828 1209 861 1255 δ’
891 1213 1010 1266 Καλ.]
1042 1213 1104 1252 Ita
1135 1212 1308 1252 Idatius.
1342 1217 1385 1251 et
1403 1210 1636 1252 Ammianus
1653 1211 1725 1252 lib.

242 1283 360 1311 xxvi.
400 1285 438 1310 v.
476 1271 566 1312 Kal.
603 1270 733 1322 April.
752 1231 914 1309 Qdiebus
950 1283 990 1309 v
1027 1275 1119 1323 post
1155 1267 1504 1320 inaugurationem
1538 1268 1725 1309 Valenti-

241 1328 364 1369 niani
416 1329 600 1366 Socrates
636 1327 706 1380 lib.
737 1339 794 1366 ιν.
826 1340 913 1379 cap.
938 1340 967 1366 1.

356 1383 454 1435 Pag.
485 1384 578 1428 556.
609 1386 648 1426 9.
708 1386 774 1424 Ην
804 1380 1026 1435 Λρειανὸς]
1068 1382 1127 1421 De
1164 1381 1409 1421 Arianismo
1428 1380 1611 1422 Valentis
1646 1380 1727 1433 egit

241 1454 339 1494 prae
369 1441 538 1481 caeteris
566 1439 817 1509 Epiphanius
847 1439 1294 1479 Haer.1.x1x.n.xm

357 1497 454 1548 Pag
483 1496 677 1541 656-14
738 1493 1081 1538 Ουαλεντινιανοῦ
1109 1494 1178 1536 καὶ
1210 1490 1454 1549 Ουᾶλεντος]
1484 1493 1629 1534 Nescio
1651 1505 1726 1535 cnr

241 1553 507 1619 Theophanes
537 1561 577 1593 et
608 1554 803 1605 Georgius
837 1552 1056 1592 Monachus
1089 1551 1248 1600 dicant,
1276 1551 1601 1591 Valentinianum
1632 1554 1726 1590 sta-

237 1611 311 1650 tim
347 1617 468 1663 atque
504 1611 726 1664 Imperium
762 1610 933 1663 adeptus
974 1616 1058 1659 est,
1097 1609 1335 1648 Gratianum
1364 1607 1491 1648 filium
1523 1622 1724 1650 κοινωνον

239 1670 313 1720 τῆς
341 1669 550 1716 Βασιλείας
578 1667 648 1708 καὶ
678 1671 839 1708 Τπατον
869 1666 1030 1715 fecisse,
1064 1679 1155 1705 cum
1183 1671 1399 1718 utrumque
1428 1665 1575 1704 falsum
1603 1664 1669 1704 sit.
1775 1660 1779 1663 ’

241 1779 268 1819 d
355 1724 450 1775 Pag
482 1725 577 1768 556
607 1727 674 1766 20
735 1719 995 1780 Αντάρτης]
1009 1723 1068 1762 Ita
1112 1722 1301 1774 Scaliger.
1339 1721 1594 1776 Λνταρθεὶς,
1639 1721 1734 1760 Ra·-

270 1793 375 1821 erus.

353 1836 449 1887 Pag.
479 1835 574 1878 557
607 1838 645 1876 1.
707 1835 945 1887 Νακολίας]
993 1835 1073 1874 Sic
1087 1835 1249 1887 ‘pariter
1289 1834 1510 1885 Scaliger,
1550 1844 1643 1873 cum
1677 1833 1724 1872 in

240 1892 417 1932 editione
446 1891 669 1931 Raderiana
696 1904 821 1944 prave
851 1891 1007 1931 editum
1029 1897 1130 1930 esset
1151 1891 1337 1939 Σκολίας.
1375 1887 1606 1932 Νακόλειαν
1624 1889 1723 1929 scri-

244 1949 307 1988 bit
339 1947 627 2002 Theophanes,
670 1956 710 1988 et
747 1949 898 1987 Notitia
934 1948 1076 1987 Leonis
1106 1948 1206 2000 Imp.
1267 1947 1329 1986 Ad
1359 1947 1564 1986 Nacoliam
1595 1960 1722 2000 porro

241 2005 440 2059 Phrygiae
479 2005 671 2044 Salutaris
710 2004 926 2058 oppidum,
964 2011 1127 2057 captum
1160 2003 1400 2057 Procopium
1423 2009 1596 2044 ,narrant
1623 2003 1723 2043 Am·

243 2062 400 2102 mianus
428 2062 497 2102 lib.
526 2076 646 2101 xxm.
691 2063 876 2100 Socrates
904 2060 976 2100 lib.
1007 2074 1064 2100 1v.
1097 2074 1184 2114 cap.
1214 2075 1253 2100 v.
1290 2062 1534 2100 Sozomenus
1561 2060 1633 2100 lib.
1664 2073 1721 2101 vx.

243 2133 330 2172 cap.
361 2132 452 2159 vm.
496 2119 691 2177 Zosimus
707 2118 777 2158 lib.
806 2128 867 2158 1v.
897 2131 985 2170 pag.
1015 2120 1114 2160 739.
1146 2124 1185 2156 et
1214 2117 1292 2156 alii.

356 2175 453 2227 Pag
483 2176 579 2219 557.
609 2178 650 2218 2.
710 2171 799 2229 Πρὸ
820 2170 872 2227 ιβ’
893 2174 1011 2227 Καλ.]
1042 2174 1195 2213 Idatius
1222 2174 1266 2213 in
1295 2166 1420 2213 Fastis
1443 2184 1603 2213 caesum
1622 2173 1724 2219 Pro-

242 2232 406 2285 copium
450 2233 507 2272 ait
545 2245 603 2272 v1.
640 2232 730 2272 Kal.
773 2231 849 2271 Jul.
885 2231 1028 2270 iisdem
1070 2231 1180 2271 Coss.
1237 2230 1342 2271 Vide
1375 2229 1630 2272 Gotthofred.
1672 2229 1724 2269 ad

241 2289 483 2340 Philostorg.
517 2289 588 2327 lib.
619 2302 676 2328 1x.
713 2301 801 2340 cap.
833 2301 873 2327 v.

91 2349 123 2380 V
149 2345 218 2384 496
356 2345 451 2395 Pag.
483 2344 578 2388 557.
607 2347 648 2388 3.
709 2345 924 2398 Ιοβιανοῦ]
967 2344 1028 2383 Ita
1056 2344 1140 2383 Lex
1168 2358 1230 2385 111.
1261 2343 1358 2385 cod.
1392 2340 1545 2382 Theod.
1575 2341 1626 2381 de
1652 2341 1724 2381 In·

240 2402 348 2453 dulg.
379 2401 500 2439 erim.
544 2402 652 2440 Fasti
685 2408 726 2441 et
762 2402 845 2440 Lex
880 2413 938 2440 x1.
968 2400 1056 2440 eod.
1086 2400 1184 2439 Cod.
1213 2399 1264 2439 de
1292 2400 1386 2439 Jure
1415 2399 1542 2450 Fisci,
1583 2400 1723 2439 Iovino.

239 2460 287 2498 In
315 2459 418 2510 Lege
445 2471 542 2496 vero
572 2471 634 2497 111.
663 2458 713 2496 de
741 2457 953 2496 Ponderat.
980 2457 1049 2496 hic
1079 2457 1318 2496 Consulatus
1347 2456 1406 2494 sic
1453 2455 1722 2508 consignatur,

241 2516 284 2555 Ρ.
315 2515 356 2555 C.
386 2514 563 2553 Gratiani
587 2519 622 2553 et
651 2515 860 2566 Dagalaifi.

354 2570 449 2622 Pag.
480 2569 575 2614 557.
603 2569 642 2612 4.
704 2567 915 2618 Χάλαζαν]
961 2546 1112 2609 Saxeae
1151 2568 1267 2608 istius
1309 2567 1514 2618 grandinis
1558 2573 1722 2621 praeter

239 2628 341 2668 Idat.
367 2634 407 2668 et
436 2627 534 2678 alios
564 2627 743 2667 meminit
773 2626 1088 2679 Albupharaijus
1116 2625 1157 2664 in
1189 2626 1353 2677 Dynast.

88 2683 117 2717 P
146 2684 215 2719 567
354 2684 450 2735 Pag.
478 2672 577 2727 557.
606 2688 648 2727 7.
706 2682 766 2724 Εν
794 2683 1001 2734 Γαλλίαις]
1047 2681 1252 2730 Ambiani,
1283 2686 1328 2720 ut
1358 2681 1540 2720 scribunt
1567 2680 1720 2720 Hiero-

240 2754 397 2793 nymus,
428 2740 595 2790 Idatius,
624 2741 791 2779 Senator
820 2746 859 2778 et
886 2739 1124 2778 Jornandes:
1154 2739 1239 2776 urbe
1269 2738 1475 2777 Galliarum
1501 2740 1595 2777 inter
1621 2739 1719 2778 alim
1776 2787 1779 2790 Δ
1803 2759 1806 2761 -

240 2800 420 2846 minanti,
455 2797 513 2836 uti
543 2797 592 2836 ab
623 2797 827 2836 Ammiano
848 2796 1103 2846 indigitetur.

355 2854 451 2906 Pag.
480 2855 576 2899 557.
606 2858 648 2900 9.
706 2849 796 2907 1196
827 2849 869 2893 θ’
901 2852 1018 2905 Koch]
1046 2852 1108 2892 lta
1137 2851 1252 2892 etiam
1283 2853 1468 2893 Socrates
1490 2856 1531 2892 et
1551 2850 1716 2892 Idatius.
