1884 3262
566 165 837 211 CHRONICI
862 164 1169 209 PASGHALIS.
1529 160 1625 213 143

829 432 940 488 IX.

133 559 573 648 QUODEGIM
594 557 750 606 APO
767 557 861 605 ST
877 556 1224 607 OLORUM
1257 559 1626 621 ΡΑΤΒΙΑΕ,

319 663 389 700 ΕΤ
413 661 592 698 EORUM
615 659 817 697 NOMINA
840 659 908 696 Ex
935 659 1122 702 omnus
1145 650 1284 696 SUNT
1309 661 1444 696 NATI.

249 783 393 822 Petrus
421 786 463 821 et
491 778 674 818 Andreas
703 778 872 827 fratres,
902 789 954 817 ex
982 782 1100 831 patre
1118 778 1269 818 Ioanne
1277 810 1294 829 ,
1320 784 1449 818 matre
1465 779 1633 829 Joanna,

136 847 222 881 arte
250 840 497 893 piscatores,
529 851 581 876 ex
609 834 833 888 municipio
863 833 1088 877 Thebaida.

249 897 422 936 Jacobus
462 901 502 933 et
541 894 712 933 Joannes
743 893 920 939 fratres,
962 907 1015 933 ex
1052 900 1172 948 patre
1215 892 1455 944 Zebedaeo,
1502 899 1631 932 matre

135 955 366 1005 ffieroolea,
395 953 476 1007 ipsi
505 951 626 992 etiam
654 951 892 1003 piscatorem.

247 1011 460 1065 Philippus
489 1023 541 1050 ex
570 1015 686 1062 patre
718 1007 967 1060 Phssisanos,
1010 1014 1139 1048 matre
1179 1004 1358 1061 Sophia,
1409 1021 1462 1048 ex
1490 1007 1630 1047 muni-

133 1072 239 1127 cipio
267 1067 495 1118 Thebaida,
525 1067 714 1106 instituto
744 1066 896 1117 auriga,

246 1127 421 1167 Thomas
445 1155 456 1175 ,
490 1124 561 1177 qm'
592 1131 632 1164 et
662 1122 861 1176 Didymus
879 1155 892 1173 ‚
933 1137 1028 1163 cum
1057 1137 1198 1162 sorore
1227 1119 1349 1175 Lysia
1379 1129 1630 1176 nuncupata,

133 1201 186 1227 ex
213 1192 328 1241 patre
358 1181 596 1237 Diophane,
627 1188 759 1221 matre
789 1180 928 1232 Rhoa,
961 1195 1013 1221 ex
1042 1179 1273 1220 Antiochia.

248 1242 582 1283 Bartholomaeus
614 1253 664 1278 ex
703 1245 822 1292 patre
861 1237 1079 1290 Sosthene,
1118 1245 1249 1278 matre
1278 1236 1443 1290 Urinia,
1485 1234 1632 1287 Olitor,

134 1315 208 1343 seu
236 1301 391 1341 olerum
422 1304 544 1338 sator.

247 1357 488 1397 Thaddaeus
505 1385 519 1406 ,
557 1353 630 1407 qui
660 1359 700 1393 et
733 1350 940 1392 Lebbaeus
963 1382 976 1403 ,
1029 1365 1083 1391 ex
1110 1357 1228 1405 patre
1258 1351 1431 1392 Necrefa
1451 1381 1464 1402 ,
1502 1357 1634 1391 matre

134 1417 275 1457 Selene
291 1445 303 1466 ‚
329 1414 509 1454 Italicus.

249 1472 424 1512 ,lacobus
454 1467 559 1510 Alfei
588 1465 719 1516 filius,
758 1480 811 1506 ex
838 1473 955 1519 patre
984 1464 1207 1517 Androne,
1247 1471 1376 1507 matre
1415 1461 1636 1519 Eutychia,

135 1546 187 1572 ex
212 1530 446 1583 Hierapoli,
477 1532 562 1566 arte
593 1521 843 1578 Lapidarias.

249 1587 502 1636 Matthaeus,
551 1583 626 1637 {lui
653 1588 694 1621 et
727 1580 853 1632 Levi,
889 1579 1080 1620 instituto
1120 1578 1394 1632 Publicanus,
1437 1591 1490 1621 ex
1518 1586 1636 1634 patre

135 1646 277 1696 Ruco,
307 1651 436 1684 matre
465 1656 566 1683 vero
598 1638 856 1688 Chirotheia,
887 1652 941 1677 ex
970 1638 1162 1680 Galilaea.

251 1704 393 1745 Simon,
422 1699 639 1745 Cananites
659 1729 672 1748 ,
721 1696 1002 1736 nomenclator
1039 1693 1204 1736 Domini
1242 1695 1295 1736 ad
1338 1694 1500 1750 nuptias
1523 1726 1536 1748 ,
1584 1709 1636 1735 ex

135 1766 251 1815 patre
284 1760 495 1808 Gallione,
525 1763 654 1796 matre
682 1768 782 1794 vero
811 1753 981 1793 Ammia.

251 1818 389 1858 Simon
415 1816 574 1856 Zelotes
605 1812 938 1866 cognominatim,
969 1822 1021 1851 ex
1050 1809 1226 1862 Saleim,
1257 1818 1372 1865 patre
1400 1801 1578 1850 Zenone?

250 1874 358 1916 Nota
387 1872 652 1914 Thaddaeum
681 1867 824 1910 sudam
845 1865 1009 1921 Jacobs,
1037 1868 1242 1910 Simonem
1269 1883 1370 1911 vero
1401 1864 1634 1907 Cananitem

137 1934 315 1976 Zelotem
343 1947 367 1972 a
396 1933 506 1972 Luca
537 1929 662 1970 fuisse
691 1926 935 1982 appellatos,

253 1990 376 2032 Judas
404 1988 631 2030 lacariotes.
