1884 3262
553 178 824 223 CHRONICI
850 180 1157 225 PASCHALIS.
1529 180 1596 229 95

62 314 64 318 ν
112 289 396 330 Constantinus
421 289 533 329 illius
554 290 673 331 filius.
702 304 759 330 VI.
786 292 951 343 Synodo
972 293 1167 334 Patriarc.
1187 293 1382 347 Georgius
1409 295 1597 347 praefuit,

226 361 318 385 ann.
335 360 423 388 XVI.

112 404 360 444 Justinianus
373 436 384 454 ,
419 404 528 442 illius
547 403 656 444 filius
669 434 682 454 ,
713 418 812 444 naso
830 413 1043 447 truncatus
1055 437 1068 458 ‚
1098 424 1190 448 ann.
1207 424 1269 448 111.

111 462 325 511 Leontius,
357 475 448 500 ann.
468 476 531 500 111.

109 519 366 571 Apsimarus‚
400 519 530 571 quiet
561 518 766 570 Tiberius,
798 531 889 558 ann.
910 533 984 560 vn.

109 577 358 616 Justinianus
383 590 481 614 naso
504 583 715 616 truncatus
739 577 910 627 iterum,
943 592 1036 616 ann.
1062 592 1115 618 v1.

109 633 384 686 Philippicus,
414 635 484 685 qui
504 639 543 672 et
564 633 836 673 Bardaniscus
849 664 860 681 ‚
892 647 983 676 ann.
1001 649 1046 674 11.

109 691 334 739 Artemius,
366 691 436 742 qui
457 697 497 745 et
517 691 773 742 Anastasius,
807 705 898 731 ann.
917 706 961 731 11.

109 747 365 787 Theodosius
384 747 694 800 Atramytenus‚
728 762 819 790 aun.
842 762 869 787 1.

109 806 188 844 Leo
208 805 460 843 Iconoclasta
480 805 669 854 Isauras,
700 820 792 845 ann.
817 816 935 847 xxlv.

110 862 397 902 Constantinus
429 862 659 902 Caballinus
686 864 968 913 Iconoclasta,
999 861 1108 902 illius
1137 863 1269 915 filius,
1302 866 1473 920 impius,
1503 883 1595 907 ann.

221 932 348 958 xxxv.

107 978 212 1027 Leo,
242 976 351 1015 filius
371 975 477 1029 ejus,
510 991 559 1016 ex
585 976 764 1017 Chazara
782 983 902 1016 natus
917 1008 928 1028 ‚
960 991 1052 1017 ann.
1072 991 1110 1017 v.

82 1034 418 1082 Constantinus,
450 1033 558 1073 illius
587 1034 717 1086 filius,
754 1049 848 1074 cum
874 1035 993 1075 Irene
1026 1035 1113 1089 ejus
1145 1044 1283 1077 matre.
1342 1039 1381 1077 ls
1413 1039 1597 1078 condidit

223 1090 362 1130 aedem
379 1092 544 1130 Poseos:
576 1106 666 1130 ann.
683 1105 723 1131 x.

108 1148 394 1187 Constantinus
414 1149 500 1201 ipse
522 1149 634 1188 solus
652 1155 823 1188 matrem
845 1152 1151 1203 exauctoravit,
1182 1167 1273 1192 ann.
1293 1168 1363 1194 vn.

106 1204 221 1245 Irene
241 1205 351 1244 illius
374 1212 499 1244 mater
523 1207 609 1245 sola
634 1207 782 1246 iterum
799 1236 811 1256 ‚
842 1221 934 1245 ann.
950 1221 991 1246 v.

106 1262 384 1316 Nicephorus,
412 1277 505 1301 ann.
525 1277 587 1303 xx.

106 1320 362 1368 stauracius,
398 1320 509 1358 illius
530 1320 659 1371 filius,
691 1333 815 1360 mens.
837 1334 882 1358 11.
911 1319 997 1359 dies
1014 1334 1056 1359 x.

106 1377 280 1416 Michael
294 1408 304 1427 ,
341 1375 426 1429 ejus
448 1377 578 1416 affinis
593 1408 604 1427 ,
636 1391 729 1416 ann.
751 1392 799 1418 11.

106 1435 187 1474 Leo
208 1435 358 1487 impius
378 1441 417 1472 et
441 1434 560 1473 ferini
582 1434 754 1487 ingenii,
786 1435 857 1488 qui
874 1435 1115 1476 interfectus
1137 1441 1200 1476 est
1218 1437 1261 1476 in
1282 1438 1506 1488 Dominico,
1525 1451 1597 1477 seu

222 1491 321 1530 aede
341 1504 476 1541 sacra,
511 1506 603 1533 ann.
625 1506 698 1532 vn.
723 1498 763 1531 et
782 1493 921 1533 dimid.

105 1547 280 1587 Michael
300 1548 403 1587 alius
424 1549 595 1599 Balbus,
626 1563 718 1590 ann.
738 1563 797 1591 xl.

105 1605 354 1658 Theophilus
372 1605 621 1656 haereticus,
653 1620 746 1646 ann.
766 1620 841 1645 ΧΠ.

105 1662 298 1712 Michael,
326 1662 436 1701 illius
457 1660 586 1714 filius,
616 1677 708 1702 cum
725 1663 876 1704 Basilio
897 1662 1140 1715 Macedone,
1171 1679 1263 1704 ann.
1280 1677 1351 1704 xv.

104 1720 277 1762 Basilius
297 1720 542 1773 Imperator,
575 1735 663 1763 ann.
684 1734 754 1760 xx.

105 1777 188 1816 Leo
203 1806 215 1827 ‚
246 1791 337 1815 cum
363 1777 446 1816 filio
469 1778 751 1828 Constantino,
783 1785 824 1818 et
838 1778 1068 1819 Alexander
1085 1779 1195 1819 illius
1214 1779 1355 1833 frater,
1380 1811 1394 1830 .,
1411 1812 1420 1821 .
1442 1812 1452 1822 .
1472 1812 1481 1820 .
1507 1814 1515 1821 .

106 1833 360 1884 Alexander,
389 1835 534 1874 Leonis
554 1835 701 1884 frater,
737 1850 827 1877 ann.
847 1835 878 1876 Ι.
914 1851 1090 1876 mensem
1111 1851 1139 1876 1.

107 1891 394 1931 Constantinus
416 1892 594 1945 ejusdem
616 1893 762 1932 Leonis
779 1893 886 1932 filius
906 1894 1284 1947 Porphyrogenitus
1310 1911 1400 1936 cum
1422 1897 1592 1938 Nicolao

219 1948 455 1988 Patriarcha
496 1956 761 2004 cognomento
793 1951 1061 2003 Longobardo
1101 1959 1240 1992 tutore
1271 1954 1322 1994 ab
1361 1955 1594 1995 Alexandro

221 2004 317 2044 dato
330 2035 343 2054 ‚
373 2005 484 2058 quod
503 2007 787 2046 Constantinus
806 2021 911 2061 puer
927 2017 1029 2049 esset
1041 2040 1052 2060 ‚
1081 2024 1173 2049 ann.
1193 2024 1266 2052 vn.

106 2063 310 2102 Romanus
350 2075 495 2115 senex,
537 2062 606 2115 qui
647 2071 742 2116 post
773 2093 991 2106 ......
1027 2079 1118 2106 cum
1150 2067 1241 2106 filiis
1283 2070 1368 2108 suis
1402 2068 1592 2109 Christo-

218 2119 378 2173 phoro,
408 2119 636 2172 Stephano,
679 2126 718 2160 et
746 2121 1010 2163 Constantino
1038 2138 1187 2176 genero
1221 2125 1307 2178 ejus
1345 2126 1592 2180 Porphyre-

220 2177 375 2228 gensto,
408 2190 498 2217 ann.
518 2190 634 2216 xxv1.

107 2234 391 2273 Constantinus
411 2233 806 2287 Porphyrogenitus‚
838 2248 931 2274 cum
950 2235 1033 2276 filio
1054 2237 1257 2290 Romano,
1289 2254 1379 2279 ann.
1396 2254 1466 2282 xv.

106 2291 338 2340 Romanus,
369 2290 476 2330 filius
502 2291 754 2330 Constantini
767 2321 779 2340 ‚
810 2303 903 2331 cum
934 2293 1029 2332 fih'is
1057 2295 1140 2335 suis
1158 2296 1308 2335 Basilio
1327 2303 1366 2336 et
1388 2298 1591 2337 Constan-

220 2348 328 2398 tino,
358 2361 448 2388 ann.
469 2362 530 2388 111.

107 2403 381 2457 Nicephorus,
414 2405 486 2458 qui
507 2408 548 2444 et
568 2405 695 2444 Focns
706 2434 719 2454 ‚
754 2417 846 2444 cum
862 2404 1010 2445 Basilio
1041 2414 1080 2447 et
1106 2408 1388 2462 Constantino,
1426 2426 1516 2450 ann.
1533 2425 1590 2451 vx.

225 2468 264 2500 et
283 2461 421 2501 dimid.
442 2472 446 2477 ‘

107 2517 301 2569 Basilius,
332 2530 424 2558 cum
443 2519 569 2568 fratre
590 2518 873 2566 Constantino,
904 2532 997 2561 ann.
1013 2534 1067 2560 m.

109 2574 391 2615 Constantinus
404 2607 416 2627 ,
444 2575 552 2616 illius
573 2577 722 2628 frater,
757 2588 849 2615 ann.
867 2590 927 2619 111.

106 2631 311 2672 Romanus
333 2632 533 2685 Argyrus3
564 2647 655 2676 ann.
671 2646 714 2673 v.
735 2645 892 2682 menses
910 2646 952 2675 ν.

107 2686 279 2728 Michaet
297 2688 436 2730 Junior
456 2689 688 2744 Paphlagon
703 2720 714 2740 ‚
747 2703 838 2731 ann.
858 2705 931 2731 vn.
954 2704 1111 2732 menses
1131 2706 1221 2733 vn1.

110 2745 395 2787 Constantinus
411 2745 697 2788 monomachus
709 2779 722 2800 ,
753 2761 845 2790 ann.
865 2761 940 2791 ΧΠ.
972 2763 1135 2790 menses
1149 2764 1223 2789 vn.
