<?xml version="1.0" encoding="UTF-8"?>
<!DOCTYPE html PUBLIC "-//W3C//DTD XHTML 1.0 Transitional//EN"
    "http://www.w3.org/TR/xhtml1/DTD/xhtml1-transitional.dtd">
<html xmlns="http://www.w3.org/1999/xhtml" xml:lang="en" lang="en">
 <head>
  <title>
</title>
<meta http-equiv="Content-Type" content="text/html;charset=utf-8" />
  <meta name='ocr-system' content='tesseract 3.04.00' />
  <meta name='ocr-capabilities' content='ocr_page ocr_carea ocr_par ocr_line ocrx_word'/>
</head>
<body>
  <div class='ocr_page' id='page_1' title='image "./corpusscriptorum05niebuoft_0438.png"; bbox 0 0 1820 3276; ppageno 0'>
   <div class='ocr_carea' id='block_1_1' title="bbox 268 199 1151 248">
    <p class='ocr_par' dir='ltr' id='par_1_1' title="bbox 268 199 1151 248">
     <span class='ocr_line' id='line_1_1' title="bbox 268 199 1151 248; baseline -0.001 -1"><span class='ocrx_word' id='word_1_1' title='bbox 268 199 366 248; x_wconf 73' lang='lat'><strong>428</strong></span> <span class='ocrx_word' id='word_1_2' title='bbox 833 204 1151 247; x_wconf 89' lang='lat' dir='ltr'><strong>NOTAE</strong></span> 
     </span>
    </p>
   </div>
   <div class='ocr_carea' id='block_1_2' title="bbox 102 310 1730 2906">
    <p class='ocr_par' dir='ltr' id='par_1_2' title="bbox 262 310 1730 646">
     <span class='ocr_line' id='line_1_2' title="bbox 265 310 1730 369; baseline 0.003 -18"><span class='ocrx_word' id='word_1_3' title='bbox 265 318 346 351; x_wconf 87' lang='lat' dir='ltr'><strong>tem</strong></span> <span class='ocrx_word' id='word_1_4' title='bbox 387 310 628 365; x_wconf 80' lang='grc' dir='ltr'><em>ξυμβασιλέα</em></span> <span class='ocrx_word' id='word_1_5' title='bbox 670 313 869 351; x_wconf 87' lang='lat' dir='ltr'>Zenonem</span> <span class='ocrx_word' id='word_1_6' title='bbox 910 313 1074 352; x_wconf 87' lang='lat' dir='ltr'><strong>ascitum</strong></span> <span class='ocrx_word' id='word_1_7' title='bbox 1112 314 1179 353; x_wconf 88' lang='lat' dir='ltr'><strong>ait.</strong></span> <span class='ocrx_word' id='word_1_8' title='bbox 1240 313 1351 363; x_wconf 83' lang='lat' dir='ltr'><strong>Quae</strong></span> <span class='ocrx_word' id='word_1_9' title='bbox 1389 320 1525 355; x_wconf 82' lang='lat' dir='ltr'><strong>autem</strong></span> <span class='ocrx_word' id='word_1_10' title='bbox 1554 315 1603 355; x_wconf 84' lang='lat' dir='ltr'><strong>de</strong></span> <span class='ocrx_word' id='word_1_11' title='bbox 1631 325 1730 369; x_wconf 86' lang='lat' dir='ltr'><strong>sup-</strong></span> 
     </span>
     <span class='ocr_line' id='line_1_3' title="bbox 263 368 1728 432; baseline 0.004 -26"><span class='ocrx_word' id='word_1_12' title='bbox 263 368 445 432; x_wconf 80' lang='lat' dir='ltr'><strong>posititio</strong></span> <span class='ocrx_word' id='word_1_13' title='bbox 475 369 605 407; x_wconf 81' lang='lat' dir='ltr'><strong>Leone</strong></span> <span class='ocrx_word' id='word_1_14' title='bbox 634 368 773 407; x_wconf 82' lang='lat' dir='ltr'><strong>scribit</strong></span> <span class='ocrx_word' id='word_1_15' title='bbox 802 369 942 408; x_wconf 87' lang='lat' dir='ltr'>Victor</span> <span class='ocrx_word' id='word_1_16' title='bbox 969 370 1270 420; x_wconf 85' lang='lat' dir='ltr'><strong>Tunnunensis,</strong></span> <span class='ocrx_word' id='word_1_17' title='bbox 1315 378 1355 410; x_wconf 88' lang='lat' dir='ltr'><strong>et</strong></span> <span class='ocrx_word' id='word_1_18' title='bbox 1389 385 1440 410; x_wconf 84' lang='lat' dir='ltr'><strong>ex</strong></span> <span class='ocrx_word' id='word_1_19' title='bbox 1481 386 1527 411; x_wconf 90' lang='lat' dir='ltr'><strong>eo</strong></span> <span class='ocrx_word' id='word_1_20' title='bbox 1556 373 1728 412; x_wconf 86' lang='lat' dir='ltr'><strong>Mellitus</strong></span> 
     </span>
     <span class='ocr_line' id='line_1_4' title="bbox 262 424 1727 482; baseline 0.005 -20"><span class='ocrx_word' id='word_1_21' title='bbox 262 425 306 463; x_wconf 89' lang='lat' dir='ltr'><strong>in</strong></span> <span class='ocrx_word' id='word_1_22' title='bbox 334 424 456 463; x_wconf 88' lang='lat' dir='ltr'><strong>Brevi</strong></span> <span class='ocrx_word' id='word_1_23' title='bbox 490 426 732 477; x_wconf 84' lang='lat' dir='ltr'><strong>Temporum</strong></span> <span class='ocrx_word' id='word_1_24' title='bbox 762 426 842 465; x_wconf 92' lang='lat' dir='ltr'><strong>MS.</strong></span> <span class='ocrx_word' id='word_1_25' title='bbox 872 425 990 465; x_wconf 84' lang='lat' dir='ltr'><strong>fidem</strong></span> <span class='ocrx_word' id='word_1_26' title='bbox 1020 441 1102 466; x_wconf 89' lang='lat' dir='ltr'><strong>non</strong></span> <span class='ocrx_word' id='word_1_27' title='bbox 1130 434 1342 468; x_wconf 87' lang='lat' dir='ltr'><strong>merentur.</strong></span> <span class='ocrx_word' id='word_1_28' title='bbox 1402 428 1518 468; x_wconf 82' lang='lat' dir='ltr'><strong>Certe</strong></span> <span class='ocrx_word' id='word_1_29' title='bbox 1549 429 1604 468; x_wconf 80' lang='lat' dir='ltr'><strong>ita</strong></span> <span class='ocrx_word' id='word_1_30' title='bbox 1634 430 1727 482; x_wconf 81' lang='grc' dir='ltr'><strong><em>ξυμ-</em></strong></span> 
     </span>
     <span class='ocr_line' id='line_1_5' title="bbox 263 478 1728 536; baseline 0.003 -16"><span class='ocrx_word' id='word_1_31' title='bbox 263 478 450 533; x_wconf 85' lang='grc' dir='ltr'><strong><em>βασιλευς</em></strong></span> <span class='ocrx_word' id='word_1_32' title='bbox 479 482 625 520; x_wconf 86' lang='lat' dir='ltr'><strong>ascitus</strong></span> <span class='ocrx_word' id='word_1_33' title='bbox 656 489 715 520; x_wconf 85' lang='lat' dir='ltr'><strong>est</strong></span> <span class='ocrx_word' id='word_1_34' title='bbox 744 483 877 527; x_wconf 84' lang='lat' dir='ltr'><strong>Zeno,</strong></span> <span class='ocrx_word' id='word_1_35' title='bbox 917 490 963 522; x_wconf 85' lang='lat' dir='ltr'><strong>ut</strong></span> <span class='ocrx_word' id='word_1_36' title='bbox 1002 484 1080 522; x_wconf 90' lang='lat' dir='ltr'><strong>Leo</strong></span> <span class='ocrx_word' id='word_1_37' title='bbox 1119 484 1272 535; x_wconf 85' lang='lat' dir='ltr'><strong>primus</strong></span> <span class='ocrx_word' id='word_1_38' title='bbox 1313 497 1470 536; x_wconf 83' lang='lat' dir='ltr'><strong>semper</strong></span> <span class='ocrx_word' id='word_1_39' title='bbox 1497 485 1540 523; x_wconf 89' lang='lat' dir='ltr'><strong>in</strong></span> <span class='ocrx_word' id='word_1_40' title='bbox 1574 485 1728 525; x_wconf 80' lang='lat' dir='ltr'><strong>Edictis</strong></span> 
     </span>
     <span class='ocr_line' id='line_1_6' title="bbox 262 537 1726 592; baseline 0.004 -18"><span class='ocrx_word' id='word_1_41' title='bbox 262 537 489 576; x_wconf 81' lang='lat' dir='ltr'><strong>nominatus</strong></span> <span class='ocrx_word' id='word_1_42' title='bbox 522 538 701 588; x_wconf 84' lang='lat' dir='ltr'><strong>legatur,</strong></span> <span class='ocrx_word' id='word_1_43' title='bbox 733 545 778 576; x_wconf 90' lang='lat' dir='ltr'><strong>ut</strong></span> <span class='ocrx_word' id='word_1_44' title='bbox 807 539 1012 591; x_wconf 85' lang='lat' dir='ltr'><strong>colligitur</strong></span> <span class='ocrx_word' id='word_1_45' title='bbox 1040 554 1091 578; x_wconf 88' lang='lat' dir='ltr'><strong>ex</strong></span> <span class='ocrx_word' id='word_1_46' title='bbox 1120 540 1389 592; x_wconf 85' lang='lat' dir='ltr'><strong>Inscriptione</strong></span> <span class='ocrx_word' id='word_1_47' title='bbox 1418 541 1529 590; x_wconf 81' lang='lat' dir='ltr'><strong>Legis</strong></span> <span class='ocrx_word' id='word_1_48' title='bbox 1546 554 1603 582; x_wconf 71' lang='grc' dir='ltr'><strong>Χῖ.</strong></span> <span class='ocrx_word' id='word_1_49' title='bbox 1625 542 1726 584; x_wconf 86' lang='lat' dir='ltr'><strong>Cod.</strong></span> 
     </span>
     <span class='ocr_line' id='line_1_7' title="bbox 263 593 1726 646; baseline 0.002 -13"><span class='ocrx_word' id='word_1_50' title='bbox 263 593 314 633; x_wconf 88' lang='lat' dir='ltr'><strong>de</strong></span> <span class='ocrx_word' id='word_1_51' title='bbox 343 594 479 644; x_wconf 86' lang='lat' dir='ltr'><strong>Legib.</strong></span> <span class='ocrx_word' id='word_1_52' title='bbox 512 600 551 633; x_wconf 91' lang='lat' dir='ltr'><strong>et</strong></span> <span class='ocrx_word' id='word_1_53' title='bbox 579 595 787 636; x_wconf 86' lang='lat' dir='ltr'><strong>Constitut.</strong></span> <span class='ocrx_word' id='word_1_54' title='bbox 817 596 906 634; x_wconf 85' lang='lat' dir='ltr'><strong>data</strong></span> <span class='ocrx_word' id='word_1_55' title='bbox 927 610 967 636; x_wconf 88' lang='lat' dir='ltr'><strong>x.</strong></span> <span class='ocrx_word' id='word_1_56' title='bbox 991 597 1078 635; x_wconf 85' lang='lat' dir='ltr'><strong>Kal.</strong></span> <span class='ocrx_word' id='word_1_57' title='bbox 1096 597 1215 646; x_wconf 85' lang='lat' dir='ltr'><strong>Maii,</strong></span> <span class='ocrx_word' id='word_1_58' title='bbox 1244 597 1361 635; x_wconf 82' lang='lat' dir='ltr'><em>Leone</em></span> <span class='ocrx_word' id='word_1_59' title='bbox 1385 597 1532 636; x_wconf 86' lang='lat' dir='ltr'><strong>Juniore</strong></span> <span class='ocrx_word' id='word_1_60' title='bbox 1559 598 1605 636; x_wconf 78' lang='lat' dir='ltr'><strong>A.</strong></span> <span class='ocrx_word' id='word_1_61' title='bbox 1625 598 1726 636; x_wconf 81' lang='lat' dir='ltr'><strong>Com.</strong></span> 
     </span>
    </p>

    <p class='ocr_par' dir='ltr' id='par_1_3' title="bbox 256 649 1728 1254">
     <span class='ocr_line' id='line_1_8' title="bbox 382 649 1727 724; baseline 0.001 -31"><span class='ocrx_word' id='word_1_62' title='bbox 382 653 475 701; x_wconf 80' lang='lat' dir='ltr'><strong>Pag·</strong></span> <span class='ocrx_word' id='word_1_63' title='bbox 488 652 583 694; x_wconf 88' lang='lat'><strong>599</strong></span> <span class='ocrx_word' id='word_1_64' title='bbox 599 654 663 693; x_wconf 91' lang='grc'><strong>12.</strong></span> <span class='ocrx_word' id='word_1_65' title='bbox 697 649 934 718; x_wconf 74' lang='grc' dir='ltr'><strong><em>Κοδιοσεῦς]</em></strong></span> <span class='ocrx_word' id='word_1_66' title='bbox 955 650 1226 724; x_wconf 42' lang='lat' dir='ltr'><strong>‘Kovnovesbg</strong></span> <span class='ocrx_word' id='word_1_67' title='bbox 1243 652 1309 691; x_wconf 91' lang='lat' dir='ltr'><strong>hic</strong></span> <span class='ocrx_word' id='word_1_68' title='bbox 1327 653 1421 704; x_wconf 82' lang='lat' dir='ltr'><strong>legit</strong></span> <span class='ocrx_word' id='word_1_69' title='bbox 1441 652 1621 693; x_wconf 88' lang='lat' dir='ltr'><strong>Holsten.</strong></span> <span class='ocrx_word' id='word_1_70' title='bbox 1653 657 1727 694; x_wconf 87' lang='grc' dir='ltr'><strong>Τα-</strong></span> 
     </span>
     <span class='ocr_line' id='line_1_9' title="bbox 262 704 1728 762; baseline 0.002 -16"><span class='ocrx_word' id='word_1_71' title='bbox 262 708 497 759; x_wconf 81' lang='grc' dir='ltr'><em>ρασικοδίσα</em></span> <span class='ocrx_word' id='word_1_72' title='bbox 518 704 903 761; x_wconf 75' lang='grc' dir='ltr'><em>Ρουσουβλαδεωτου</em></span> <span class='ocrx_word' id='word_1_73' title='bbox 921 706 1012 756; x_wconf 82' lang='grc' dir='ltr'><strong><em>υἱὸς</em></strong></span> <span class='ocrx_word' id='word_1_74' title='bbox 1041 709 1187 748; x_wconf 88' lang='lat' dir='ltr'><strong>dicitur</strong></span> <span class='ocrx_word' id='word_1_75' title='bbox 1209 709 1389 748; x_wconf 84' lang='lat' dir='ltr'><strong>Candido</strong></span> <span class='ocrx_word' id='word_1_76' title='bbox 1411 710 1518 762; x_wconf 90' lang='lat' dir='ltr'><strong>apud</strong></span> <span class='ocrx_word' id='word_1_77' title='bbox 1540 708 1728 750; x_wconf 87' lang='lat' dir='ltr'><strong>Photium</strong></span> 
     </span>
     <span class='ocr_line' id='line_1_10' title="bbox 262 763 1727 834; baseline 0.005 -34"><span class='ocrx_word' id='word_1_78' title='bbox 262 763 533 803; x_wconf 72' lang='lat' dir='ltr'><strong>Cod.LXX1x.</strong></span> <span class='ocrx_word' id='word_1_79' title='bbox 570 766 928 818; x_wconf 82' lang='grc' dir='ltr'><strong><em>Ταρασικοὸίσεος,</em></strong></span> <span class='ocrx_word' id='word_1_80' title='bbox 966 764 1156 817; x_wconf 80' lang='lat' dir='ltr'><strong>Agathiae</strong></span> <span class='ocrx_word' id='word_1_81' title='bbox 1184 766 1254 804; x_wconf 88' lang='lat' dir='ltr'><strong>lib.</strong></span> <span class='ocrx_word' id='word_1_82' title='bbox 1284 778 1339 805; x_wconf 75' lang='lat' dir='ltr'><strong>lv.</strong></span> <span class='ocrx_word' id='word_1_83' title='bbox 1377 770 1727 834; x_wconf 83' lang='grc' dir='ltr'><strong><em>Τρασκαλισσαῖος,</em></strong></span> 
     </span>
     <span class='ocr_line' id='line_1_11' title="bbox 260 818 1726 876; baseline 0.003 -19"><span class='ocrx_word' id='word_1_84' title='bbox 260 818 494 872; x_wconf 83' lang='lat' dir='ltr'><strong>Theophani</strong></span> <span class='ocrx_word' id='word_1_85' title='bbox 537 834 641 859; x_wconf 90' lang='lat' dir='ltr'><strong>anno</strong></span> <span class='ocrx_word' id='word_1_86' title='bbox 683 835 755 859; x_wconf 87' lang='lat' dir='ltr'><strong>vn.</strong></span> <span class='ocrx_word' id='word_1_87' title='bbox 797 821 974 871; x_wconf 84' lang='lat' dir='ltr'><strong>ejusdem</strong></span> <span class='ocrx_word' id='word_1_88' title='bbox 1014 823 1205 861; x_wconf 81' lang='lat' dir='ltr'><strong>Zenonis:</strong></span> <span class='ocrx_word' id='word_1_89' title='bbox 1245 819 1516 876; x_wconf 84' lang='grc' dir='ltr'><strong><em>Λρικμήσιος,</em></strong></span> <span class='ocrx_word' id='word_1_90' title='bbox 1554 823 1726 874; x_wconf 80' lang='lat' dir='ltr'><strong>Evagrio</strong></span> 
     </span>
     <span class='ocr_line' id='line_1_12' title="bbox 258 875 1726 932; baseline 0.003 -18"><span class='ocrx_word' id='word_1_91' title='bbox 258 875 328 915; x_wconf 90' lang='lat' dir='ltr'><strong>lib.</strong></span> <span class='ocrx_word' id='word_1_92' title='bbox 358 890 402 914; x_wconf 84' lang='lat'><strong>11.</strong></span> <span class='ocrx_word' id='word_1_93' title='bbox 433 890 521 929; x_wconf 87' lang='lat' dir='ltr'><strong>cap.</strong></span> <span class='ocrx_word' id='word_1_94' title='bbox 550 891 618 916; x_wconf 84' lang='lat' dir='ltr'><strong>xv.</strong></span> <span class='ocrx_word' id='word_1_95' title='bbox 675 877 778 917; x_wconf 88' lang='lat' dir='ltr'><strong>Vide</strong></span> <span class='ocrx_word' id='word_1_96' title='bbox 807 879 976 917; x_wconf 90' lang='lat' dir='ltr'><strong>eundem</strong></span> <span class='ocrx_word' id='word_1_97' title='bbox 1005 879 1217 930; x_wconf 88' lang='lat' dir='ltr'><strong>Evagrium</strong></span> <span class='ocrx_word' id='word_1_98' title='bbox 1247 879 1316 918; x_wconf 87' lang='lat' dir='ltr'><strong>lib.</strong></span> <span class='ocrx_word' id='word_1_99' title='bbox 1345 893 1406 919; x_wconf 90' lang='lat'><strong>111.</strong></span> <span class='ocrx_word' id='word_1_100' title='bbox 1438 893 1524 932; x_wconf 89' lang='lat' dir='ltr'><strong>cap.</strong></span> <span class='ocrx_word' id='word_1_101' title='bbox 1546 893 1636 918; x_wconf 85' lang='lat' dir='ltr'><strong>vm.</strong></span> <span class='ocrx_word' id='word_1_102' title='bbox 1679 879 1726 918; x_wconf 87' lang='lat' dir='ltr'><strong>In</strong></span> 
     </span>
     <span class='ocr_line' id='line_1_13' title="bbox 261 931 1724 990; baseline 0.003 -19"><span class='ocrx_word' id='word_1_103' title='bbox 261 933 452 984; x_wconf 78' lang='lat' dir='ltr'><strong>Catalogo</strong></span> <span class='ocrx_word' id='word_1_104' title='bbox 481 934 771 986; x_wconf 82' lang='lat' dir='ltr'><strong>Imperatorum</strong></span> <span class='ocrx_word' id='word_1_105' title='bbox 799 933 866 972; x_wconf 83' lang='lat' dir='ltr'><strong>hic</strong></span> <span class='ocrx_word' id='word_1_106' title='bbox 895 935 1000 974; x_wconf 86' lang='lat' dir='ltr'><strong>edito</strong></span> <span class='ocrx_word' id='word_1_107' title='bbox 1030 949 1119 988; x_wconf 82' lang='lat' dir='ltr'><strong>pag.</strong></span> <span class='ocrx_word' id='word_1_108' title='bbox 1150 936 1244 978; x_wconf 81' lang='lat'>411-</span> <span class='ocrx_word' id='word_1_109' title='bbox 1274 935 1414 987; x_wconf 82' lang='grc' dir='ltr'><em>Αζέφα</em></span> <span class='ocrx_word' id='word_1_110' title='bbox 1443 941 1486 974; x_wconf 85' lang='lat' dir='ltr'><strong>et</strong></span> <span class='ocrx_word' id='word_1_111' title='bbox 1505 931 1724 990; x_wconf 80' lang='grc' dir='ltr'><strong><em>Αγόνατος,</em></strong></span> 
     </span>
     <span class='ocr_line' id='line_1_14' title="bbox 259 989 1724 1041; baseline 0.002 -14"><span class='ocrx_word' id='word_1_112' title='bbox 259 989 301 1028; x_wconf 92' lang='lat' dir='ltr'><strong>in</strong></span> <span class='ocrx_word' id='word_1_113' title='bbox 336 989 523 1041; x_wconf 84' lang='lat' dir='ltr'><strong>Catalogo</strong></span> <span class='ocrx_word' id='word_1_114' title='bbox 556 1004 651 1029; x_wconf 82' lang='lat' dir='ltr'><strong>vero</strong></span> <span class='ocrx_word' id='word_1_115' title='bbox 681 990 788 1030; x_wconf 88' lang='lat' dir='ltr'><strong>edito</strong></span> <span class='ocrx_word' id='word_1_116' title='bbox 820 1005 840 1028; x_wconf 84' lang='lat' dir='ltr'><strong>a</strong></span> <span class='ocrx_word' id='word_1_117' title='bbox 873 992 1113 1030; x_wconf 84' lang='lat' dir='ltr'><strong>Leunclavio</strong></span> <span class='ocrx_word' id='word_1_118' title='bbox 1143 992 1212 1034; x_wconf 87' lang='lat' dir='ltr'><strong>lib.</strong></span> <span class='ocrx_word' id='word_1_119' title='bbox 1242 1006 1286 1032; x_wconf 91' lang='lat'><strong>11.</strong></span> <span class='ocrx_word' id='word_1_120' title='bbox 1327 993 1433 1031; x_wconf 84' lang='lat' dir='ltr'><strong>Juris</strong></span> <span class='ocrx_word' id='word_1_121' title='bbox 1464 993 1724 1034; x_wconf 78' lang='lat' dir='ltr'><strong>Graecorum.</strong></span> 
     </span>
     <span class='ocr_line' id='line_1_15' title="bbox 259 1019 1724 1100; baseline 0 -14"><span class='ocrx_word' id='word_1_122' title='bbox 259 1041 467 1099; x_wconf 81' lang='grc' dir='ltr'><strong>Λγόνατος</strong></span> <span class='ocrx_word' id='word_1_123' title='bbox 474 1019 691 1086; x_wconf 51' lang='lat' dir='ltr'><strong>”duntaxat</strong></span> <span class='ocrx_word' id='word_1_124' title='bbox 730 1048 1030 1099; x_wconf 88' lang='lat' dir='ltr'><strong>cognominatus</strong></span> <span class='ocrx_word' id='word_1_125' title='bbox 1061 1049 1229 1097; x_wconf 82' lang='lat' dir='ltr'><strong>dicitur,</strong></span> <span class='ocrx_word' id='word_1_126' title='bbox 1268 1049 1378 1100; x_wconf 89' lang='lat' dir='ltr'><strong>quod</strong></span> <span class='ocrx_word' id='word_1_127' title='bbox 1407 1049 1566 1100; x_wconf 80' lang='lat' dir='ltr'><strong>patellas</strong></span> <span class='ocrx_word' id='word_1_128' title='bbox 1593 1052 1633 1088; x_wconf 86' lang='lat' dir='ltr'><strong>in</strong></span> <span class='ocrx_word' id='word_1_129' title='bbox 1661 1062 1724 1099; x_wconf 83' lang='lat' dir='ltr'><strong>ge—</strong></span> 
     </span>
     <span class='ocr_line' id='line_1_16' title="bbox 258 1078 1725 1156; baseline 0.002 -16"><span class='ocrx_word' id='word_1_130' title='bbox 258 1103 391 1141; x_wconf 89' lang='lat' dir='ltr'><strong>nucula</strong></span> <span class='ocrx_word' id='word_1_131' title='bbox 419 1116 487 1141; x_wconf 87' lang='lat' dir='ltr'><strong>non</strong></span> <span class='ocrx_word' id='word_1_132' title='bbox 511 1105 697 1151; x_wconf 77' lang='lat' dir='ltr'><strong>habuisse,</strong></span> <span class='ocrx_word' id='word_1_133' title='bbox 727 1105 788 1142; x_wconf 82' lang='lat' dir='ltr'><strong>sed</strong></span> <span class='ocrx_word' id='word_1_134' title='bbox 811 1105 952 1143; x_wconf 76' lang='lat' dir='ltr'><strong>mobiles</strong></span> <span class='ocrx_word' id='word_1_135' title='bbox 970 1105 1090 1156; x_wconf 73' lang='lat' dir='ltr'><strong>fuisse</strong></span> <span class='ocrx_word' id='word_1_136' title='bbox 1113 1078 1371 1156; x_wconf 78' lang='lat' dir='ltr'><strong>perhiberetur,</strong></span> <span class='ocrx_word' id='word_1_137' title='bbox 1415 1109 1458 1143; x_wconf 90' lang='lat' dir='ltr'><strong>ut</strong></span> <span class='ocrx_word' id='word_1_138' title='bbox 1483 1108 1590 1144; x_wconf 86' lang='lat' dir='ltr'><strong>etiam</strong></span> <span class='ocrx_word' id='word_1_139' title='bbox 1618 1118 1725 1144; x_wconf 76' lang='lat' dir='ltr'><strong>cursu</strong></span> 
     </span>
     <span class='ocr_line' id='line_1_17' title="bbox 256 1159 1720 1214; baseline 0.002 -17"><span class='ocrx_word' id='word_1_140' title='bbox 256 1159 470 1198; x_wconf 73' lang='lat' dir='ltr'><strong>velocissimo</strong></span> <span class='ocrx_word' id='word_1_141' title='bbox 497 1161 596 1199; x_wconf 86' lang='lat' dir='ltr'><strong>ultra</strong></span> <span class='ocrx_word' id='word_1_142' title='bbox 622 1161 762 1199; x_wconf 83' lang='lat' dir='ltr'><strong>modum</strong></span> <span class='ocrx_word' id='word_1_143' title='bbox 789 1162 965 1199; x_wconf 76' lang='lat' dir='ltr'><strong>hominum</strong></span> <span class='ocrx_word' id='word_1_144' title='bbox 983 1162 1189 1211; x_wconf 78' lang='lat' dir='ltr'><strong>baberetur,</strong></span> <span class='ocrx_word' id='word_1_145' title='bbox 1218 1167 1265 1200; x_wconf 90' lang='lat' dir='ltr'><strong>ut</strong></span> <span class='ocrx_word' id='word_1_146' title='bbox 1290 1162 1346 1200; x_wconf 83' lang='lat' dir='ltr'><strong>ait</strong></span> <span class='ocrx_word' id='word_1_147' title='bbox 1375 1161 1608 1214; x_wconf 86' lang='lat' dir='ltr'><strong>Anonymus</strong></span> <span class='ocrx_word' id='word_1_148' title='bbox 1636 1161 1720 1201; x_wconf 85' lang='lat' dir='ltr'><strong>Va-</strong></span> 
     </span>
     <span class='ocr_line' id='line_1_18' title="bbox 256 1215 444 1255; baseline -0.006 -1"><span class='ocrx_word' id='word_1_149' title='bbox 256 1215 444 1255; x_wconf 77' lang='lat' dir='ltr'><strong>lesianus,</strong></span> 
     </span>
    </p>

    <p class='ocr_par' dir='ltr' id='par_1_4' title="bbox 258 1270 1722 1367">
     <span class='ocr_line' id='line_1_19' title="bbox 374 1270 1722 1327; baseline -0.002 -13"><span class='ocrx_word' id='word_1_150' title='bbox 374 1272 595 1322; x_wconf 83' lang='lat' dir='ltr'><strong>Pag·599·</strong></span> <span class='ocrx_word' id='word_1_151' title='bbox 628 1272 691 1314; x_wconf 88' lang='grc'><strong>15.</strong></span> <span class='ocrx_word' id='word_1_152' title='bbox 753 1270 1049 1327; x_wconf 79' lang='grc' dir='ltr'><strong><em>Νεστοριανός]</em></strong></span> <span class='ocrx_word' id='word_1_153' title='bbox 1101 1273 1246 1313; x_wconf 87' lang='lat' dir='ltr'><strong>Nescio</strong></span> <span class='ocrx_word' id='word_1_154' title='bbox 1287 1287 1337 1312; x_wconf 85' lang='lat' dir='ltr'><strong>an</strong></span> <span class='ocrx_word' id='word_1_155' title='bbox 1378 1273 1490 1313; x_wconf 85' lang='lat' dir='ltr'><strong>istius</strong></span> <span class='ocrx_word' id='word_1_156' title='bbox 1529 1272 1722 1313; x_wconf 86' lang='lat' dir='ltr'><strong>Historici</strong></span> 
     </span>
     <span class='ocr_line' id='line_1_20' title="bbox 258 1327 617 1369; baseline 0.003 -3"><span class='ocrx_word' id='word_1_157' title='bbox 258 1327 325 1367; x_wconf 84' lang='lat' dir='ltr'><strong>alii</strong></span> <span class='ocrx_word' id='word_1_158' title='bbox 352 1328 617 1369; x_wconf 84' lang='lat' dir='ltr'><strong>meminerint.</strong></span> 
     </span>
    </p>

    <p class='ocr_par' dir='ltr' id='par_1_5' title="bbox 255 1381 1721 1494">
     <span class='ocr_line' id='line_1_21' title="bbox 374 1381 1721 1454; baseline -0.002 -27"><span class='ocrx_word' id='word_1_159' title='bbox 374 1385 590 1435; x_wconf 81' lang='lat' dir='ltr'><strong>Pag.599.</strong></span> <span class='ocrx_word' id='word_1_160' title='bbox 635 1387 700 1428; x_wconf 89' lang='lat'><strong>18</strong></span> <span class='ocrx_word' id='word_1_161' title='bbox 760 1383 953 1438; x_wconf 81' lang='grc' dir='ltr'><strong><em>Ζήνωνος</em></strong></span> <span class='ocrx_word' id='word_1_162' title='bbox 968 1381 1248 1454; x_wconf 87' lang='grc' dir='ltr'><strong><em>Αυγουστου,</em></strong></span> <span class='ocrx_word' id='word_1_163' title='bbox 1289 1385 1391 1438; x_wconf 86' lang='lat' dir='ltr'><strong>etc]</strong></span> <span class='ocrx_word' id='word_1_164' title='bbox 1450 1386 1557 1425; x_wconf 83' lang='lat' dir='ltr'><strong>Haec</strong></span> <span class='ocrx_word' id='word_1_165' title='bbox 1596 1385 1721 1426; x_wconf 83' lang='lat' dir='ltr'><strong>verba</strong></span> 
     </span>
     <span class='ocr_line' id='line_1_22' title="bbox 255 1439 1099 1494; baseline 0.005 -14"><span class='ocrx_word' id='word_1_166' title='bbox 255 1441 365 1481; x_wconf 89' lang='lat' dir='ltr'><strong>delet</strong></span> <span class='ocrx_word' id='word_1_167' title='bbox 394 1441 648 1490; x_wconf 80' lang='lat' dir='ltr'><strong>Holstenius,</strong></span> <span class='ocrx_word' id='word_1_168' title='bbox 679 1441 871 1494; x_wconf 88' lang='lat' dir='ltr'><strong>ponitque</strong></span> <span class='ocrx_word' id='word_1_169' title='bbox 901 1439 1099 1484; x_wconf 82' lang='grc' dir='ltr'><strong><em>α’νύπατα.</em></strong></span> 
     </span>
    </p>

    <p class='ocr_par' dir='ltr' id='par_1_6' title="bbox 253 1494 1722 1651">
     <span class='ocr_line' id='line_1_23' title="bbox 370 1494 1722 1552; baseline -0.001 -15"><span class='ocrx_word' id='word_1_170' title='bbox 370 1497 470 1549; x_wconf 83' lang='lat' dir='ltr'><strong>Pag.</strong></span> <span class='ocrx_word' id='word_1_171' title='bbox 503 1500 598 1541; x_wconf 89' lang='grc'>600.</span> <span class='ocrx_word' id='word_1_172' title='bbox 627 1501 666 1539; x_wconf 87' lang='grc'><strong>2.</strong></span> <span class='ocrx_word' id='word_1_173' title='bbox 724 1495 941 1552; x_wconf 59' lang='lat' dir='ltr'><strong>Absint-ov]</strong></span> <span class='ocrx_word' id='word_1_174' title='bbox 972 1499 1097 1538; x_wconf 81' lang='lat' dir='ltr'><strong>Addit</strong></span> <span class='ocrx_word' id='word_1_175' title='bbox 1125 1499 1231 1538; x_wconf 87' lang='lat' dir='ltr'><strong>idem</strong></span> <span class='ocrx_word' id='word_1_176' title='bbox 1260 1498 1441 1541; x_wconf 81' lang='lat' dir='ltr'><strong>Holsten.</strong></span> <span class='ocrx_word' id='word_1_177' title='bbox 1471 1494 1623 1551; x_wconf 79' lang='grc' dir='ltr'><strong><em>μόνον,</em></strong></span> <span class='ocrx_word' id='word_1_178' title='bbox 1653 1498 1722 1537; x_wconf 88' lang='lat' dir='ltr'><strong>de-</strong></span> 
     </span>
     <span class='ocr_line' id='line_1_24' title="bbox 253 1554 1721 1608; baseline 0.001 -15"><span class='ocrx_word' id='word_1_179' title='bbox 253 1554 390 1607; x_wconf 91' lang='lat' dir='ltr'><strong>letque</strong></span> <span class='ocrx_word' id='word_1_180' title='bbox 418 1568 558 1594; x_wconf 89' lang='lat' dir='ltr'><strong>vocem</strong></span> <span class='ocrx_word' id='word_1_181' title='bbox 581 1555 844 1606; x_wconf 83' lang='grc' dir='ltr'><strong><em>Βασιλίσκου,</em></strong></span> <span class='ocrx_word' id='word_1_182' title='bbox 875 1556 967 1608; x_wconf 84' lang='lat' dir='ltr'><strong>quia</strong></span> <span class='ocrx_word' id='word_1_183' title='bbox 997 1557 1102 1595; x_wconf 87' lang='lat' dir='ltr'><strong>forte</strong></span> <span class='ocrx_word' id='word_1_184' title='bbox 1129 1555 1311 1596; x_wconf 85' lang='lat' dir='ltr'><strong>Basilisci</strong></span> <span class='ocrx_word' id='word_1_185' title='bbox 1343 1561 1439 1608; x_wconf 85' lang='lat' dir='ltr'><strong>post</strong></span> <span class='ocrx_word' id='word_1_186' title='bbox 1466 1555 1721 1608; x_wconf 78' lang='lat' dir='ltr'><strong>tyrannidem</strong></span> 
     </span>
     <span class='ocr_line' id='line_1_25' title="bbox 253 1611 805 1652; baseline 0 -2"><span class='ocrx_word' id='word_1_187' title='bbox 253 1624 398 1650; x_wconf 88' lang='lat' dir='ltr'><strong>nomen</strong></span> <span class='ocrx_word' id='word_1_188' title='bbox 429 1625 449 1650; x_wconf 91' lang='lat' dir='ltr'><strong>e</strong></span> <span class='ocrx_word' id='word_1_189' title='bbox 478 1611 605 1650; x_wconf 82' lang='lat' dir='ltr'><strong>Fastis</strong></span> <span class='ocrx_word' id='word_1_190' title='bbox 634 1625 805 1652; x_wconf 85' lang='lat' dir='ltr'><strong>erasum.</strong></span> 
     </span>
    </p>

    <p class='ocr_par' dir='ltr' id='par_1_7' title="bbox 252 1664 1721 1890">
     <span class='ocr_line' id='line_1_26' title="bbox 371 1664 1721 1723; baseline -0.002 -13"><span class='ocrx_word' id='word_1_191' title='bbox 371 1671 462 1719; x_wconf 85' lang='lat' dir='ltr'><strong>Pag</strong></span> <span class='ocrx_word' id='word_1_192' title='bbox 493 1671 588 1712; x_wconf 89' lang='lat'><strong>600.</strong></span> <span class='ocrx_word' id='word_1_193' title='bbox 624 1671 662 1710; x_wconf 84' lang='lat'><strong>3.</strong></span> <span class='ocrx_word' id='word_1_194' title='bbox 721 1669 962 1710; x_wconf 83' lang='grc' dir='ltr'><strong><em>Βασιλίσκου</em></strong></span> <span class='ocrx_word' id='word_1_195' title='bbox 980 1669 1049 1711; x_wconf 83' lang='grc' dir='ltr'><strong>καὶ</strong></span> <span class='ocrx_word' id='word_1_196' title='bbox 1070 1664 1288 1723; x_wconf 79' lang='grc' dir='ltr'><strong>Αρμᾶτου]</strong></span> <span class='ocrx_word' id='word_1_197' title='bbox 1318 1667 1428 1707; x_wconf 89' lang='lat' dir='ltr'><strong>Haec</strong></span> <span class='ocrx_word' id='word_1_198' title='bbox 1444 1667 1597 1720; x_wconf 86' lang='lat' dir='ltr'><strong>pariter</strong></span> <span class='ocrx_word' id='word_1_199' title='bbox 1614 1667 1721 1707; x_wconf 88' lang='lat' dir='ltr'><strong>delet</strong></span> 
     </span>
     <span class='ocr_line' id='line_1_27' title="bbox 252 1721 1721 1778; baseline -0.001 -15"><span class='ocrx_word' id='word_1_200' title='bbox 252 1723 504 1774; x_wconf 73' lang='lat' dir='ltr'><strong>Holetenius,</strong></span> <span class='ocrx_word' id='word_1_201' title='bbox 538 1725 734 1778; x_wconf 87' lang='lat' dir='ltr'><strong>ponitque</strong></span> <span class='ocrx_word' id='word_1_202' title='bbox 766 1721 965 1767; x_wconf 75' lang='grc' dir='ltr'><strong><em>ἆνύπατα.</em></strong></span> <span class='ocrx_word' id='word_1_203' title='bbox 1015 1726 1088 1764; x_wconf 91' lang='lat' dir='ltr'><strong>Cui</strong></span> <span class='ocrx_word' id='word_1_204' title='bbox 1109 1726 1307 1765; x_wconf 80' lang='lat' dir='ltr'><strong>consentit</strong></span> <span class='ocrx_word' id='word_1_205' title='bbox 1321 1725 1597 1774; x_wconf 85' lang='lat' dir='ltr'><strong>Marcellinus,</strong></span> <span class='ocrx_word' id='word_1_206' title='bbox 1614 1724 1721 1764; x_wconf 85' lang='lat' dir='ltr'><strong>scri-</strong></span> 
     </span>
     <span class='ocr_line' id='line_1_28' title="bbox 252 1780 1719 1835; baseline 0 -16"><span class='ocrx_word' id='word_1_207' title='bbox 252 1780 350 1820; x_wconf 88' lang='lat' dir='ltr'><strong>bens</strong></span> <span class='ocrx_word' id='word_1_208' title='bbox 390 1781 498 1819; x_wconf 88' lang='lat' dir='ltr'><strong>hunc</strong></span> <span class='ocrx_word' id='word_1_209' title='bbox 534 1795 681 1821; x_wconf 82' lang='lat' dir='ltr'><strong>annum</strong></span> <span class='ocrx_word' id='word_1_210' title='bbox 719 1785 793 1821; x_wconf 76' lang='lat' dir='ltr'><strong>sine</strong></span> <span class='ocrx_word' id='word_1_211' title='bbox 838 1783 932 1822; x_wconf 79' lang='lat' dir='ltr'><strong>Coss.</strong></span> <span class='ocrx_word' id='word_1_212' title='bbox 971 1783 1110 1824; x_wconf 82' lang='lat' dir='ltr'><strong>fuisse.</strong></span> <span class='ocrx_word' id='word_1_213' title='bbox 1188 1782 1306 1835; x_wconf 87' lang='lat' dir='ltr'><strong>Apud</strong></span> <span class='ocrx_word' id='word_1_214' title='bbox 1344 1781 1568 1821; x_wconf 83' lang='lat' dir='ltr'><strong>victorium</strong></span> <span class='ocrx_word' id='word_1_215' title='bbox 1605 1794 1719 1827; x_wconf 85' lang='lat' dir='ltr'><strong>vero,</strong></span> 
     </span>
     <span class='ocr_line' id='line_1_29' title="bbox 253 1836 1719 1890; baseline 0.001 -15"><span class='ocrx_word' id='word_1_216' title='bbox 253 1837 426 1876; x_wconf 89' lang='lat' dir='ltr'><strong>Marium</strong></span> <span class='ocrx_word' id='word_1_217' title='bbox 454 1837 637 1879; x_wconf 82' lang='lat' dir='ltr'><strong>Aventic.</strong></span> <span class='ocrx_word' id='word_1_218' title='bbox 674 1845 714 1878; x_wconf 90' lang='lat' dir='ltr'><strong>et</strong></span> <span class='ocrx_word' id='word_1_219' title='bbox 746 1841 975 1878; x_wconf 85' lang='lat' dir='ltr'><strong>Senatorem</strong></span> <span class='ocrx_word' id='word_1_220' title='bbox 1013 1839 1080 1878; x_wconf 91' lang='lat' dir='ltr'><strong>hic</strong></span> <span class='ocrx_word' id='word_1_221' title='bbox 1115 1852 1242 1878; x_wconf 86' lang='lat' dir='ltr'><strong>annus</strong></span> <span class='ocrx_word' id='word_1_222' title='bbox 1278 1840 1334 1877; x_wconf 87' lang='lat' dir='ltr'><strong>ita</strong></span> <span class='ocrx_word' id='word_1_223' title='bbox 1364 1838 1643 1890; x_wconf 81' lang='lat' dir='ltr'><strong>consignatur.</strong></span> <span class='ocrx_word' id='word_1_224' title='bbox 1673 1836 1719 1876; x_wconf 89' lang='lat' dir='ltr'><strong>P.</strong></span> 
     </span>
    </p>

    <p class='ocr_par' dir='ltr' id='par_1_8' title="bbox 111 1893 1719 2116">
     <span class='ocr_line' id='line_1_30' title="bbox 111 1893 1719 1948; baseline -0.001 -14"><span class='ocrx_word' id='word_1_225' title='bbox 111 1898 142 1933; x_wconf 82' lang='grc' dir='ltr'>Ρ</span> <span class='ocrx_word' id='word_1_226' title='bbox 164 1898 234 1934; x_wconf 82' lang='grc'><strong>582</strong></span> <span class='ocrx_word' id='word_1_227' title='bbox 260 1894 299 1932; x_wconf 90' lang='lat' dir='ltr'><strong>C.</strong></span> <span class='ocrx_word' id='word_1_228' title='bbox 317 1894 494 1933; x_wconf 75' lang='lat' dir='ltr'><strong>Basilisci</strong></span> <span class='ocrx_word' id='word_1_229' title='bbox 510 1908 556 1934; x_wconf 93' lang='lat'><strong>11.</strong></span> <span class='ocrx_word' id='word_1_230' title='bbox 587 1899 620 1932; x_wconf 86' lang='lat' dir='ltr'><strong>et</strong></span> <span class='ocrx_word' id='word_1_231' title='bbox 638 1895 790 1934; x_wconf 85' lang='lat' dir='ltr'><strong>Armati.</strong></span> <span class='ocrx_word' id='word_1_232' title='bbox 848 1895 987 1935; x_wconf 88' lang='lat' dir='ltr'><strong>Victor</strong></span> <span class='ocrx_word' id='word_1_233' title='bbox 1017 1896 1188 1948; x_wconf 87' lang='lat' dir='ltr'><strong>denique</strong></span> <span class='ocrx_word' id='word_1_234' title='bbox 1215 1896 1403 1937; x_wconf 85' lang='lat' dir='ltr'><strong>Tunnun.</strong></span> <span class='ocrx_word' id='word_1_235' title='bbox 1433 1894 1483 1933; x_wconf 81' lang='lat' dir='ltr'><strong>ad</strong></span> <span class='ocrx_word' id='word_1_236' title='bbox 1511 1893 1621 1932; x_wconf 84' lang='lat' dir='ltr'><strong>hunc</strong></span> <span class='ocrx_word' id='word_1_237' title='bbox 1650 1907 1719 1932; x_wconf 84' lang='lat' dir='ltr'><strong>an-</strong></span> 
     </span>
     <span class='ocr_line' id='line_1_31' title="bbox 250 1949 1717 2004; baseline -0.001 -15"><span class='ocrx_word' id='word_1_238' title='bbox 250 1964 347 1989; x_wconf 89' lang='lat' dir='ltr'><strong>num</strong></span> <span class='ocrx_word' id='word_1_239' title='bbox 376 1949 522 1990; x_wconf 88' lang='lat' dir='ltr'><strong>haecce</strong></span> <span class='ocrx_word' id='word_1_240' title='bbox 552 1950 766 1990; x_wconf 83' lang='lat' dir='ltr'><strong>adscribit:</strong></span> <span class='ocrx_word' id='word_1_241' title='bbox 793 1951 892 1990; x_wconf 85' lang='lat' dir='ltr'><strong>Inter</strong></span> <span class='ocrx_word' id='word_1_242' title='bbox 911 1954 998 1991; x_wconf 62' lang='lat' dir='ltr'><strong>llaec</strong></span> <span class='ocrx_word' id='word_1_243' title='bbox 1019 1967 1110 2004; x_wconf 86' lang='lat' dir='ltr'><strong>quae</strong></span> <span class='ocrx_word' id='word_1_244' title='bbox 1129 1956 1232 2003; x_wconf 76' lang='lat' dir='ltr'><strong>gesta</strong></span> <span class='ocrx_word' id='word_1_245' title='bbox 1257 1956 1361 2000; x_wconf 81' lang='lat' dir='ltr'><strong>sunt,</strong></span> <span class='ocrx_word' id='word_1_246' title='bbox 1391 1954 1477 2002; x_wconf 81' lang='lat' dir='ltr'><strong>quia</strong></span> <span class='ocrx_word' id='word_1_247' title='bbox 1495 1951 1617 1990; x_wconf 77' lang='lat' dir='ltr'><strong>nullus</strong></span> <span class='ocrx_word' id='word_1_248' title='bbox 1639 1950 1717 1990; x_wconf 71' lang='lat' dir='ltr'><strong>Cos.</strong></span> 
     </span>
     <span class='ocr_line' id='line_1_32' title="bbox 250 2007 1716 2060; baseline 0 -15"><span class='ocrx_word' id='word_1_249' title='bbox 250 2010 417 2055; x_wconf 71' lang='lat' dir='ltr'><strong>accessit,</strong></span> <span class='ocrx_word' id='word_1_250' title='bbox 456 2011 490 2046; x_wconf 88' lang='lat' dir='ltr'><strong>et</strong></span> <span class='ocrx_word' id='word_1_251' title='bbox 512 2007 713 2047; x_wconf 74' lang='lat' dir='ltr'><strong>Basi&#39;lzscus</strong></span> <span class='ocrx_word' id='word_1_252' title='bbox 743 2012 916 2060; x_wconf 71' lang='lat' dir='ltr'><strong>tyrannus</strong></span> <span class='ocrx_word' id='word_1_253' title='bbox 944 2023 969 2048; x_wconf 89' lang='grc' dir='ltr'><em>α</em></span> <span class='ocrx_word' id='word_1_254' title='bbox 999 2010 1196 2048; x_wconf 75' lang='lat' dir='ltr'><strong>Consulatu</strong></span> <span class='ocrx_word' id='word_1_255' title='bbox 1229 2010 1390 2057; x_wconf 78' lang='lat' dir='ltr'><strong>recessit,</strong></span> <span class='ocrx_word' id='word_1_256' title='bbox 1437 2008 1608 2047; x_wconf 78' lang='lat' dir='ltr'><strong>Armatus</strong></span> <span class='ocrx_word' id='word_1_257' title='bbox 1638 2007 1716 2046; x_wconf 73' lang='lat' dir='ltr'><strong>Cos.</strong></span> 
     </span>
     <span class='ocr_line' id='line_1_33' title="bbox 245 2065 860 2116; baseline 0.002 -14"><span class='ocrx_word' id='word_1_258' title='bbox 245 2066 428 2116; x_wconf 74' lang='lat' dir='ltr'><strong>praesenti</strong></span> <span class='ocrx_word' id='word_1_259' title='bbox 452 2077 547 2102; x_wconf 88' lang='lat' dir='ltr'><strong>anno</strong></span> <span class='ocrx_word' id='word_1_260' title='bbox 577 2065 654 2103; x_wconf 82' lang='lat' dir='ltr'><strong>Cos.</strong></span> <span class='ocrx_word' id='word_1_261' title='bbox 680 2067 860 2104; x_wconf 75' lang='lat' dir='ltr'><strong>remansit.</strong></span> 
     </span>
    </p>

    <p class='ocr_par' dir='ltr' id='par_1_9' title="bbox 250 2115 1718 2230">
     <span class='ocr_line' id='line_1_34' title="bbox 367 2115 1718 2176; baseline -0.002 -13"><span class='ocrx_word' id='word_1_262' title='bbox 367 2123 459 2170; x_wconf 83' lang='lat' dir='ltr'><strong>Pag·</strong></span> <span class='ocrx_word' id='word_1_263' title='bbox 489 2124 585 2163; x_wconf 91' lang='lat'><strong>600</strong></span> <span class='ocrx_word' id='word_1_264' title='bbox 615 2121 655 2164; x_wconf 89' lang='lat'>4</span> <span class='ocrx_word' id='word_1_265' title='bbox 711 2120 909 2174; x_wconf 82' lang='grc' dir='ltr'><strong><em>Λίτηθεὶς</em></strong></span> <span class='ocrx_word' id='word_1_266' title='bbox 931 2122 1116 2176; x_wconf 76' lang='grc' dir='ltr'><strong><em>πρᾶγμα]</em></strong></span> <span class='ocrx_word' id='word_1_267' title='bbox 1149 2121 1320 2172; x_wconf 83' lang='lat' dir='ltr'><strong>Glycas:</strong></span> <span class='ocrx_word' id='word_1_268' title='bbox 1349 2136 1404 2169; x_wconf 89' lang='grc' dir='ltr'><strong>ως</strong></span> <span class='ocrx_word' id='word_1_269' title='bbox 1423 2117 1533 2173; x_wconf 83' lang='grc' dir='ltr'><strong>παροῖ</strong></span> <span class='ocrx_word' id='word_1_270' title='bbox 1550 2115 1718 2174; x_wconf 70' lang='grc' dir='ltr'><strong><em>γνώμην</em></strong></span> 
     </span>
     <span class='ocr_line' id='line_1_35' title="bbox 250 2172 654 2230; baseline 0 -13"><span class='ocrx_word' id='word_1_271' title='bbox 250 2172 376 2230; x_wconf 69' lang='grc' dir='ltr'><strong><em>αὐτῆς</em></strong></span> <span class='ocrx_word' id='word_1_272' title='bbox 400 2173 654 2229; x_wconf 81' lang='grc' dir='ltr'><em>βασιλεύσας.</em></span> 
     </span>
    </p>

    <p class='ocr_par' dir='ltr' id='par_1_10' title="bbox 249 2227 1717 2510">
     <span class='ocr_line' id='line_1_36' title="bbox 367 2227 1717 2287; baseline -0.004 -11"><span class='ocrx_word' id='word_1_273' title='bbox 367 2235 459 2283; x_wconf 79' lang='lat' dir='ltr'><strong>Pag·</strong></span> <span class='ocrx_word' id='word_1_274' title='bbox 490 2236 585 2276; x_wconf 89' lang='lat'><strong>600.</strong></span> <span class='ocrx_word' id='word_1_275' title='bbox 613 2238 652 2277; x_wconf 91' lang='lat'><strong>6</strong></span> <span class='ocrx_word' id='word_1_276' title='bbox 712 2232 795 2274; x_wconf 86' lang='grc' dir='ltr'><strong>Και</strong></span> <span class='ocrx_word' id='word_1_277' title='bbox 827 2227 1053 2287; x_wconf 82' lang='grc' dir='ltr'><strong><em>φοβηθεις]</em></strong></span> <span class='ocrx_word' id='word_1_278' title='bbox 1101 2232 1331 2272; x_wconf 83' lang='lat' dir='ltr'><strong>Damascius</strong></span> <span class='ocrx_word' id='word_1_279' title='bbox 1367 2232 1410 2271; x_wconf 91' lang='lat' dir='ltr'><strong>in</strong></span> <span class='ocrx_word' id='word_1_280' title='bbox 1449 2231 1541 2271; x_wconf 86' lang='lat' dir='ltr'><strong>Vita</strong></span> <span class='ocrx_word' id='word_1_281' title='bbox 1568 2230 1717 2271; x_wconf 84' lang='lat' dir='ltr'><strong>Isidori</strong></span> 
     </span>
     <span class='ocr_line' id='line_1_37' title="bbox 251 2285 1715 2344; baseline -0.001 -15"><span class='ocrx_word' id='word_1_282' title='bbox 251 2285 384 2329; x_wconf 78' lang='grc' dir='ltr'><strong><em>δειλὸν</em></strong></span> <span class='ocrx_word' id='word_1_283' title='bbox 416 2292 467 2344; x_wconf 81' lang='grc' dir='ltr'><strong>τῇ</strong></span> <span class='ocrx_word' id='word_1_284' title='bbox 494 2286 617 2341; x_wconf 83' lang='grc' dir='ltr'><em>φύσει</em></span> <span class='ocrx_word' id='word_1_285' title='bbox 654 2291 852 2329; x_wconf 87' lang='lat' dir='ltr'><strong>Zenonem</strong></span> <span class='ocrx_word' id='word_1_286' title='bbox 897 2290 1019 2329; x_wconf 86' lang='lat' dir='ltr'><strong>fuisse</strong></span> <span class='ocrx_word' id='word_1_287' title='bbox 1066 2290 1204 2329; x_wconf 87' lang='lat' dir='ltr'><strong>tradit.</strong></span> <span class='ocrx_word' id='word_1_288' title='bbox 1273 2290 1444 2338; x_wconf 82' lang='lat' dir='ltr'><strong>Contra,</strong></span> <span class='ocrx_word' id='word_1_289' title='bbox 1481 2288 1715 2340; x_wconf 77' lang='lat' dir='ltr'><strong>Anonymus</strong></span> 
     </span>
     <span class='ocr_line' id='line_1_38' title="bbox 251 2330 1716 2414; baseline -0.001 -30"><span class='ocrx_word' id='word_1_290' title='bbox 251 2330 483 2384; x_wconf 80' lang='lat' dir='ltr'><strong>Valesianus</strong></span> <span class='ocrx_word' id='word_1_291' title='bbox 513 2346 566 2384; x_wconf 88' lang='lat' dir='ltr'><strong>ait</strong></span> <span class='ocrx_word' id='word_1_292' title='bbox 595 2347 769 2386; x_wconf 83' lang='lat' dir='ltr'><strong>Zenonem</strong></span> <span class='ocrx_word' id='word_1_293' title='bbox 786 2348 904 2414; x_wconf 76' lang='lat' dir='ltr'><strong>fuisse</strong></span> <span class='ocrx_word' id='word_1_294' title='bbox 926 2348 1093 2387; x_wconf 80' lang='lat' dir='ltr'><strong>Isauriae</strong></span> <span class='ocrx_word' id='word_1_295' title='bbox 1123 2347 1398 2395; x_wconf 81' lang='lat' dir='ltr'><strong>nobilissimum,</strong></span> <span class='ocrx_word' id='word_1_296' title='bbox 1430 2347 1558 2398; x_wconf 79' lang='lat' dir='ltr'><strong>quique</strong></span> <span class='ocrx_word' id='word_1_297' title='bbox 1583 2345 1716 2395; x_wconf 74' lang='lat' dir='ltr'><strong>dignus</strong></span> 
     </span>
     <span class='ocr_line' id='line_1_39' title="bbox 250 2401 1714 2456; baseline -0.001 -15"><span class='ocrx_word' id='word_1_298' title='bbox 250 2405 338 2441; x_wconf 79' lang='lat' dir='ltr'><strong>esset</strong></span> <span class='ocrx_word' id='word_1_299' title='bbox 355 2403 479 2454; x_wconf 85' lang='lat' dir='ltr'><strong>filiam</strong></span> <span class='ocrx_word' id='word_1_300' title='bbox 498 2402 727 2453; x_wconf 80' lang='lat' dir='ltr'><strong>Imperatoris</strong></span> <span class='ocrx_word' id='word_1_301' title='bbox 741 2407 917 2456; x_wconf 85' lang='lat' dir='ltr'><strong>accipere,</strong></span> <span class='ocrx_word' id='word_1_302' title='bbox 946 2405 1138 2443; x_wconf 79' lang='lat' dir='ltr'><strong>exercitum</strong></span> <span class='ocrx_word' id='word_1_303' title='bbox 1164 2406 1205 2443; x_wconf 85' lang='lat' dir='ltr'><strong>in</strong></span> <span class='ocrx_word' id='word_1_304' title='bbox 1229 2416 1350 2454; x_wconf 86' lang='lat' dir='ltr'><strong>arma,</strong></span> <span class='ocrx_word' id='word_1_305' title='bbox 1379 2415 1424 2442; x_wconf 85' lang='lat' dir='ltr'><strong>ac</strong></span> <span class='ocrx_word' id='word_1_306' title='bbox 1453 2404 1492 2441; x_wconf 82' lang='lat' dir='ltr'><strong>in</strong></span> <span class='ocrx_word' id='word_1_307' title='bbox 1514 2401 1714 2454; x_wconf 63' lang='lat' dir='ltr'><strong>Republica</strong></span> 
     </span>
     <span class='ocr_line' id='line_1_40' title="bbox 249 2459 771 2510; baseline 0 -12"><span class='ocrx_word' id='word_1_308' title='bbox 249 2460 386 2498; x_wconf 85' lang='lat' dir='ltr'><strong>omnino</strong></span> <span class='ocrx_word' id='word_1_309' title='bbox 416 2459 771 2510; x_wconf 80' lang='lat' dir='ltr'><strong>providentissimum.</strong></span> 
     </span>
    </p>

    <p class='ocr_par' dir='ltr' id='par_1_11' title="bbox 102 2514 1266 2567">
     <span class='ocr_line' id='line_1_41' title="bbox 102 2514 1266 2567; baseline 0.005 -17"><span class='ocrx_word' id='word_1_310' title='bbox 102 2514 133 2550; x_wconf 88' lang='lat' dir='ltr'>V</span> <span class='ocrx_word' id='word_1_311' title='bbox 158 2516 228 2553; x_wconf 88' lang='grc'><strong>516</strong></span> <span class='ocrx_word' id='word_1_312' title='bbox 367 2517 460 2565; x_wconf 84' lang='lat' dir='ltr'><strong>Pag.</strong></span> <span class='ocrx_word' id='word_1_313' title='bbox 488 2517 583 2557; x_wconf 90' lang='lat'><strong>600.</strong></span> <span class='ocrx_word' id='word_1_314' title='bbox 609 2520 649 2558; x_wconf 86' lang='grc'><strong>7.</strong></span> <span class='ocrx_word' id='word_1_315' title='bbox 708 2515 835 2567; x_wconf 72' lang='grc' dir='ltr'>Ωκει]</span> <span class='ocrx_word' id='word_1_316' title='bbox 867 2516 964 2555; x_wconf 87' lang='lat' dir='ltr'><strong>Cod.</strong></span> <span class='ocrx_word' id='word_1_317' title='bbox 996 2515 1121 2554; x_wconf 82' lang='lat' dir='ltr'><strong>Vatic.</strong></span> <span class='ocrx_word' id='word_1_318' title='bbox 1152 2515 1266 2556; x_wconf 81' lang='grc' dir='ltr'><strong><em>οἰκεῖ.</em></strong></span> 
     </span>
    </p>

    <p class='ocr_par' dir='ltr' id='par_1_12' title="bbox 252 2567 1711 2680">
     <span class='ocr_line' id='line_1_42' title="bbox 364 2567 1711 2624; baseline 0 -14"><span class='ocrx_word' id='word_1_319' title='bbox 364 2569 457 2610; x_wconf 83' lang='lat' dir='ltr'><strong>Ibid.</strong></span> <span class='ocrx_word' id='word_1_320' title='bbox 520 2567 702 2623; x_wconf 83' lang='grc' dir='ltr'><strong><em>Ποιήσας</em></strong></span> <span class='ocrx_word' id='word_1_321' title='bbox 725 2568 972 2624; x_wconf 86' lang='grc' dir='ltr'><strong><em>πρόκεσσον]</em></strong></span> <span class='ocrx_word' id='word_1_322' title='bbox 1012 2572 1232 2611; x_wconf 85' lang='lat' dir='ltr'><strong>Jornandes</strong></span> <span class='ocrx_word' id='word_1_323' title='bbox 1261 2570 1310 2610; x_wconf 92' lang='lat' dir='ltr'><strong>de</strong></span> <span class='ocrx_word' id='word_1_324' title='bbox 1337 2571 1510 2621; x_wconf 87' lang='lat' dir='ltr'><strong>Regnor.</strong></span> <span class='ocrx_word' id='word_1_325' title='bbox 1539 2583 1711 2610; x_wconf 81' lang='lat' dir='ltr'><strong>success.</strong></span> 
     </span>
     <span class='ocr_line' id='line_1_43' title="bbox 252 2627 1596 2697; baseline -0.002 -30"><span class='ocrx_word' id='word_1_326' title='bbox 252 2628 349 2668; x_wconf 88' lang='lat' dir='ltr'><strong>Dum</strong></span> <span class='ocrx_word' id='word_1_327' title='bbox 360 2629 576 2680; x_wconf 70' lang='lat' dir='ltr'><strong>processibus</strong></span> <span class='ocrx_word' id='word_1_328' title='bbox 597 2628 813 2667; x_wconf 84' lang='lat' dir='ltr'><strong>Chalcedone</strong></span> <span class='ocrx_word' id='word_1_329' title='bbox 821 2629 982 2697; x_wconf 84' lang='lat' dir='ltr'><strong>degeret.</strong></span> <span class='ocrx_word' id='word_1_330' title='bbox 1041 2628 1141 2667; x_wconf 87' lang='lat' dir='ltr'><strong>Vide</strong></span> <span class='ocrx_word' id='word_1_331' title='bbox 1171 2634 1385 2678; x_wconf 81' lang='lat' dir='ltr'><strong>utrumque</strong></span> <span class='ocrx_word' id='word_1_332' title='bbox 1416 2627 1596 2667; x_wconf 84' lang='lat' dir='ltr'><strong>Glossar.</strong></span> 
     </span>
    </p>

    <p class='ocr_par' dir='ltr' id='par_1_13' title="bbox 250 2678 1712 2906">
     <span class='ocr_line' id='line_1_44' title="bbox 366 2678 1712 2736; baseline -0.004 -7"><span class='ocrx_word' id='word_1_333' title='bbox 366 2683 462 2735; x_wconf 73' lang='lat' dir='ltr'><em>Pag·</em></span> <span class='ocrx_word' id='word_1_334' title='bbox 491 2687 588 2728; x_wconf 86' lang='grc'><strong>600</strong></span> <span class='ocrx_word' id='word_1_335' title='bbox 620 2688 659 2728; x_wconf 92' lang='grc'><strong>9.</strong></span> <span class='ocrx_word' id='word_1_336' title='bbox 718 2686 782 2732; x_wconf 78' lang='grc' dir='ltr'><strong>Ως</strong></span> <span class='ocrx_word' id='word_1_337' title='bbox 809 2679 863 2736; x_wconf 79' lang='grc' dir='ltr'><strong>ἧι</strong></span> <span class='ocrx_word' id='word_1_338' title='bbox 892 2684 915 2725; x_wconf 82' lang='grc' dir='ltr'>ὁ</span> <span class='ocrx_word' id='word_1_339' title='bbox 944 2681 1162 2735; x_wconf 83' lang='grc' dir='ltr'><strong><em>Βασιλευς]</em></strong></span> <span class='ocrx_word' id='word_1_340' title='bbox 1201 2684 1369 2722; x_wconf 84' lang='lat' dir='ltr'><strong>Videtur</strong></span> <span class='ocrx_word' id='word_1_341' title='bbox 1396 2683 1610 2734; x_wconf 87' lang='lat' dir='ltr'><strong>legendum</strong></span> <span class='ocrx_word' id='word_1_342' title='bbox 1640 2678 1712 2735; x_wconf 69' lang='grc' dir='ltr'><strong>εἶφ’</strong></span> 
     </span>
     <span class='ocr_line' id='line_1_45' title="bbox 250 2734 1710 2812; baseline 0 -33"><span class='ocrx_word' id='word_1_343' title='bbox 250 2734 323 2794; x_wconf 79' lang='grc' dir='ltr'><strong>ἧς,</strong></span> <span class='ocrx_word' id='word_1_344' title='bbox 353 2746 398 2779; x_wconf 88' lang='lat' dir='ltr'><strong>ut</strong></span> <span class='ocrx_word' id='word_1_345' title='bbox 427 2746 487 2780; x_wconf 88' lang='lat' dir='ltr'><strong>est</strong></span> <span class='ocrx_word' id='word_1_346' title='bbox 502 2740 622 2812; x_wconf 80' lang='lat' dir='ltr'><strong>apud</strong></span> <span class='ocrx_word' id='word_1_347' title='bbox 650 2741 892 2793; x_wconf 85' lang='lat' dir='ltr'><strong>Procopium</strong></span> <span class='ocrx_word' id='word_1_348' title='bbox 924 2740 992 2779; x_wconf 88' lang='lat' dir='ltr'><strong>lib.</strong></span> <span class='ocrx_word' id='word_1_349' title='bbox 1020 2755 1046 2779; x_wconf 88' lang='lat'><strong>1.</strong></span> <span class='ocrx_word' id='word_1_350' title='bbox 1076 2740 1242 2779; x_wconf 86' lang='lat' dir='ltr'><strong>Vandal.</strong></span> <span class='ocrx_word' id='word_1_351' title='bbox 1281 2753 1369 2791; x_wconf 80' lang='lat' dir='ltr'><strong>cap.</strong></span> <span class='ocrx_word' id='word_1_352' title='bbox 1403 2753 1475 2778; x_wconf 86' lang='lat' dir='ltr'><strong>vu.</strong></span> <span class='ocrx_word' id='word_1_353' title='bbox 1506 2739 1564 2787; x_wconf 85' lang='grc' dir='ltr'><strong>εἰς</strong></span> <span class='ocrx_word' id='word_1_354' title='bbox 1594 2741 1710 2779; x_wconf 87' lang='grc' dir='ltr'><strong><em>Ισαυ-</em></strong></span> 
     </span>
     <span class='ocr_line' id='line_1_46' title="bbox 254 2791 1710 2851; baseline -0.002 -14"><span class='ocrx_word' id='word_1_355' title='bbox 254 2797 367 2850; x_wconf 86' lang='grc' dir='ltr'><strong><em>ρίαν,</em></strong></span> <span class='ocrx_word' id='word_1_356' title='bbox 399 2792 471 2848; x_wconf 85' lang='grc' dir='ltr'><strong>αφ’</strong></span> <span class='ocrx_word' id='word_1_357' title='bbox 490 2791 541 2849; x_wconf 79' lang='grc' dir='ltr'><strong>ἧς</strong></span> <span class='ocrx_word' id='word_1_358' title='bbox 562 2794 614 2850; x_wconf 86' lang='grc' dir='ltr'><strong>δη</strong></span> <span class='ocrx_word' id='word_1_359' title='bbox 636 2795 819 2850; x_wconf 78' lang='grc' dir='ltr'><strong><em>ωρμᾶτο,</em></strong></span> <span class='ocrx_word' id='word_1_360' title='bbox 849 2792 1138 2851; x_wconf 81' lang='grc' dir='ltr'><strong>διαφυγόντος,</strong></span> <span class='ocrx_word' id='word_1_361' title='bbox 1165 2795 1209 2835; x_wconf 90' lang='lat' dir='ltr'><strong>id</strong></span> <span class='ocrx_word' id='word_1_362' title='bbox 1229 2803 1309 2846; x_wconf 85' lang='lat' dir='ltr'><strong>est,</strong></span> <span class='ocrx_word' id='word_1_363' title='bbox 1336 2797 1431 2835; x_wconf 83' lang='lat' dir='ltr'><strong>unde</strong></span> <span class='ocrx_word' id='word_1_364' title='bbox 1452 2800 1551 2834; x_wconf 72' lang='lat' dir='ltr'><strong>ortus</strong></span> <span class='ocrx_word' id='word_1_365' title='bbox 1568 2795 1710 2847; x_wconf 82' lang='lat' dir='ltr'><strong>fuerat,</strong></span> 
     </span>
     <span class='ocr_line' id='line_1_47' title="bbox 254 2851 1710 2906; baseline -0.001 -14"><span class='ocrx_word' id='word_1_366' title='bbox 254 2859 297 2892; x_wconf 91' lang='lat' dir='ltr'><strong>ut</strong></span> <span class='ocrx_word' id='word_1_367' title='bbox 325 2853 463 2893; x_wconf 75' lang='lat' dir='ltr'><strong>scm&#39;bit</strong></span> <span class='ocrx_word' id='word_1_368' title='bbox 491 2854 630 2895; x_wconf 84' lang='lat' dir='ltr'><strong>Victor</strong></span> <span class='ocrx_word' id='word_1_369' title='bbox 657 2853 1219 2906; x_wconf 84' lang='lat' dir='ltr'><strong>Tunnunensis.Perpe1·am</strong></span> <span class='ocrx_word' id='word_1_370' title='bbox 1257 2866 1353 2892; x_wconf 73' lang='lat' dir='ltr'><strong>vexo</strong></span> <span class='ocrx_word' id='word_1_371' title='bbox 1395 2851 1542 2904; x_wconf 83' lang='lat' dir='ltr'><strong>fugisse</strong></span> <span class='ocrx_word' id='word_1_372' title='bbox 1579 2852 1710 2891; x_wconf 89' lang='lat' dir='ltr'><strong>Zeno-</strong></span> 
     </span>
    </p>
   </div>
  </div>
 </body>
</html>
