1884 3262
320 185 417 232 106
642 185 885 229 SELECTA
919 186 992 228 AD
1020 186 1512 234 ILLUSTRATIONEM

314 296 395 335 hoe
414 296 682 335 Salmanassar
701 296 790 335 Rex
808 295 1066 349 Assyriorum
1086 310 1153 337 eos
1173 299 1239 351 qui
1262 305 1375 338 erant
1392 299 1436 338 in
1457 299 1635 338 Samaria
1657 305 1787 338 trans-

314 353 501 405 migravit
517 354 560 392 in
579 352 751 392 Mediam
774 359 814 392 et
833 354 1104 406 Babyloniam.

428 411 523 449 Post
553 409 708 458 Achas,
737 411 918 461 regnavit
940 411 1046 450 filius
1073 411 1157 464 ejus
1186 411 1377 452 Ezechias
1405 412 1520 451 annis
1546 426 1645 453 xxv.
1702 412 1785 452 Sub

315 466 396 506 hoc
414 465 640 519 Prophetae
660 466 814 518 Esaias,
847 467 1040 517 Micheas,
1066 475 1105 507 et
1127 469 1242 508 Osee.

430 525 526 563 Post
543 522 756 563 Ezechiam
768 552 780 570 ,
811 524 917 563 filius
936 525 1019 576 ejus
1038 525 1219 564 Manasse
1238 539 1327 564 ann.
1349 537 1415 564 ΙΝ.

428 581 526 619 Post
540 581 743 631 Mamsse,
772 588 913 632 regnat
928 581 1034 620 filius
1051 583 1136 636 ejus
1162 583 1285 620 Amos
1307 581 1420 620 annis
1440 580 1613 621 duobus.

428 637 525 676 Post
544 638 666 676 Amos
687 645 828 688 regnat
852 638 959 678 filius
990 639 1075 691 ejus
1106 638 1231 677 Josias
1261 638 1374 677 annis
1392 651 1510 679 xxm.
1566 637 1642 676 Hic
1669 637 1785 677 Idola

314 701 355 735 et
379 695 566 733 altarium
585 694 785 734 Samariae
807 695 1028 747 dissipavit.
1087 696 1169 734 Sub
1192 695 1271 734 hoc
1291 693 1443 734 Pascha
1465 694 1706 734 celebratum
1724 700 1784 734 est

316 765 419 790 anno
439 765 558 793 xvm.
574 752 684 802 regni
702 752 800 805 ejus.
857 753 958 791 Nam
975 766 1025 792 ex
1044 766 1124 805 quo
1147 759 1333 791 mortuus
1348 758 1407 791 est
1428 752 1521 791 Jesu
1537 752 1669 801 Nave,
1699 765 1784 789 non

315 814 376 848 est
395 815 599 848 servatum
619 808 768 848 Pascha
790 810 895 850 sicut
916 816 1026 848 tunc.
1084 809 1165 848 Sub
1184 809 1264 848 hoc
1285 809 1434 847 Celeias
1455 808 1653 847 Sacerdos
1668 814 1784 860 pater

313 865 505 904 Jeremiae
534 865 758 917 Prophetae
793 866 951 906 invenit
989 866 1033 904 in
1071 867 1257 905 sacrario'
1280 866 1428 906 librum
1451 865 1565 917 Legis
1590 865 1632 903 in
1663 878 1782 906 xvm.

316 936 420 961 anno
444 922 555 973 regni
581 922 723 963 Josiae.
784 922 1028 975 Prophetant
1055 930 1187 963 autem
1218 923 1292 962 sub
1318 937 1365 962 eo
1389 923 1506 962 Oliba
1527 935 1632 961 uxor
1649 921 1784 961 Sellim

315 979 351 1019 A
373 985 483 1018 veste
504 978 752 1030 Sacerdotis,
783 987 822 1019 et
842 980 1045 1029 Sofonias‚
1075 978 1116 1020 et
1145 980 1359 1031 Jeremias,
1390 980 1464 1019 sub
1493 992 1574 1032 quo
1601 978 1785 1018 Pseudo-

314 1035 518 1089 propheta
536 1035 724 1077 Ananias.

428 1093 524 1132 Post
540 1093 709 1142 Josiam,
736 1099 875 1144 regnat
895 1093 1084 1133 Sofonias
1111 1094 1223 1133 annis
1252 1093 1452 1146 quinque,
1480 1092 1682 1132 mensibus
1703 1104 1786 1132 un-

314 1149 457 1191 decim.

428 1206 522 1245 Post
542 1205 772 1256 Sofoniam,
807 1212 947 1257 regnat
972 1206 1141 1246 Joachas
1170 1206 1278 1246 filius
1305 1206 1389 1259 ejus
1416 1218 1570 1244 menses
1601 1211 1785 1257 quatuor.

313 1263 433 1302 Hune
451 1262 592 1312 ligavit
607 1262 767 1302 Nechao
789 1263 875 1302 Rex
894 1262 1089 1315 Aegypti,
1121 1264 1353 1302 et-adduxit
1373 1262 1415 1302 in
1436 1263 1685 1314 Aegyptum,
1715 1275 1787 1301 or-

314 1320 452 1359 dinato
470 1318 512 1356 in
527 1319 619 1358 loco
641 1319 726 1372 ejus
745 1318 961 1369 Eliachim,
996 1320 1065 1370 qui
1085 1321 1389 1370 cognominatus
1410 1325 1471 1358 est
1488 1318 1693 1368 Joachim,
1716 1331 1789 1358 re-

315 1382 411 1427 gnat
436 1376 551 1414 annis
569 1389 628 1416 xl.
687 1375 769 1414 Sub
801 1375 881 1414 hoc
905 1375 1125 1428 prophetat
1151 1377 1367 1424 Jeremias,
1395 1383 1436 1415 et
1460 1375 1586 1424 Buzi,
1616 1382 1655 1414 et
1676 1375 1789 1414 Urias

314 1432 421 1471 filius
454 1433 616 1470 Samace
654 1446 706 1471 ex
735 1432 1028 1475 Cariathiarim.
1095 1433 1230 1472 Hunc¹
1246 1432 1623 1472 Nabuchodonosor
1647 1431 1790 1484 ligavit

317 1488 467 1529 catenis
490 1489 615 1528 aereis
636 1488 815 1528 Joachim
834 1490 982 1541 Regem
1001 1490 1119 1540 Juda,
1150 1497 1190 1530 et
1211 1490 1330 1529 duxit
1350 1491 1390 1528 in
1411 1489 1648 1541 Babylonia.

367 1554 369 1559 ’
429 1546 527 1584 Post
557 1545 756 1594 Joachim,
786 1553 927 1597 regnat
949 1546 1058 1586 filius
1088 1548 1175 1601 ejus
1210 1546 1390 1591 Joachim
1423 1546 1536 1585 annis
1566 1546 1721 1595 tribus,
1750 1551 1790 1584 et

315 1602 427 1642 hunc
450 1601 563 1640 ducit
584 1602 635 1642 ad
652 1616 744 1642 eum
762 1602 1036 1656 compeditum
1054 1604 1429 1644 Nabuchodonosor
1451 1602 1537 1643 Rex
1556 1602 1790 1656 Babylonis,

315 1665 357 1699 et
374 1659 475 1698 alios
491 1672 583 1698 cum
603 1673 664 1699 eo.

425 1716 503 1755 Per
522 1717 673 1768 ipsum,
704 1717 962 1767 constituitur
989 1717 1032 1755 in
1055 1718 1148 1757 loco
1168 1718 1254 1771 ejus
1283 1719 1408 1757 frater
1436 1715 1642 1767 Joachim,
1672 1715 1788 1769 cujus

313 1785 461 1811 nomen
484 1773 668 1812 Sedecias
681 1802 692 1818 ,
713 1770 797 1826 'qui
821 1781 861 1813 et
881 1774 1113 1824 Jechonias,
1144 1775 1214 1826 qui
1231 1775 1412 1827 regnavit
1431 1774 1543 1812 annis
1564 1787 1628 1812 xx..

428 1829 475 1867 In
499 1843 604 1869 anno
626 1830 866 1871 duodecimo
886 1831 1186 1881 transmigravit
1207 1831 1319 1871 illum
1346 1832 1389 1870 in
1409 1829 1692 1882 Babyloniam,
1723 1829 1786 1867 ef-

315 1886 432 1925 fossis
460 1887 612 1935 oculis,
645 1894 684 1926 et
710 1889 910 1941 populum
923 1888 1172 1927 „transduxit
1201 1902 1292 1927 cum
1324 1902 1393 1936 eo,
1423 1893 1586 1941 praeter
1617 1899 1787 1939 paucos,

316 1943 387 1994 qui
412 1950 551 1995 postea
577 1944 618 1982 in
654 1944 880 1997 Aegyptum
918 1944 1221 1985 descenderunt.
1277 1944 1527 1998 Prophetant
1551 1950 1683 1988 autem
1711 1943 1786 1982 sub

313 1999 480 2039 Sedecia
497 2001 685 2040 Jeremias
704 2009 744 2041 et
765 2003 1005 2050 Ambacum3
1033 2002 1076 2040 in
1095 2016 1205 2041 anno
1223 2008 1353 2041 autem
1373 2014 1431 2043 11.
1449 2000 1563 2052 regni
1583 1999 1668 2052 ejus
1685 2013 1786 2052 pro-

313 2056 498 2110 phetavit
518 2059 560 2097 in
579 2059 800 2111 Babylonia
824 2058 1024 2099 Ezechiel.
1083 2059 1179 2097 Post
1201 2058 1311 2098 hunc
1341 2057 1563 2111 Prophetae
1591 2057 1720 2096 Naum
1747 2063 1788 2096 et

314 2114 555 2166 Malachias,
586 2122 626 2155 et
643 2116 836 2166 Danihel,
867 2117 937 2169 qui
965 2115 1069 2155 vidit
1097 2115 1147 2154 de
1168 2115 1440 2155 Hebdomadis
1468 2114 1510 2153 in
1529 2113 1660 2168 primo
1682 2127 1787 2152 anno

314 2172 425 2211 Darii
446 2173 587 2224 Regis,
612 2173 687 2212 filii
706 2173 870 2213 Assueri
885 2203 898 2224 ,
927 2172 981 2212 de
996 2172 1145 2212 semine
1160 2173 1388 2220 Medorum,
1420 2171 1490 2225 qui
1507 2171 1691 2223 regnavit
1712 2183 1788 2210 su-

316 2242 391 2282 per
408 2230 589 2281 Regnum
608 2229 889 2270 Chaldeorum.

431 2286 479 2324 In
497 2287 628 2339 primo
648 2293 782 2327 autem
802 2300 906 2326 anno
932 2285 1044 2337 regni
1073 2287 1136 2325 sui
1161 2285 1290 2338 Cyrus
1319 2285 1471 2325 dimisit
1493 2283 1691 2337 populum
1713 2296 1788 2323 re-

318 2342 404 2381 dire
422 2343 462 2381 in
480 2343 714 2383 Jerusalem.
773 2345 831 2382 Eo
851 2349 983 2382 autem
1003 2348 1211 2395 tempore,
1231 2356 1311 2395 quo
1331 2342 1528 2395 templum
1548 2339 1785 2385 aedificavit,

317 2399 564 2452 prophetant
581 2401 697 2439 simul
723 2401 883 2452 Aggeus
902 2406 944 2439 et
960 2398 1183 2440 Zacharias.
1242 2400 1340 2439 Post
1361 2412 1462 2451 quos
1482 2398 1664 2437 Neemias
1681 2396 1787 2436 filius

318 2456 459 2495 Acheli
488 2457 539 2496 de
569 2457 729 2496 Semine.
757 2457 882 2496 Israel
917 2456 1131 2496 fabricavit
1163 2455 1365 2495 civitatem
1395 2455 1664 2504 Hierusalem,
1695 2466 1786 2492 cum
1842 2474 1847 2477 ·

318 2519 420 2552 esset
443 2513 491 2552 ab
516 2514 632 2553 annis
649 2514 876 2554 Artaxersis
902 2513 1038 2564 Regis:
1068 2519 1110 2553 et
1133 2519 1228 2566 post
1254 2511 1365 2551 hunc
1391 2512 1594 2552 secundus
1618 2510 1786 2550 Mardo-

318 2569 484 2609 chaeus.

437 2626 554 2666 Fiunt
578 2626 702 2678 igitur
735 2640 757 2664 a
798 2625 927 2665 David
957 2637 1084 2677 usque
1113 2624 1356 2674 sedechiae,
1393 2623 1463 2676 qui
1506 2631 1545 2663 et
1573 2623 1785 2674 zeconiae,

319 2683 721 2735 transmigrationem,
747 2682 1022 2735 generationes
1040 2694 1164 2721 xvm.
1185 2695 1248 2721 an.
1267 2694 1538 2720 ccccnxxvm.
1559 2693 1715 2720 menses
1727 2691 1783 2720 11.

322 2740 370 2779 ab
392 2740 518 2779 Adam
539 2746 672 2780 autem
698 2753 827 2792 usque
852 2739 897 2778 in
927 2739 1313 2790 transmigrationem
1343 2737 1588 2790 Babyloniae
1615 2737 1690 2776 sub
1716 2737 1784 2776 Je-

323 2797 466 2836 chonia
478 2829 489 2847 ,
521 2799 793 2848 generationes
811 2810 865 2837 m.
887 2795 980 2836 anni
999 2809 1056 2835 ιν.
1073 2808 1309 2834 monacum.
1333 2807 1487 2834 menses
1504 2808 1561 2834 1x.

434 2854 486 2895 Et
504 2860 597 2907 post
621 2853 1008 2907 transmigrationem
1037 2852 1301 2906 Babyloniae,
1333 2864 1462 2904 usque
1484 2851 1536 2892 ad
1552 2848 1782 2903 generatio-
