1820 3276
432 218 492 263 ΙΝ
526 219 855 265 CHROMCON
889 221 1178 266 PASCHALE.
1456 219 1557 270 419

86 327 270 382 Scriptor
299 327 501 368 Chronici.
562 330 660 369 Cum
694 345 819 383 porro
840 331 1208 384 Syromacedonum
1227 329 1389 384 Epocha
1414 332 1557 384 vulga-

89 399 174 424 rem
194 385 343 425 Christi
363 385 565 439 Epocham
585 401 731 426 cccxn.
750 388 866 426 annis
891 389 1126 441 praecedat,
1154 389 1303 440 illaque
1323 389 1409 430 Kal.
1433 390 1557 430 Octo-

88 441 174 482 bris
193 443 321 487 ineat,
354 443 539 495 sequitur
557 457 705 483 annum
722 458 914 484 ncctxm.
942 445 1121 485 incidere
1149 446 1190 484 in
1224 459 1398 486 mensem
1420 447 1558 486 Octo·-

87 499 200 538 brem
222 501 314 539 anni
333 499 481 539 Christi
501 500 680 551 vulgaris
707 514 808 543 cnm.
842 515 974 541 mense
1001 515 1098 542 vero
1125 503 1344 543 Februario
1377 504 1557 555 sequenti

88 556 130 594 in
154 569 300 595 annum
319 557 602 609 Dionysianum
623 571 741 596 ann.
762 571 843 609 quo
863 557 1013 597 Pascha
1034 559 1166 598 extitit
1186 573 1310 598 xxnr.
1327 560 1481 611 Martii,
1511 575 1559 600 ac

87 612 261 666 proinde
297 613 422 651 media
454 614 700 666 Jejuniorum
734 615 952 667 septimana
981 616 1118 668 coepit
1151 616 1248 654 feria
1277 629 1306 655 1.
1342 616 1407 655 die
1437 631 1559 656 xviri.

88 670 234 709 mensis
264 669 494 718 Februarii,
524 670 594 722 qui
626 684 674 710 eo
700 685 802 709 anno
829 685 946 711 xxix.
969 672 1054 711 dies
1079 672 1221 711 habuit
1248 672 1301 710 oh
1321 672 1556 721 bissextum,

88 726 372 778 desinebatque
408 727 449 765 in
488 726 731 766 Dominicam
762 735 1019 780 sequentem,
1048 743 1165 773 xxiv.
1194 729 1372 781 ejusdem
1401 731 1558 770 mensis.

86 783 203 831 Quae
222 784 380 835 quidem
403 784 603 835 quadrant
631 784 794 826 omnino
823 798 915 824 cum
947 786 1126 825 Marcelli
1161 786 1422 836 Narratione,
1453 787 1558 826 scri-

87 840 240 889 bentis,
276 840 466 878 Uranium
485 840 728 894 Episcopum
756 842 890 893 Caput
908 843 948 881 S.
964 842 1124 884 Joannis
1151 843 1356 894 Baptistae
1387 856 1438 882 ex
1467 844 1558 882 loco

84 896 159 935 uhi
181 897 388 935 inventum
409 897 572 947 fuerat,
588 898 631 935 in
651 899 914 940 secretarium
931 899 1112 938 attulisse
1133 898 1198 937 die
1217 900 1422 939 Dominica
1440 913 1557 943 xxiv.

87 953 266 1006 ejusdem
286 954 491 992 Februarii
512 954 670 993 mensis.
728 955 812 994 Alia
842 955 993 1008 quippe
1021 956 1099 994 suit
1127 955 1256 994 media
1286 956 1558 1007 Quadragesi-

86 1024 173 1048 mae
192 1010 412 1062 septimana
437 1011 544 1063 apud
567 1011 762 1059 Graecos,
794 1012 843 1050 ab
873 1026 918 1051 ea
943 1025 1066 1064 quam
1090 1012 1220 1050 Latini
1245 1012 1458 1051 Medianum
1478 1027 1558 1052 vo-

82 1073 211 1115 cant,
252 1080 345 1106 cum
383 1067 491 1119 apud
522 1068 697 1106 Graecos
739 1067 809 1106 illa
845 1069 898 1107 sit
936 1082 1040 1120 quae
1073 1068 1299 1108 Medianum
1325 1070 1556 1108 Latinorum

84 1123 304 1180 praecedit.
364 1124 717 1175 Quadragesimam
761 1125 913 1178 quippe
950 1125 981 1163 ii
1021 1127 1283 1178 auspicantur
1310 1141 1333 1164 a
1366 1127 1482 1165 Feria
1512 1141 1558 1167 π.

84 1180 381 1231 sexagesimae,
410 1181 466 1219 ita
486 1187 534 1219 ut
560 1194 699 1220 revera
719 1194 803 1219 vm.
838 1181 1070 1234 septimanis
1090 1182 1159 1220 illa
1178 1188 1358 1233 constet,
1390 1197 1556 1235 quarum

85 1243 228 1292 quarta
270 1237 475 1276 Dominica
510 1237 681 1276 mediam
713 1237 1051 1289 Quadragesimae
1090 1237 1284 1287 conficit,
1332 1252 1435 1291 quae
1466 1239 1557 1278 ideo

84 1293 186 1346 μέση
208 1296 290 1334 τῶν
306 1296 519 1346 νηστειῶν,
550 1300 591 1333 et
608 1290 899 1347 μεσονήστιμος
918 1295 1161 1347 appellatur.
1209 1295 1309 1333 Nam
1337 1296 1444 1348 apud
1467 1310 1558 1334 eos-

85 1351 178 1390 dem
197 1351 398 1401 Graecos,
430 1357 475 1389 ut
492 1357 599 1389 recte
618 1350 809 1389 observat
830 1351 999 1389 Allatius
1012 1381 1022 1400 ,
1054 1351 1221 1402 quaevis
1240 1352 1458 1402 septimana
1483 1367 1558 1391 no,

83 1420 175 1446 men
206 1408 356 1460 accipit
387 1421 409 1446 a
440 1407 623 1459 sequenti
652 1407 880 1448 Dominica:
907 1407 1017 1459 quod
1039 1408 1158 1446 etiam
1181 1407 1366 1447 firmatur
1391 1422 1442 1447 ex
1465 1410 1559 1448 Ka·-

83 1463 264 1502 lendario
285 1463 523 1517 Aethiopico
550 1463 658 1517 apud
681 1465 951 1515 scaligerum,
978 1465 1020 1502 in
1051 1478 1132 1516 quo
1162 1465 1290 1503 media
1320 1465 1556 1517 Quadrage-

82 1521 182 1559 sima
213 1520 265 1559 ad
296 1520 401 1559 diem
429 1534 561 1560 xxvn.
592 1520 787 1571 refertur,
818 1520 887 1572 qui
918 1520 1029 1560 Mons
1063 1522 1221 1570 Oliveti,
1261 1535 1312 1560 ex
1339 1522 1557 1573 Evangelio

83 1577 164 1616 diei
187 1577 430 1630 appellatur.
490 1578 550 1616 Ex
567 1577 715 1629 quibus
736 1578 900 1616 omnino
921 1577 1136 1617 conficitur
1158 1577 1264 1616 hanc
1281 1578 1557 1618 inventionem

0 1641 2 1650 '
42 1658 46 1660 ν
85 1634 297 1688 contigisse
324 1648 431 1672 anno
453 1633 600 1672 Christi
624 1635 868 1686 Dionysiano
897 1647 1017 1673 cnmr.
1041 1648 1122 1673 non
1150 1647 1249 1673 vem
1274 1635 1479 1686 sequenti,
1511 1641 1559 1674 ut

81 1690 190 1730 velle
216 1690 408 1729 videntur
436 1690 690 1729 Marcellinus
719 1692 861 1730 Comes
884 1697 923 1731 et
951 1691 1104 1730 Auctor
1129 1690 1318 1729 Chronici
1343 1691 1558 1730 Paschalis.

83 1748 167 1787 Nec
186 1747 310 1786 refert
331 1747 442 1801 quod
459 1746 559 1785 haec
577 1748 760 1786 Iuventio
780 1747 831 1786 ad
850 1747 1114 1786 Indictionem
1135 1760 1190 1786 vl.
1214 1762 1237 1786 a
1257 1748 1488 1787 Marcellino
1518 1753 1558 1786 et

85 1804 260 1843 Auctore
278 1802 471 1842 Chronici
486 1803 702 1843 referatur:
725 1803 769 1844 id
791 1805 894 1842 enim
913 1804 1214 1856 intelligendum
1234 1803 1285 1842 de
1295 1805 1558 1843 translatione

83 1860 264 1914 ejusdem
298 1860 446 1913 Capitis
478 1861 518 1900 S.
538 1861 699 1899 Joannis
726 1875 777 1900 ex
807 1861 1057 1910 secretario,
1084 1860 1159 1899 ubi
1184 1861 1357 1913 primum
1387 1861 1558 1914 deposi-

82 1923 171 1956 tum
198 1918 328 1956 fuerat
339 1945 352 1965 ‚
383 1917 424 1955 in
440 1917 723 1956 Monasterium
743 1917 901 1973 Spelaei
919 1918 1168 1971 appellatum
1180 1946 1191 1967 ,
1220 1931 1269 1956 ac
1284 1923 1422 1970 postea
1442 1917 1558 1957 aedi-

82 1973 268 2022 ficatum,
299 1986 420 2025 quam
448 1973 592 2012 factam
624 1974 747 2013 fuisse
774 1987 891 2015 xxvx.
921 1973 1067 2014 mensis
1092 1973 1300 2025 Octobris,
1331 1974 1479 2014 indict.
1497 1987 1556 2012 VI.

84 2044 189 2069 anno
206 2026 616 2084 (Syromacedonum)
634 2043 829 2071 necnxm.
849 2037 959 2071 recte
979 2030 1120 2070 scribit
1140 2031 1291 2070 Auctor
1304 2030 1554 2070 Narrationis

82 2088 201 2127 istius
217 2086 486 2135 Inventionis,
516 2102 539 2126 a
559 2087 677 2126 nobis
698 2088 792 2127 olim
819 2087 963 2126 editus.
1021 2087 1184 2140 Quippe
1209 2087 1402 2139 temporis
1428 2086 1556 2139 pleri-

85 2156 165 2196 que
197 2142 447 2182 characteres
486 2143 686 2195 quadrant
715 2144 758 2183 in
792 2157 940 2183 annum
970 2157 1092 2183 cnm.
1156 2144 1257 2182 Nam
1288 2143 1464 2184 Indictio
1494 2156 1554 2183 vr.

85 2213 219 2240 mense
255 2199 427 2238 Octobri
457 2198 537 2238 hoc
575 2214 680 2239 anno
723 2201 854 2240 extitit
874 2230 885 2250 ‚
943 2206 983 2239 et
1019 2213 1145 2238 annus
1183 2199 1555 2251 Syromacedouum

82 2270 278 2296 ncaxm.
298 2255 378 2295 hoc
396 2258 486 2306 ipso
502 2269 635 2295 mense
653 2257 810 2296 initium
830 2256 1011 2307 sumpsit.
1071 2255 1253 2304 Quadrat
1276 2256 1396 2294 etiam
1418 2255 1556 2309 (quic-

87 2313 184 2365 quid
211 2312 321 2351 dicat
340 2313 516 2364 Scaliger
538 2313 579 2351 in
607 2313 800 2352 Canonib.
827 2311 1038 2364 Isagogicis
1066 2325 1156 2364 pag.
1177 2309 1290 2367 801.)
1316 2326 1445 2351 annus
1469 2313 1555 2351 An-

85 2369 295 2408 tiochenus
311 2383 366 2411 m.
390 2369 458 2421 qui
484 2368 610 2408 inibat
631 2383 653 2407 a
674 2382 808 2408 mense
827 2368 944 2407 Maio.
1002 2369 1054 2406 At
1071 2368 1114 2407 in
1142 2382 1247 2407 anno
1274 2383 1296 2410 a
1327 2371 1367 2408 S.
1391 2369 1555 2408 Joannis

84 2426 288 2478 Baptistae
303 2425 447 2476 caede,
478 2439 580 2477 quae
606 2425 774 2477 contigit
795 2439 901 2463 auno
929 2424 1081 2466 Christi
1098 2438 1215 2464 xxxi.
1248 2424 1419 2476 Augusti
1436 2439 1554 2464 xxix.

88 2482 139 2520 ad
163 2495 313 2521 annum
342 2496 423 2535 quo
448 2482 556 2521 illius
585 2483 714 2535 Caput
741 2482 948 2521 inventum
978 2481 1146 2530 volunt,
1177 2495 1310 2522 mense
1339 2481 1554 2521 Februario

88 2552 192 2577 anno
212 2553 326 2578 utin.
350 2545 469 2591 putat
487 2539 639 2579 Auctor
658 2538 846 2578 Chronici
869 2551 994 2576 anuos
1013 2551 1161 2577 cnxxv.
1179 2537 1326 2589 quibus
1344 2537 1379 2577 si
1396 2537 1554 2576 addan—

87 2601 158 2634 tur
184 2608 302 2634 xxxr.
331 2594 435 2634 fiunt
463 2595 557 2635 anni
587 2609 717 2634 cDLVI.
744 2595 951 2638 manifesto
990 2607 1141 2636 errore.
1198 2593 1370 2636 Proinde
1408 2600 1453 2631 ut
1484 2592 1554 2632 hic

89 2649 416 2693 characterismus
445 2665 537 2691 cum
566 2652 733 2691 caeteris
763 2651 959 2704 quadret,
988 2664 1064 2702 pro
1090 2645 1186 2691 υκέ.
1212 2650 1424 2699 legendum
1448 2646 1552 2690 υκοί.

88 2720 218 2760 prona
242 2707 538 2758 emendatione,
566 2714 614 2747 ut
638 2708 709 2748 fiat
739 2723 866 2748 annus
893 2720 1014 2746 cumr.
1035 2719 1170 2745 mense
1200 2706 1353 2744 scilicet
1371 2704 1554 2746 Octobri.

61 2782 63 2785 ·
88 2763 212 2811 Quod
231 2769 328 2804 vero
352 2764 579 2804 Marcellino
596 2765 745 2804 Comiti
770 2771 812 2804 et
835 2764 999 2805 sueton·
1027 2761 1216 2802 chronici
1238 2761 1438 2803 Paschalis
1465 2761 1554 2815 hal-

88 2819 342 2859 lucinationis
363 2820 607 2860 occasionem
627 2821 836 2874 praebuit,
868 2821 913 2862 id
931 2820 1030 2868 fuit,
1061 2819 1171 2871 quod
1192 2818 1462 2858 inventionem
1476 2819 1553 2858 Ca-

91 2876 186 2928 pitis
208 2878 246 2916 S.
264 2877 424 2916 Joannis
444 2878 644 2930 Baptistae
672 2891 762 2920 cum
787 2877 898 2916 illius
920 2875 1195 2917 Translatione
1210 2875 1252 2914 in
1269 2875 1552 2918 Monasterinm

1584 2033 1614 2069 V
1636 2034 1708 2070 510
