1884 3262
289 207 389 255 314
853 208 1178 251 NOTAE

403 316 500 368 Pag.
531 316 627 361 433.
656 319 698 360 3.
754 318 1025 371 Αντωνίνου]
1083 318 1144 358 Ita
1179 318 1287 357 Fasti
1334 316 1520 357 mati-ni:
1576 316 1647 355 sed
1686 316 1758 369 leg.

268 375 590 427 ’Σατουρνίνου,
629 380 677 413 ut
705 374 816 428 apud
845 374 1038 425 Dionem,
1064 382 1103 415 et
1129 375 1175 414 in.
1203 375 1367 414 cacteris
1396 374 1536 414 Fastis.

402 431 499 471 Ibid
543 427 701 488 Τούτῳ
728 434 784 486 τῷ
813 428 960 488 πρώτῳ
987 432 1088 484 ἔτει]
1137 433 1191 471 De
1222 445 1325 471 anno
1356 445 1437 483 quo
1468 432 1507 469 S.
1535 428 1759 483 Stephanus

288 489 472 540 Max-tyrii
500 473 684 540 palmam
702 495 763 528 est
792 475 985 543 adeptus,
1015 495 1174 542 praeter
1201 488 1440 538 Baronium,
1470 499 1569 539 prae
1593 485 1760 526 caeteris

289 545 370 597 egit
398 543 562 584 Hem-ic.
593 535 770 584 Valesius
798 545 850 583 ad
882 546 1042 586 Eusebii
1070 544 1480 585 Hist.Eccl.lib.1t.
1513 557 1607 596 cap.
1634 557 1660 582 1.

309 605 314 609 '
406 605 500 653 Pag
523 601 618 644 433.
650 605 714 645 20
779 599 832 643 Τὸ
853 599 899 644 δ’.
897 602 913 656 ]
960 604 1052 655 ch.
1082 600 1127 644 τό
1153 598 1202 656 β’.
1235 609 1282 642 ut
1309 603 1352 640 in
1381 600 1573 640 matianis
1602 605 1643 640 et
1671 598 1760 639 aliis

235 696 241 703 χ
287 658 438 708 Fastis,
470 665 511 698 et
545 658 655 711 apud
685 658 863 698 Dionem.

400 715 497 755 Ibid.
556 714 641 756 Καὶ
659 712 854 771 Λαργου]
903 715 1007 757 Vide
1032 715 1234 756 Norisium
1263 715 1305 754 iu
1338 714 1519 768 Epistola
1549 687 1762 753 Consului

286 783 378 826 pag
407 775 475 816 29
1752 800 1755 807 ³

401 829 499 869 Ibid.
562 825 818 881 Τοε’..][.θ8
847 825 965 897 voy'.

404 883 624 936 Pag.435.
659 885 723 928 14.
784 881 1032 938 Ιωσήππου]
1059 883 1142 926 Lib.
1164 900 1192 928 1.
1225 885 1279 925 de
1306 884 1418 927 Bello
1446 882 1537 923 sud.
1569 894 1656 935 cap.
1674 896 1762 926 xxx,

356 966 359 969 >
402 941 623 993 Pag.435.
665 945 730 985 16.
791 940 1019 995 Κράσσου]
1071 945 1162 995 Leg.
1202 943 1396 997 Κρίσσου.
1462 941 1525 980 Ita
1568 940 1760 992 Scaliger.

285 998 396 1040 Fasti
425 1013 587 1049 cumea,
617 1006 656 1039 et
687 1000 773 1040 Dio.

401 1056 498 1107 Pag.
534 1057 630 1099 435.
661 1060 727 1100 20.
788 1051 1064 1123 Οὕεννικίου]
1104 1056 1279 1095 Vinicium
1313 1060 1462 1094 vocant
1491 1053 1563 1092 nio
1584 1058 1626 1092 et
1643 1051 1764 1095 Fasti.

403 1113 500 1164 Pag·
530 1113 627 1156 436.
657 1114 697 1156 5·
757 1108 947 1165 Κλήμης]
982 1113 1028 1151 In
1056 1113 1264 1164 Recognit.
1295 1112 1362 1151 lib.
1391 1126 1435 1152 x.
1468 1124 1558 1163 cap.
1581 1123 1649 1149 Lx.
1678 1122 1762 1148 Lxx.

403 1169 645 1211 1&de
668 1167 887 1222 Τατιανὸς]
924 1169 1017 1208 Hoc
1051 1182 1131 1208 non
1170 1175 1281 1209 extat
1319 1169 1364 1207 in
1389 1168 1494 1208 libro
1525 1166 1575 1206 ad
1604 1172 1764 1219 gentes.

287 1240 380 1266 nam
408 1228 450 1265 is.
473 1226 549 1264 alia
581 1226 768 1278 scripsit,
802 1231 851 1264 ut
878 1232 1048 1266 testatur
1072 1227 1257 1274 Clemens
1287 1224 1594 1264 Alexandrinus.

405 1284 502 1333 Pag.
528 1282 627 1326 436.
657 1285 699 1325 8.
757 1285 1006 1331 Ασιατικοῦ]
1052 1284 1109 1322 De
1144 1283 1208 1322 his
1239 1283 1346 1322 Coss.
1385 1280 1653 1321 consulendus
1682 1282 1766 1321 No-

290 1339 410 1381 risius
441 1340 486 1378 in
516 1339 641 1391 Epist.
671 1339 881 1378 Consulari
909 1353 950 1392 p.
980 1341 1049 1382 32.

407 1396 628 1447 Pag.436.
662 1399 727 1439 19.
787 1393 1029 1449 Ιωσηππος]
1061 1395 1146 1435 Lib.
1177 1409 1221 1434 11.
1251 1394 1300 1434 de
1329 1393 1440 1435 Bello
1468 1394 1764 1447 Jud.cap,1n.

407 1453 631 1504 Pag.437.
666 1454 730 1498 15.
790 1455 854 1502 ,Ως
873 1452 978 1508 λέγει
998 1448 1310 1508 Χρυσόστομος]
1340 1452 1447 1492 Haec
1467 1452 1592 1492 verba
1620 1451 1767 1498 desunt

289 1511 332 1550 in
363 1510 460 1549 eod.
485 1510 692 1549 Holstenii.
1796 1513 1803 1519 ⁸

403 1567 501 1618 Pag·
530 1565 627 1610 444.
660 1570 698 1610 8.
757 1564 980 1619 Μηδέποτε
1008 1565 1230 1620 γίνεσθαι]
1255 1565 1300 1604 In
1328 1563 1410 1604 hac
1437 1565 1647 1606 Sententia
1672 1549 1766 1604 sunt'

289 1624 515 1676 Procopius
554 1624 736 1663 Gazaeus
787 1637 874 1676 cap.
904 1637 934 1662 1.
972 1631 1013 1662 et
1048 1637 1120 1663 vn.
1169 1623 1220 1662 ad
1257 1623 1476 1672 Genesim,
1522 1621 1766 1671 Lactantius,

278 1680 626 1736 ‘chrysostomuffi
658 1682 936 1722 Damascenus.
994 1680 1117 1729 Quod
1146 1680 1180 1718 si
1209 1679 1261 1719 de
1290 1679 1413 1719 Coelo
1431 1679 1633 1732 Empyreo
1650 1684 1768 1719 esset

289 1751 448 1788 sermo,
487 1751 570 1777 non
600 1737 670 1777 abs
698 1752 742 1777 re
773 1738 973 1779 docerent.
1022 1737 1124 1777 Vide
1154 1736 1615 1776 Conimbr.1ib.11.dve
1643 1734 1768 1775 Coelo

288 1807 379 1847 cap.
408 1807 465 1833 iv.
498 1808 537 1846 q.
565 1809 594 1836 1.
622 1801 699 1837 art.
728 1808 774 1835 11.
804 1800 846 1834 et
874 1809 962 1847 cap.
989 1807 1029 1835 v.
1057 1800 1129 1833 art.
1159 1808 1206 1833 11.
1263 1793 1376 1833 Haec
1401 1792 1596 1832 Raderus.

405 1851 501 1902 Pag·
531 1850 629 1895 444.
660 1853 728 1895 21.
770 1855 809 1891 Γ
805 1866 1002 1904 αμουντες
1020 1851 1089 1892 καὶ
1109 1846 1397 1905 γαμιζόμενοι]
1424 1850 1654 1889 Haereticos
1672 1848 1767 1889 illos

289 1906 442 1960 carpit,
488 1907 558 1959 qui
589 1914 840 1947 mortuorum
870 1908 1205 1947 resurrectionem
1235 1907 1287 1946 de
1314 1906 1538 1946 liberorum
1565 1919 1768 1959 procrea—

288 1963 399 2003 tione
430 1965 623 2019 continua
653 1965 956 2016 intelligendam
985 1965 1205 2017 putabant,
1248 1963 1298 2002 de
1339 1963 1486 2015 quibus
1514 1961 1767 2003 Philantrius.

288 2020 392 2061 Vide
422 2020 628 2061 Dissertat.
660 2035 766 2060 xxu.
797 2022 848 2060 ad
876 2021 1103 2061 Joinvillam
1136 2021 1210 2060 sub
1238 2020 1411 2061 initium.

405 2080 502 2128 Pag-
531 2079 628 2122 445.
662 2082 729 2122 11.
790 2075 877 2119 Οὔκ
904 2078 1013 2120 ἐστιν
1042 2075 1140 2131 ἐμόν
1166 2080 1285 2119 τοῦτο
1315 2075 1492 2129 δοῦναι]
1524 2076 1627 2115 Nota
1655 2073 1766 2114 hunc

287 2135 426 2174 locum
453 2142 623 2188 propter
650 2134 940 2175 humanitatem
975 2134 1124 2175 Christi
1141 2164 1153 2184 ,
1200 2148 1322 2186 quam
1357 2134 1463 2173 infra
1503 2132 1634 2173 solum
1663 2145 1768 2185 spc-

282 2197 396 2242 petat,
434 2205 526 2231 cum
556 2192 606 2232 de
635 2192 758 2232 Justis
790 2192 848 2232 ad
877 2193 1035 2231 coelum
1073 2191 1271 2231 vocandis
1311 2197 1446 2242 esset,
1485 2202 1652 2242 eamque
1680 2201 1767 2229 rem
1802 2218 1806 2225 .

289 2249 375 2287 Deo
404 2248 511 2287 Patri
542 2250 749 2290 adscribit.
807 2250 875 2288 Sic
905 2249 1015 2288 idem
1047 2249 1244 2288 Raderus.

333 2327 335 2329 ¹
408 2306 731 2356 Pag.447.11.
789 2304 894 2348 Ου’τε
912 2321 1010 2359 μετα
1031 2309 1111 2348 τῶν
1133 2301 1321 2359 ἀσεβῶν]
1352 2303 1459 2343 Haec
1489 2302 1687 2342 sententia·
1714 2302 1765 2343 ab

141 2359 173 2393 V
196 2356 266 2394 446
293 2319 493 2400 Ecclesiag
501 2362 688 2402 damnata
718 2370 789 2403 est.
831 2364 951 2403 Putat
980 2363 1135 2402 Auctor
1161 2362 1338 2401 medium
1366 2363 1454 2400 fore
1480 2361 1616 2400 locum
1647 2360 1767 2399 etiam

139 2406 170 2440 P
193 2406 262 2442 529
295 2417 444 2457 adultis
473 2418 578 2459 inter
612 2421 767 2460 coelum
801 2426 842 2460 et
870 2420 1020 2459 inferos
1047 2425 1140 2473 post
1169 2425 1393 2458 extremum
1415 2417 1626 2457 Judicium.
1655 2416 1767 2456 Idem

290 2475 438 2514 Rader.

410 2533 503 2581 Pag
533 2529 628 2574 450
669 2535 733 2574 11.
803 2531 1041 2585 Ζητητέον]
1098 2532 1208 2571 Haec
1247 2537 1286 2570 et
1325 2528 1534 2582 sequentia
1569 2528 1717 2568 absunt
1744 2543 1767 2571 a

293 2587 391 2627 Cod.
422 2584 642 2634 Holstanii,
680 2601 809 2640 usque
839 2589 889 2628 ad
925 2601 1071 2627 annum
1102 2600 1202 2627 xnr.
1218 2585 1397 2626 Neronis.
1456 2587 1586 2625 Porro
1625 2584 1768 2637 Cyrilli

291 2643 475 2697 Epistola
502 2643 572 2683 hic
603 2645 747 2694 allata,
789 2645 897 2685 inter
921 2646 1048 2685 editas
1076 2658 1161 2684 non
1187 2643 1382 2693 habetur,
1412 2642 1528 2708 cujus
1560 2642 1767 2694 interpre-

291 2700 484 2741 tationem
529 2700 790 2741 Raderianam
828 2701 895 2740 hic
935 2701 1129 2741 dedimus.
1197 2700 1278 2740 Sed
1320 2701 1456 2739 nescio
1505 2713 1556 2738 an
1593 2699 1627 2738 is
1666 2699 1769 2740 beno

252 2788 254 2790 ψ
291 2757 642 2798 reddiderit.haec
671 2758 793 2798 verba
823 2759 896 2797 sub
927 2758 1114 2809 initium,
1147 2756 1217 2798 καὶ
1248 2754 1316 2798 διοὲ
1346 2754 1390 2798 τὸ
1410 2753 1513 2811 πρός
1542 2753 1621 2808 σὴν
1646 2751 1768 2797 εὐλά-

293 2815 411 2868 βειαν
436 2815 606 2865 οἰκεῖον,
649 2811 751 2868 quae
779 2815 971 2857 videntur
1008 2815 1067 2855 ita
1095 2814 1200 2856 verti
1237 2814 1442 2855 debuisse:
1476 2816 1510 2852 et
1532 2816 1678 2866 propter
1707 2823 1768 2853 ne*-
1826 2842 1830 2846 ,
