1884 3262
466 223 526 265 IN
562 221 893 266 CHRONICON
927 223 1218 266 PASCHALE.
1486 218 1587 268 249

220 334 316 385 Pag.
352 336 419 375 63.
454 333 494 376 4.
554 330 732 386 Νήσιβι]
774 335 854 371 Seu
884 333 1021 387 potius
1052 330 1273 387 Νήσιβις·-
1298 347 1389 372 nam
1427 334 1483 372 ita
1520 348 1588 374 se—

107 391 186 430 mel
225 405 271 429 ac
309 391 454 429 iterum
495 389 595 429 haec
633 404 716 429 vox
758 389 941 441 effertur,
988 404 1107 443 quam
1148 390 1289 429 urbem
1326 391 1394 429 lex
1419 405 1458 430 v.
1490 391 1586 430 cod.

107 448 182 490 Th.
223 447 273 486 de
309 447 520 487 Exaction.
561 454 602 486 et
640 448 864 499 Scriptores
903 448 988 486 fere
1036 462 1174 486 omnes
1211 449 1380 501 Νίσιβιν
1417 455 1587 487 vocant:

104 505 257 543 nummi
286 518 386 543 vero
418 504 611 559 Νέσιβιν,
649 510 695 543 ut
723 510 886 543 monent
914 505 1145 545 Holstenius
1177 510 1218 543 et
1246 505 1294 544 V.
1325 506 1366 543 C.
1397 505 1453 545 Jo.
1483 505 1590 545 Har-

105 561 266 601 duinus.

219 619 313 669 Pag
345 621 412 661 63
442 620 481 660 6.
540 613 784 671 Εκβᾶτανα]
818 619 993 657 Zonaras
1020 617 1090 656 lib.
1110 631 1174 656 111.
1205 617 1348 657 Annal.
1370 632 1479 658 num.
1503 633 1590 659 xw.

102 675 329 714 Bochartus
358 675 399 713 in
432 675 602 714 Phaleco
632 675 701 714 lib.
730 689 791 715 111.
836 689 925 728 cap.
955 688 1042 714 xiv.
1073 680 1148 713 etc.

222 732 321 783 Pag.
353 735 421 775 63.
451 736 491 775 7.
550 733 754 800 Κλίματος
781 731 987 784 πέμπτου]
1020 731 1117 770 Cod.
1146 731 1227 771 MS.
1257 747 1301 772 το
1334 729 1377 772 δε
1406 731 1591 784 πέμπτον

105 789 227 842 κλίμα
268 787 350 830 ἐστὶ
391 785 443 829 δι’
476 785 789 841 Ελλησπόντου,
829 786 858 842 ἢ
887 786 956 829 διοέ
998 784 1249 842 βορειότερον
1278 791 1351 840 τῆς
1380 785 1593 841 θαλάσσης

105 846 174 886 καὶ
204 848 276 899 τῆς
305 846 519 899 μεσογαίας
545 847 619 887 τοῦ
656 862 720 887 πω
757 847 941 899 Οψικίου
970 844 1246 899 καλουμένου,
1278 849 1360 886 τῶν
1388 843 1592 887 Βουκελά-

105 917 212 953 των,
243 901 312 942 καὶ
340 906 420 943 τῶν
450 903 676 956 Λρμενίων.

221 959 316 1010 Pssg·
348 962 413 1003 63·
447 963 512 1002 11
572 957 715 1012 Κύλα]
748 963 879 1001 Κοῖλα
907 958 1122 1011 legendum
1151 964 1289 997 monet
1311 958 1474 997 Henric.
1502 959 1592 997 Va·

105 1016 226 1054 lesius
259 1017 310 1055 ad
350 1016 421 1058 lib.
454 1029 557 1056 xxn.
589 1017 787 1056 Ammiani
815 1015 1105 1070 pag.215.1.
1141 1016 1234 1054 edit.
1294 1015 1373 1054 Sed
1412 1016 1454 1053 in
1494 1016 1591 1054 cod.

105 1073 233 1112 Vatic.
263 1089 289 1113 v
318 1088 396 1125 pro
421 1089 460 1114 οι
484 1074 713 1125 promiscue
744 1076 924 1127 ponitur,
955 1080 1002 1112 ut
1031 1071 1286 1126 Κυλησυρία,
1318 1068 1481 1124 Εὕβύα,
1513 1079 1589 1111 etc.

218 1130 315 1181 Pag-
346 1133 413 1173 64·
444 1134 483 1174 6.
544 1128 796 1184 Καλχηδων]
842 1132 898 1170 lta
938 1131 1056 1169 etiam
1085 1129 1186 1168 haec
1214 1143 1298 1168 vox
1326 1129 1520 1168 scribitur
1547 1130 1588 1168 in

104 1186 304 1226 Chronico
334 1188 414 1226 MS.
445 1189 653 1240 Symeonis
684 1188 948 1240 Logotbetae‚
980 1186 1184 1239 quomodo
1214 1187 1451 1239 praeferunt
1479 1193 1589 1225 vete-

103 1258 167 1282 res
197 1244 363 1292 nummi,
396 1251 442 1283 ut
472 1245 728 1284 observatum
761 1261 782 1284 a
813 1245 1041 1294 Sirmondo,
1074 1243 1327 1295 Spanhemio,
1359 1243 1587 1295 Harduino,

104 1307 143 1339 et
173 1301 274 1340 aliis.
332 1301 433 1341 Vide
463 1302 720 1340 Sirmoudum
752 1302 802 1340 ad
833 1301 1042 1341 Sidonium
1072 1302 1114 1339 in
1143 1314 1337 1354 panegyr.
1372 1299 1588 1339 Anthemii.

104 1370 142 1399 v.
176 1359 246 1400 49.

218 1415 311 1465 Pag.
343 1418 412 1458 64.
441 1419 480 1459 8.
543 1416 748 1468 Κλίματος
778 1410 979 1468 ἑβδόμου]
1025 1413 1122 1453 Cod.
1155 1414 1234 1452 MS.
1264 1430 1307 1454 το
1339 1412 1383 1454 δὲ
1414 1414 1587 1468 εβδομον

102 1471 223 1524 κλίμα
261 1471 342 1512 ἐστὶ
380 1488 424 1513 το
457 1470 524 1513 δια
564 1472 870 1526 Βορυσθένους,
912 1472 981 1512 καὶ
1016 1474 1092 1513 τοῦ
1125 1466 1365 1538 Δαννούβε,
1410 1471 1476 1512 καὶ
1507 1475 1588 1513 τῶν

102 1528 389 1581 βορειωτέρωι,
423 1525 527 1570 ὅπου
559 1532 819 1571 κατοικοῦσιν
852 1526 1033 1583 Φρᾶγγοι
1059 1527 1129 1569 καὶ
1160 1523 1340 1582 Χάζαροι
1369 1527 1588 1583 ἐγγίζοντες

102 1601 157 1626 τω
189 1587 376 1642 Ωκεανῷ.

217 1643 309 1693 Pag
340 1643 406 1685 64
438 1646 480 1687 9.
542 1642 645 1697 Περὶ
674 1641 980 1695 Αστρονομίας]
1021 1641 1186 1687 Exactis
1226 1641 1403 1692 gentium
1434 1656 1481 1680 ac
1508 1657 1588 1695 po-

101 1699 290 1751 pulorum
331 1700 616 1750 divisionibus,
659 1701 831 1738 Deorum
868 1699 1079 1738 historiam
1118 1700 1203 1738 fere
1245 1713 1404 1751 semper
1444 1713 1588 1750 aggre-

102 1755 272 1794 diuntur
308 1763 463 1796 veteres
505 1757 746 1807 Chronologi
787 1757 1024 1807 Christiani,
1062 1770 1143 1808 quo
1181 1769 1262 1794 non
1301 1769 1443 1794 revera
1474 1757 1589 1807 Deos,

72 1856 73 1860 Ἰ
103 1813 172 1851 sed
206 1812 388 1852 homines
415 1814 508 1852 illos
540 1814 663 1852 fuisse
694 1814 991 1864 demonstrent,
1019 1809 1211 1865 ipsosque
1242 1826 1328 1851 esse
1359 1813 1477 1863 longe
1507 1828 1590 1866 po-

104 1870 291 1909 steriores
322 1871 525 1909 veteribus
555 1871 642 1909 istis
673 1871 882 1921 Patribus,
913 1884 1086 1922 quorum
1117 1872 1239 1908 Sacra
1271 1870 1451 1908 meminit
1481 1871 1590 1909 Scri-

105 1933 242 1979 ptura.
303 1928 358 1966 lta
392 1928 585 1979 Georgius
616 1929 847 1979 Syncellus,
886 1928 956 1979 qui
987 1928 1120 1966 statim
1146 1927 1350 1979 subjungit
1376 1929 1488 1967 Θεῶν
1509 1929 1587 1981 βα-

105 1985 257 2023 σιλείαν
287 1998 337 2022 ex
365 1986 490 2023 veteri
522 1985 745 2035 Chronico,
777 1987 950 2037 Symeon
982 1984 1198 2036 Logotheta
1230 1989 1269 2021 et
1300 1984 1504 2022 Cedrenus
1537 1998 1588 2023 ex

28 2065 32 2068 »
105 2041 193 2078 aliis
232 2041 522 2092 Scriptoribus.
581 2042 734 2080 Auctor
773 2042 946 2093 denique
988 2041 1178 2080 Chronici
1218 2040 1420 2079 Paschalis
1457 2042 1588 2079 fusio-

105 2112 189 2136 rem
223 2105 341 2149 qUam
374 2099 519 2137 caeteri
547 2099 652 2137 hanc
683 2100 810 2151 ipsam
842 2099 1070 2137 Numinum-
1090 2111 1336 2150 paganorum
1369 2098 1587 2149 Historiam

105 2155 386 2206 persequitur,
418 2155 482 2193 cui
511 2155 774 2194 illustrandae
804 2170 908 2194 unus
938 2157 1040 2194 sorte
1070 2154 1273 2193 suffecerit
1301 2155 1469 2194 Joannes
1507 2155 1589 2193 An-

104 2210 338 2261 tiochenus‚
377 2213 492 2264 cujus
534 2219 725 2264 excerpta
754 2212 955 2251 habentur
987 2215 1029 2251 in
1060 2211 1207 2251 Codice
1237 2211 1384 2262 Regio,
1425 2212 1586 2251 interim

106 2268 200 2306 dum
230 2275 341 2306 totus
372 2269 439 2307 ille
468 2269 651 2320 prodeat.

220 2325 333 2376 Pag·
349 2326 416 2369 64·
449 2329 514 2368 11.
572 2320 879 2380 Ανδουβαοιος]
909 2327 1083 2377 Symeon
1109 2323 1276 2376 Logoth.
1305 2323 1472 2365 Cedren.
1492 2339 1585 2378 pag.

108 2381 173 2424 14.
202 2388 278 2420 etc.

144 2437 145 2441 ¹
221 2439 317 2489 Pag.
348 2439 414 2482 64.
449 2442 515 2482 13.
575 2442 638 2479 Εκ
665 2441 738 2491 τῆς
769 2440 902 2490 φυλῆς
931 2453 1002 2477 του
1038 2435 1153 2490 Σήμ]
1196 2437 1255 2476 Ita
1292 2437 1510 2489 Logotheta
1546 2445 1585 2477 et

108 2495 333 2534 cedrenus:
374 2503 414 2534 at
450 2496 631 2535 Raderus
661 2495 875 2547 legendum
907 2500 1041 2533 censet
1069 2498 1142 2535 τοῦ
1174 2492 1291 2549 Χοῖμ,
1331 2495 1445 2547 cujus
1476 2495 1585 2534 Chus

106 2551 214 2590 filius
243 2553 330 2590 fuit.

221 2609 316 2660 Pag·
337 2608 403 2652 64·
427 2609 492 2652 14.
536 2607 622 2663 Τήν
644 2606 935 2663 Βαβυλωνίαν]
967 2607 1170 2646 Cedrenus
1192 2615 1230 2646 et
1248 2606 1484 2658 Logotheta‚
1510 2604 1586 2658 τὴν

108 2666 343 2717 Βαβυλῶνα.
374 2667 474 2705 Nam
495 2667 718 2720 Babylonia
738 2666 977 2714 Ptolemaeo,
1000 2665 1144 2713 Plinio,
1168 2665 1367 2703 Marciano
1389 2664 1586 2715 Capellae,

109 2727 150 2758 et
168 2722 266 2769 aliis,
287 2736 381 2774 pars
396 2724 703 2777 Mesopotamiae
723 2729 761 2761 et
778 2724 959 2774 Assyriae
978 2722 1031 2760 ita
1052 2722 1299 2774 appellatur:
1329 2734 1448 2772 quam
1462 2721 1588 2758 Bero—

109 2791 188 2824 sus,
207 2785 251 2815 ut
264 2779 416 2818 Auctor
433 2788 493 2819 est
509 2781 737 2820 Alexander
748 2780 978 2831 Polyhistor
994 2779 1102 2831 apud
1115 2778 1330 2829 Georgium
1341 2777 1584 2829 syncellum,

107 2838 271 2874 κεῖσθαι
300 2834 366 2875 ἐπὶ
394 2839 469 2877 τοῦ
504 2839 687 2890 Τίγριδος
715 2836 785 2876 καὶ
816 2832 1043 2886 Εὐφράτου
1071 2839 1257 2889 ποταμοῦ
1286 2833 1412 2887 μέσην
1433 2835 1587 2875 scribit.

111 2891 321 2938 Caeterum
359 2892 577 2946 Babylonis
619 2893 868 2934 conditorem
899 2892 1172 2932 Nembrodum
1213 2897 1436 2945 agnoscunt
1466 2892 1586 2931 etiam
