1884 3262
0 2762 18 2783 Β

611 208 1023 253 PRAEFATIO.
1491 212 1558 261 27

90 324 180 363 dem
209 324 361 362 cultum
387 324 512 364 fuisse
543 323 777 375 Serapidem
807 329 1001 363 testentur
1025 323 1201 363 Graecae
1225 323 1376 375 pariter
1404 322 1557 363 Inscri-

87 381 248 434 ptiones
283 381 390 432 apud
420 381 650 422 Gruterum.
715 380 853 430 Neque
881 381 1001 419 etiam
1029 380 1180 433 opponi
1207 380 1325 420 debet
1355 381 1465 432 quod
1490 381 1558 419 In·-

89 437 256 490 scriptio
283 438 436 476 Graeca
465 438 541 489 sit,
571 451 663 476 cum
690 436 733 475 in
755 436 903 475 Latinis
931 437 1156 476 Provinciis
1182 436 1290 476 haud
1314 450 1466 489 paucae
1486 451 1556 476 re·-

87 501 226 547 pertae
252 493 342 535 sint.
402 495 480 534 Sed
505 495 616 545 quod
642 494 909 546 hippolytum
937 493 1083 532 Portus
1115 494 1283 532 Romani
1307 493 1430 534 fuisse
1457 494 1559 546 Epi-

88 564 256 602 scopum
285 551 447 590 omnino
478 551 665 590 videatur
692 550 885 598 suadere,
922 549 966 588 id
995 550 1247 602 potissimum
1277 550 1420 600 fuerit,
1450 550 1560 602 quod

87 607 122 646 is
138 609 341 646 Romanus
370 608 528 648 dicatur
559 608 601 646 in
630 608 820 658 Catalogo
846 607 1134 659 Imperatorum
1161 607 1455 646 Leunclaviano
1482 620 1561 645 su·-

86 678 162 717 pra
183 664 367 713 laudato,
399 673 439 703 et
460 663 570 715 quod
593 678 696 702 anno
725 677 840 702 mnu.
873 664 915 701 in
945 676 1039 714 agro
1061 663 1216 702 verano
1237 677 1317 702 non
1347 664 1494 715 procul
1510 663 1559 702 ab

88 721 186 759 aede
205 722 244 758 S.
263 720 464 771 Laurentii
484 721 534 760 ad
552 721 700 760 Urbem
719 728 878 772 reperta
900 720 951 759 sit
969 719 1131 771 antiqua
1160 733 1181 758 e
1206 733 1402 759 marmore
1430 726 1561 759 statua

87 778 188 815 solio
217 777 414 826 insidens,
445 777 487 815 in
510 776 624 829 cujus
658 777 819 829 quidem
852 777 941 817 solii
972 776 1074 815 binis
1103 777 1307 815 laterculis
1339 777 1454 828 Cycli
1482 777 1562 815 Pa-

89 833 244 872 schales
270 847 464 873 annorum
490 847 576 872 xv1.
598 833 767 874 Graecis
785 833 909 873 literis
943 839 1054 872 erant
1083 832 1294 885 descripti:
1326 846 1376 871 ex
1402 834 1560 884 quibus,

89 896 173 930 tum
195 903 246 928 ex
261 890 454 930 librorum
474 891 680 941 lemmate,
709 890 818 943 quod
837 890 984 931 horum
1003 889 1145 929 dexter
1172 889 1423 938 continebat,
1455 890 1563 942 Hip-

86 946 237 999 polyti,
278 948 392 999 cujus
418 961 564 988 nomen
594 961 674 986 non
709 953 795 986 erat
833 960 1087 999 expressum,
1123 946 1242 986 facile
1269 945 1562 998 deprehensum

87 1009 148 1042 est
164 1009 336 1043 statuam
357 1017 464 1054 esse,
496 1018 613 1056 quam
638 1018 688 1043 ex
706 1005 831 1043 Portu
848 1006 1026 1043 Romano
1035 1033 1047 1053 ,
1074 1017 1156 1042 non
1176 1016 1274 1042 vero
1306 1016 1356 1042 ex
1375 1002 1559 1056 Aegypto
1583 1003 1612 1038 P
1637 1004 1680 1039 17

85 1058 168 1098 huc
189 1073 274 1100 esse
298 1061 457 1099 allatam
478 1062 692 1100 admodum
720 1067 780 1100 est
799 1061 1019 1113 probabile.
1079 1060 1304 1108 Quinetiam
1336 1060 1438 1099 alius
1454 1060 1565 1099 haud

86 1116 251 1155 videtur
274 1118 323 1156 ab
348 1117 568 1170 Hippolyto
591 1118 829 1170 Presbytero
840 1150 854 1167 ‚
881 1117 951 1170 qui
984 1130 1064 1155 una
1086 1131 1176 1155 cum
1196 1117 1418 1169 Nepotiano
1431 1149 1442 1166 ,
1474 1118 1565 1166 (alii

86 1172 284 1212 Pontiano
313 1175 479 1225 legunt)
514 1175 606 1213 exul
625 1175 860 1227 deportatus
886 1181 947 1213 est
970 1174 1012 1212 in
1029 1173 1200 1212 insulam
1221 1173 1403 1212 nocivam
1422 1174 1563 1212 Sardi-

85 1230 216 1279 niam,
246 1232 395 1270 Severo
431 1237 472 1270 et
493 1231 711 1279 Quintiano
734 1232 843 1272 coss.
873 1245 945 1270 seu
969 1245 1072 1269 anno
1100 1230 1246 1270 Christi
1271 1244 1442 1272 ccxxxv.
1466 1231 1563 1270 Ale-

86 1285 231 1324 xandri
268 1287 369 1339 Imp.
407 1301 465 1327 xl.
504 1294 548 1326 ut
577 1295 638 1327 est
674 1289 718 1326 in
748 1289 935 1338 Catalogo
968 1287 1206 1326 Pontificum
1238 1289 1508 1327 Romanorum
1542 1302 1565 1326 a

88 1342 330 1394 Cuspiniano
357 1350 397 1383 et
428 1359 450 1382 a
480 1344 597 1382 nobis
628 1345 759 1394 edito,
803 1345 845 1384 iu
875 1344 1069 1383 Pontiano
1097 1345 1217 1396 Papa.
1274 1344 1385 1384 Adeo
1417 1351 1462 1384 ut
1489 1344 1566 1383 hac

86 1405 322 1451 tempestate
339 1400 622 1451 Episcopatum
649 1402 910 1440 Portuensem
933 1400 1110 1438 nondum
1141 1401 1281 1440 suisset
1303 1407 1564 1441 consecutus:

88 1468 162 1494 cur
187 1469 285 1494 vero
316 1456 671 1508 Metropolitanum
700 1457 879 1497 Arabum
912 1470 1004 1496 eum
1027 1456 1215 1508 indigitet
1245 1454 1566 1512 Herwartiusl),

87 1526 167 1551 non
187 1513 306 1564 plane
321 1513 518 1565 percipio.

200 1625 311 1664 XXI.
369 1626 448 1664 Sed
488 1631 535 1665 ut
565 1625 727 1666 redeam
751 1624 860 1665 unde
888 1639 979 1665 sum
1010 1625 1233 1677 digressus,
1270 1641 1322 1666 ex
1348 1629 1480 1668 allatis
1513 1625 1684 1668 eruam
1702 1637 1764 1660 an-

88 1681 243 1734 Cyrillo
259 1688 374 1734 patet
401 1682 561 1721 omnino
584 1682 694 1722 hunc
713 1682 913 1721 Panodori
939 1682 1127 1734 Aegyptii
1146 1683 1356 1734 Monachi,
1390 1686 1461 1737 qui
1483 1686 1564 1725 Ar·
1574 1683 1692 1725 ¹¹.⁰¹'¹¹¹¹¹
1710 1684 1768 1707 'a‘

88 1739 203 1777 cadio
225 1739 467 1790 imperante,
498 1746 540 1778 et
565 1740 641 1780 sub
669 1738 895 1791 'sheophilo
916 1740 1119 1793 Episcopo
1145 1741 1415 1780 Alexandrino
1445 1743 1562 1788 vixit,
1575 1724 1702 1798 {¹3:33
1718 1730 1775 1799 {ff

86 1801 134 1835 ut
153 1801 324 1834 testatur
343 1795 538 1846 Georgius
557 1797 767 1848 Syncellus
780 1825 792 1844 ,
823 1796 972 1848 quique
993 1796 1143 1836 Christi
1162 1798 1335 1837 natalem
1358 1799 1399 1837 in
1417 1813 1563 1838 annum
1577 1809 1727 1854 cyrillus

87 1852 229 1893 mundi
250 1866 290 1890 v.
319 1866 564 1893 mccccxcm.
594 1853 760 1902 retulit,
789 1866 913 1891 annos
943 1853 1111 1905 putandi
1141 1855 1336 1894 rationem
1368 1855 1786 1901 secutum.Scythopoli-

89 1908 212 1956 Quod
242 1915 288 1948 ut
317 1910 481 1961 planum
516 1909 608 1958 fiat,
648 1909 941 1950 observandum
981 1910 1025 1948 in
1054 1910 1196 1962 primis
1230 1913 1429 1964 triplicem
1457 1913 1566 1965 apud
1578 1906 1704 1946 ‘³⁰⁰⁵’
1729 1906 1766 1936 “¹'’

89 1966 265 2005 Graecos
293 1979 423 2007 aeram
453 1966 669 2006 obtinuisse
705 1980 898 2009 annorum
929 1981 950 2006 a
985 1967 1136 2006 mundo
1171 1969 1356 2008 condito:
1396 1949 1788 2028 primamqutfffu‘f

89 2035 192 2073 quae
219 2021 267 2063 ab
282 2022 397 2060 initio
415 2036 548 2062 rerum
570 2024 618 2062 ad
632 2024 804 2063 natalem
820 2023 969 2063 Christi
987 2030 1108 2076 putat
1126 2037 1251 2064 annos
1267 2040 1307 2065 v.
1321 2005 1764 2074 mccccxcunazumzff.

88 2078 254 2120 alteram
267 2108 279 2128 ‚
310 2093 413 2117 anno
433 2092 473 2119 v.
501 2093 591 2119 Min.
623 2080 672 2120 de
691 2094 770 2132 qua
793 2080 1016 2120 Concilium
1032 2081 1248 2120 Nicaenum
1266 2096 1310 2122 11.
1342 2090 1418 2121 act.
1448 2081 1635 2122 v1.2lrae
1652 2097 1673 2119 a
1690 2098 1785 2120 mun-

89 2141 128 2173 et
147 2135 359 2187 Syneellus
375 2134 446 2186 ³),
478 2136 661 2186 tertiam,
694 2150 795 2188 quae
820 2137 1035 2177 etiamnum
1062 2137 1172 2189 apud
1195 2138 1371 2178 Graecos
1389 2124 1562 2178 hodier-‘
1576 2131 1611 2165 di
1632 2137 1723 2167 ⁰⁸¹¹·

87 2205 162 2231 nos
192 2192 235 2230 in
269 2205 344 2230 usu
375 2199 436 2233 est
468 2206 508 2232 v.
539 2206 654 2234 me.
713 2193 842 2232 Aliam
870 2194 973 2232 enim
1003 2195 1244 2245 omittimus,
1287 2210 1388 2248 quae
1420 2197 1564 2234 Antio-

88 2247 306 2289 chenorum
330 2249 497 2300 propria
527 2249 627 2298 suit,
659 2256 698 2288 et
725 2249 875 2291 Christi
896 2251 1075 2290 Natalem
1102 2265 1207 2289 anno
1235 2253 1375 2291 mundi
1409 2253 1564 2293 conditi

88 2305 370 2347 sexmillesimo
399 2305 589 2357 assignat,
619 2312 664 2347 ut
688 2320 737 2345 ex
758 2306 949 2357 Hesychii
972 2307 1083 2357 loco,
1114 2321 1232 2358 quem
1264 2307 1408 2348 huicce
1433 2309 1565 2348 chro-

89 2362 181 2402 nico
217 2361 482 2413 subjecimus,
523 2363 728 2403 docemur.
795 2363 872 2402 Sed
916 2370 954 2401 et
989 2364 1065 2403 alia
1104 2364 1203 2414 fuit,
1245 2379 1346 2416 quae
1382 2367 1564 2405 Natalem

90 2417 235 2459 Christi
261 2431 364 2456 anno
385 2419 524 2460 mundi
544 2433 583 2459 v.
612 2434 731 2460 mnvi.
762 2420 953 2471 assignat,
989 2421 1039 2460 de
1066 2433 1144 2471 qua
1174 2423 1434 2461 tractatulum
1461 2423 1563 2461 sub-

90 2474 264 2516 didimus
296 2475 448 2527 pariter
478 2475 574 2516 huic
596 2476 810 2516 Chronico.
867 2477 1016 2515 Prioris
1047 2490 1161 2516 aerae
1193 2479 1459 2517 Graecanicae
1493 2480 1564 2516 in-

88 2538 254 2581 ventor,
281 2537 326 2572 ut
351 2545 472 2584 supra
502 2533 698 2584 diximus,
726 2534 978 2572 existimatur
999 2534 1258 2584 Panodorus,
1287 2549 1404 2586 quam
1435 2536 1476 2573 in
1498 2536 1565 2573 lo-

90 2588 147 2626 cis
173 2588 304 2628 allatis
323 2590 504 2640 sequitur
523 2590 710 2641 Cyrinus.
767 2591 841 2628 Illa
872 2604 995 2643 porro
1028 2593 1142 2640 (nam
1172 2591 1222 2630 de
1248 2592 1324 2630 hac
1349 2592 1477 2644 prima
1496 2591 1563 2629 hic

88 2644 338 2696 potissimum
381 2652 440 2684 est
469 2649 623 2698 sermo)
654 2661 745 2686 cum
775 2647 1016 2700 Dionysiana
1054 2661 1144 2687 aera
1170 2649 1327 2700 vulgari
1351 2649 1561 2697 consentit,

138 2789 178 2832 ¹)
203 2789 289 2835 Cap.
317 2790 395 2824 177.

135 2836 180 2876 “·’)
203 2835 244 2870 P.
267 2833 347 2870 405.
371 2835 426 2868 ed.
450 2835 593 2870 Labbei.

136 2881 178 2923 ³)
202 2880 243 2914 P.
267 2882 325 2917 35.
346 2882 426 2916 218.
450 2882 529 2917 313.
555 2883 633 2919 316.
658 2884 740 2919 326.
