1832 3276
57 739 277 787 emm.
562 697 1455 772 ANIMADVERSIONES

970 858 1044 886 An

414 946 887 1015 CHRONIGUM
942 965 1602 1014 ALEXANDRINUM.

514 1105 627 1147 QUIS
667 1105 890 1147 AUCTOR,
937 1105 1209 1147 CUIUSMODI
1247 1104 1508 1152 SCRIPTUM.

281 1345 379 1416 Est
415 1376 483 1428 qui
512 1375 774 1421 laudatissimi
798 1376 922 1430 hujus
952 1375 1138 1421 Chronioi
1166 1376 1402 1430 scriptorem
1429 1375 1589 1428 putavit
1617 1376 1746 1415 Geor-

281 1434 388 1486 gium
419 1432 570 1471 Pisiden
601 1433 1059 1486 Constantinopolitanae
1080 1432 1324 1480 hierarchiae
1341 1433 1552 1473 diaconum
1571 1438 1611 1472 et
1628 1431 1747 1472 char-

281 1489 557 1542 tophylacem,
588 1502 687 1528 aevo
716 1489 890 1528 Heraclii
918 1489 1151 1539 florentem,
1182 1490 1297 1542 cujus
1325 1503 1388 1529 res
1418 1495 1565 1541 gestas,
1596 1495 1636 1528 et
1654 1490 1746 1528 Per-

281 1547 385 1596 sica,
413 1545 591 1585 oratione
619 1545 744 1584 libera
771 1546 1017 1598 composuit,
1047 1552 1093 1587 ut
1122 1552 1183 1586 est
1210 1546 1318 1599 apud
1341 1546 1532 1596 -Suidam3
1561 1551 1672 1584 ratus
1701 1559 1748 1585 ea

282 1602 424 1652 verba,
462 1602 609 1654 quibus
640 1615 761 1654 opera
792 1602 900 1641 illius
934 1609 1162 1652 enumerat,
1194 1603 1246 1648 ad
1274 1601 1354 1641 hoc
1382 1602 1609 1642 Chronicon
1641 1602 1748 1641 rese-

283 1658 420 1700 renda.
478 1655 696 1712 ἕξαήμερον
725 1655 775 1699 δι’
804 1655 961 1713 ἰάμβων
991 1659 1048 1707 εἰς
1071 1658 1153 1710 ἔπη
1179 1660 1383 1713 τρισχίλια.
1443 1659 1500 1707 εἰς
1517 1654 1749 1712 Ἡράκλειον
1824 1654 1829 1656 ἡ

283 1712 353 1756 τὸν
383 1713 568 1767 βασιλέα,
603 1713 672 1755 καὶ
702 1715 759 1764 εἰς
786 1712 852 1757 τᾶν
880 1712 980 1757 navo?
1010 1717 1179 1768 Περσῶν
1211 1713 1400 1768 πόλεμον.
1462 1714 1573 1767 quasi
1601 1714 1748 1754 Pisides

285 1777 451 1822 coeptos
480 1771 527 1810 ab
559 1771 606 1811 Ο.
628 1772 672 1811 C.
702 1785 830 1823 usque
860 1772 911 1810 ad
938 1771 1166 1817 Heraclium
1196 1779 1235 1811 et
1265 1773 1464 1812 Persicum
1493 1771 1642 1812 bellum
1671 1771 1752 1810 He-

286 1827 396 1867 raclii
426 1827 588 1871 annales
616 1834 849 1880 prosecutus
878 1828 953 1879 sit,
982 1829 1037 1868 ita
1070 1828 1173 1867 enim
1201 1826 1244 1875 πὸ
1274 1829 1378 1880 [εἰς]
1408 1828 1752 1881 interpretandum

288 1883 509 1932 existimat,
545 1890 592 1922 ut
619 1884 752 1923 valeat
781 1898 862 1924 non
901 1884 998 1937 [de]
1037 1883 1246 1935 Heraclio,
1292 1885 1361 1924 sed
1389 1898 1517 1937 usque
1545 1884 1595 1923 ad
1623 1884 1753 1924 Hera-

288 1940 423 1978 clium.
490 1940 854 1993 Interpunctionem
892 1941 995 1987 enim
1034 1947 1125 1985 ante
1165 1942 1221 1990 εἷς
1257 1942 1420 1980 omnino
1460 1941 1576 1987 tollit.
1639 1939 1752 1992 Mihi,

290 2009 368 2048 quo
402 1996 531 2038 minus
559 1996 667 2036 idem
695 1998 887 2047 sentiam,
925 1997 1003 2038 tria
1037 1997 1209 2037 obstant.
1266 1998 1441 2036 Primum
1472 1997 1581 2050 quod
1610 1992 1752 2036 Suidas

289 2065 384 2091 vere
413 2051 580 2091 affirmet
608 2052 875 2092 hexaemeron
899 2053 1035 2106 jambo
1054 2054 1248 2106 scriptum
1267 2054 1410 2104 fuisse3
1441 2053 1632 2093 habemus
1649 2053 1752 2093 enim

291 2107 423 2147 adhuc
454 2109 497 2147 in
525 2110 705 2154 manibus
732 2110 840 2149 illius
879 2110 1010 2162 operis
1043 2123 1183 2149 versus
1214 2110 1323 2149 mille
1362 2109 1610 2162 octingentos
1639 2116 1755 2150 octo-

291 2165 420 2215 ginta,
452 2166 562 2216 quasi
591 2167 841 2218 prooemium
871 2166 1070 2219 quoddam
1099 2166 1221 2206 totius
1251 2166 1492 2217 argumenti,
1522 2173 1567 2205 ut
1594 2180 1646 2205 ex
1671 2167 1752 2206 MS.

248 2230 269 2264 8
295 2221 382 2260 cod.
423 2221 471 2262 A.
511 2222 781 2262 Bibliothecae
811 2228 1021 2275 apparet,
1071 2222 1180 2274 quod
1217 2222 1259 2261 in
1297 2222 1396 2267 haec
1432 2223 1554 2263 verba
1596 2222 1753 2274 legitur.

296 2278 495 2331 Γεωργίου
526 2276 719 2320 διακόνου
749 2282 822 2332 τῆς
851 2278 965 2332 ἁγίας
993 2278 1202 2332 ἐκκλησίας
1229 2282 1304 2320 τοῦ
1325 2280 1519 2329 Πισίδους
1542 2281 1754 2332 προοίμιον

293 2336 365 2385 τῆς
399 2333 618 2387 ἓξᾱημέρου
648 2333 715 2376 διοέ
746 2335 902 2388 ἰαμβῶν
933 2336 1088 2388 στίχων.
1146 2336 1258 2388 Opus
1295 2350 1387 2387 ergo
1426 2336 1529 2382 illud
1564 2336 1754 2390 ἔμμετρον

294 2397 376 2438 est,
414 2396 454 2429 et
481 2404 602 2430 versu
636 2394 931 2444 conscriptum,
970 2405 1046 2430 nec
1074 2393 1244 2444 amplius
1281 2406 1352 2431 sex
1388 2392 1538 2431 dierum
1575 2393 1755 2445 spacium

295 2446 484 2496 continet,
515 2448 619 2490 unde
650 2454 687 2487 et
716 2450 984 2503 κοσμουρῳία,
1013 2445 1042 2501 ἢ
1063 2445 1280 2502 ἓξαήμερον
1302 2449 1549 2494 inscribitur.
1608 2449 1756 2488 Deinde

296 2503 405 2554 apud
444 2503 606 2542 suidam
645 2511 735 2555 post
772 2518 910 2543 vocem
946 2506 1139 2558 τρισχίλια
1175 2506 1357 2556 sequitur
1384 2505 1675 2557 interpunctio,
1710 2511 1757 2543 ut

298 2559 492 2609 ostendat,
522 2567 746 2612 sequentem
780 2562 829 2600 de
859 2561 1042 2599 Heraclio
1068 2561 1278 2606 *historiam
1307 2562 1544 2607 diverssmxa
1562 2574 1756 2615 κοσμουρ-

295 2615 385 2670 γίᾳ,
417 2629 580 2667 eamque
608 2615 782 2670 λογάδην
812 2617 867 2655 ait
896 2617 1083 2669 scriptam
1114 2617 1248 2662 fuisse.
1307 2619 1511 2661 Postremo
1540 2617 1662 2656 refert
1682 2631 1756 2656 au-

298 2677 385 2710 ctor
415 2671 604 2712 Chronici
633 2674 796 2712 alterius
826 2673 903 2711 MS.
934 2672 1013 2725 (ex
1040 2672 1282 2719 bibliotheca
1313 2674 1474 2725 Collegii
1505 2673 1677 2724 Annaei)
1707 2687 1757 2712 ex

299 2727 429 2766 Piside
460 2735 498 2767 et
527 2729 677 2782 cyrillo
710 2729 911 2782 decerpti,
951 2729 1058 2781 apud
1089 2730 1301 2780 Georgium
1333 2731 1503 2770 Pisidem
1536 2730 1677 2769 Adami
1705 2730 1758 2767 fi-

297 2783 372 2822 lias
400 2785 569 2836 primas,
613 2788 775 2825 alteiam
809 2787 1002 2835 Azuram,
1044 2785 1208 2824 alteram
1240 2787 1382 2826 Asnam
1412 2787 1627 2836 nominari,
1668 2799 1756 2825 cum

298 2840 341 2877 in
378 2839 457 2880 hoc
500 2842 695 2881 Chronico
736 2843 843 2882 nulla
886 2842 954 2881 fiat
991 2842 1137 2881 mentio
1178 2857 1250 2881 nec
1292 2843 1442 2890 Asuae,
1485 2856 1556 2883 nec
1597 2843 1759 2882 Azurae.
