1884 3262
349 233 414 278 42
888 229 1287 274 PRAEFATIO.

349 355 391 381 se
420 342 664 381 existimetur
690 342 760 380 sub
792 341 1073 393 Constantino,
1112 350 1180 383 aut
1215 344 1289 382 sub
1321 345 1574 394 Constantio,
1611 345 1677 384 vel
1699 351 1804 384 certe
1869 347 1884 366 ¹²

346 399 569 437 Annianum
604 405 643 437 et
671 398 924 438 Panodorum
955 400 995 438 in
1023 400 1104 439 suis
1133 400 1371 441 Paschaliis:
1410 415 1500 441 nam
1527 406 1567 440 et
1593 401 1649 440 ita
1678 401 1804 440 libros
1871 403 1873 417 ³

347 468 440 495 suos
456 455 704 507 inscripsisse
721 460 891 495 testatur
909 456 1102 508 Georgius
1121 457 1328 509 Syncellus
1347 455 1404 510 ¹).

144 570 325 625 Paschaliss
460 577 645 618 XXXIV.
703 577 789 616 Alia
809 585 1013 631 praeterea
1034 580 1202 619 extitere
1225 578 1448 630 Paschalia‚
1478 579 1529 618 de
1555 579 1698 631 quibus
1723 593 1804 619 non

128 616 464 697 {ffisstffg‘semel
491 634 573 685 agit
608 633 795 674 Paschale
838 635 945 688 quod
1003 636 1155 675 edimus
1191 635 1438 675 Chronieon=
1477 635 1604 675 veluti
1637 650 1684 675 eo
1713 637 1805 675 loco

226 709 253 742 p
276 711 321 744 29
344 693 413 730 ubi
435 691 544 729 illius
567 691 762 743 scriptor,
792 692 840 730 ab
865 705 968 730 anno
996 706 1059 732 111.
1091 692 1337 744 Olympiadis
1367 705 1487 731 cxvn.
1518 693 1806 744 Syromacedo-

177 754 323 795 schales,
346 762 441 786 num
463 761 533 786 seu
550 747 841 799 Apamiensium
875 762 997 786 annos
1022 749 1156 799 putari
1180 749 1238 797 εἰς
1261 746 1304 788 τὸ
1323 744 1577 800 Πασχᾶλιον,
1617 748 1666 786 ab
1698 762 1803 787 anno

127 799 373 845 &PudGrfle-i.
399 804 628 842 Diocletiani
653 804 853 844 observat.
909 805 967 843 Ita
992 805 1086 843 alibi
1112 806 1249 843 scribit
1282 818 1302 842 a
1330 805 1549 842 Consulatu
1570 804 1806 843 Diocletiani

216 856 286 880 ⁰⁰⁵·
344 860 513 911 Augusti
537 866 576 899 et
596 860 840 910 Aristobuli,
871 874 942 899 seu
971 875 1072 899 anno
1102 861 1248 899 Christi
1276 873 1475 901 chxxxv.
1502 857 1550 900 vo?
1570 863 1806 912 Διοκλητια-

342 919 422 958 νοῦ
446 916 511 968 ἔτη
532 913 763 960 τάσσεσθαι.
820 917 929 955 Idem
959 917 1128 968 denique
1156 930 1259 955 anno
1289 929 1346 955 VI.
1378 917 1506 955 Focae
1528 923 1674 954 certam
1694 917 1750 954 ait
1765 930 1807 956 se

346 986 537 1011 annorum
563 973 754 1012 'rationem
787 979 1008 1012 assecutum
1039 976 1096 1013 τῶ
1127 973 1338 1028 Πασχαλίῳ
1368 972 1435 1013 καὶ
1459 976 1543 1019 τοῖς
1570 973 1807 1026 Υπαταρίοις

343 1025 567 1081 ἐντυχόντα.
624 1029 736 1076 Quae
767 1030 925 1080 quidem
945 1015 1149 1068 Pasch‘alia
1180 1030 1255 1067 alia
1285 1042 1365 1066 non
1389 1035 1503 1077 sunt,
1530 1028 1681 1067 sibene
1707 1042 1808 1067 con-

345 1086 463 1139 jicio,
494 1085 542 1122 ab
559 1085 745 1125 indiculis
769 1086 851 1124 illis
879 1085 1158 1135 Paschalibus,
1188 1085 1257 1137 qui
1288 1085 1395 1136 apud
1417 1084 1695 1123 occidentales
1723 1086 1808 1123 sin·-

346 1142 448 1193 gulis
479 1142 590 1179 annis
625 1142 730 1193 affigi
766 1143 896 1180 solent
932 1142 1083 1192 Cereis,
1123 1156 1222 1194 quos
1257 1141 1352 1180 inde
1380 1141 1590 1180 Paschales
1626 1140 1807 1191 dicimus,

346 1198 455 1249 quod
473 1198 606 1236 tabula
626 1198 695 1237 illa
708 1228 720 1248 ,
749 1198 790 1236 in
809 1212 906 1249 qua,
938 1212 1018 1250 quo
1038 1198 1102 1236 die
1128 1198 1362 1236 celebranda
1385 1203 1488 1236 esset
1506 1210 1619 1235 sacra
1639 1196 1808 1236 Pascha·
1871 1212 1884 1235 η

342 1255 391 1292 lis
421 1254 650 1304 Festivstas,
688 1261 918 1303 annotatur,
958 1255 1090 1292 Cereis
1126 1254 1222 1306 ipsis
1259 1253 1513 1292 paschalibus
1544 1253 1808 1305 appendatur.

343 1311 463 1359 Nam,
492 1317 540 1348 ut
571 1324 693 1362 supra
731 1310 953 1360 attigimus,
985 1323 1075 1347 cum
1108 1310 1150 1347 in
1181 1310 1360 1347 Concilio
1393 1309 1566 1347 Nicaeno
1602 1308 1808 1348 decretum

341 1372 463 1415 esset,
493 1373 538 1404 ut
564 1367 702 1404 eodem
724 1380 858 1404 omnes
887 1372 1065 1417 tempore
1087 1365 1285 1403 Ecclesiae
1310 1365 1455 1403 Pascha
1484 1365 1728 1404 celebrarent
1746 1365 1807 1416 2),

341 1423 556 1472 datumque
578 1428 680 1460 esset
699 1421 979 1460 Alexandrinis
997 1421 1216 1472 negotium,
1248 1421 1414 1460 caeteris
1433 1421 1474 1459 in
1496 1421 1808 1460 ordinandorum

338 1485 567 1529 temporum
587 1478 750 1516 scientia
770 1478 1052 1530 peritioribus,
1083 1483 1127 1515 ut
1150 1478 1365 1528 legitimum
1391 1477 1620 1516 celebrandi
1637 1477 1808 1517 Pascha-

339 1534 391 1572 tis
411 1533 513 1572 diem
536 1534 674 1572 sedulo
697 1534 966 1585 inquirerent,
998 1547 1214 1585 eorumque
1240 1535 1404 1572 Praesul
1428 1534 1591 1573 caeteris
1618 1534 1808 1572 Ecclesiis

339 1590 559 1639 indicaret,
597 1591 746 1628 Summi
785 1591 974 1642 deinceps
1009 1590 1218 1628 Pontifices
1256 1589 1518 1640 Patriarchis,
1555 1590 1809 1630 Patriarchae

341 1646 663 1699 Archiepiscopis
704 1652 742 1684 et
782 1647 1013 1700 Episcopis,
1052 1646 1083 1684 ii
1121 1659 1217 1685 vero
1257 1647 1500 1697 singularum
1541 1647 1808 1685 Ecclesiarum

340 1703 601 1755 praepositis,
630 1703 808 1754 idipsum
826 1702 1142 1752 denuntiabant,
1173 1703 1331 1755 scriptis
1359 1703 1410 1741 ad
1442 1703 1617 1753 singulos
1639 1703 1807 1741 Pascha-
1860 1754 1862 1756 Ι

340 1759 467 1808 libus,
497 1759 557 1797 uti
585 1759 806 1807 vocabant,
838 1760 1051 1811 Epistolis:
1091 1759 1234 1810 quibus
1263 1758 1461 1810 acceptis,
1494 1757 1809 1811 Epiphaniorum

343 1815 429 1865 die,
467 1815 533 1853 vel
563 1814 711 1853 Christi
737 1816 951 1865 Natalitio,
991 1816 1033 1853 in
1068 1815 1243 1853 Ecclesia
1277 1815 1584 1853 denuntiabatur
1612 1815 1683 1867 qui
1723 1815 1809 1855 dies
1869 1847 1871 1851 ,

343 1877 446 1910 esset
465 1871 534 1910 ille
552 1872 776 1921 Paschatis,
809 1879 854 1910 ut
876 1878 936 1910 est
951 1872 991 1910 in
1012 1872 1190 1909 Concilio
1210 1871 1486 1909 Aurelianensi
1513 1884 1554 1908 1v
1569 1869 1625 1921 3).
1683 1873 1809 1911 Erant
1864 1911 1867 1915 ,

343 1934 474 1966 autem
506 1941 573 1966 eae
603 1929 801 1980 Epistulae
834 1928 1090 1980 Encyclicae:
1130 1941 1219 1965 curn
1247 1927 1349 1982 enim
1378 1927 1428 1965 ad
1459 1940 1592 1965 omnes
1611 1933 1694 1967 toto
1714 1928 1810 1968 orbe

343 1984 506 2021 diffusas
533 1985 726 2023 Ecclesias
744 1984 910 2023 subinde
928 1985 1192 2029 mitterentur,
1221 1989 1308 2022 tum
1327 1983 1374 2021 ab
1396 1983 1666 2022 Alexandrino
1687 1986 1812 2024 Prae-

344 2041 450 2085 sule,
490 2047 574 2078 tum
608 2055 629 2078 a
658 2042 816 2078 Summo
845 2041 1058 2089 Pontifice,
1099 2046 1217 2091 atque
1254 2039 1346 2078 iude
1371 2054 1394 2078 a
1425 2039 1692 2090 Patriarchis,
1731 2054 1810 2080 non
1857 2079 1860 2082 ,

343 2096 463 2134 modo
503 2096 607 2135 diem
637 2097 842 2135 inventum
876 2096 1076 2135 Paschalis
1106 2096 1386 2147 solemnitatis,
1425 2096 1496 2135 sed
1522 2102 1561 2134 et
1593 2110 1740 2136 annum
1770 2097 1811 2135 in
1856 2114 1864 2149 ⁴,

344 2166 462 2202 quem
489 2152 574 2191 dies
601 2153 670 2191 ille
699 2153 921 2203 incidebat,
952 2154 1127 2204 aliasque
1151 2159 1375 2204 temporum
1406 2159 1519 2191 notas
1546 2153 1810 2192 continebant.
1861 2198 1864 2209 .

343 2208 442 2246 Nam
471 2222 562 2247 cum
596 2209 636 2247 in
679 2210 879 2260 plerisque
909 2209 1129 2248 Provinciis
1157 2222 1349 2247 annorum
1389 2208 1662 2260 putandorum
1697 2209 1811 2248 varia
1859 2230 1862 2236 ·

340 2270 445 2302 esset
472 2265 598 2304 ratio:
636 2266 748 2304 verbi
777 2266 926 2317 gratia,
957 2266 1023 2304 alii
1053 2279 1127 2318 per
1155 2265 1345 2303 Consules
1374 2272 1413 2303 et
1442 2265 1706 2315 indictiones,
1743 2264 1811 2304 alii
1858 2282 1881 2303 ¹.

343 2334 365 2357 a
389 2319 536 2358 mundo
566 2322 752 2371 condito,
784 2322 851 2360 alii
881 2323 929 2361 ab
959 2322 1069 2360 annis
1101 2321 1341 2369 Alexandri,
1372 2321 1440 2359 alii
1466 2321 1514 2359 ab
1543 2335 1632 2359 aera
1651 2321 1810 2360 Diocle-
1854 2327 1862 2380 ’ὲ

341 2376 472 2425 tiana,
516 2377 582 2414 alii
609 2378 656 2415 ab
683 2378 977 2428 Incarnatione,
1017 2378 1082 2416 vel
1115 2377 1349 2428 Nativitate,
1387 2378 1454 2415 vel
1482 2378 1711 2429 Baptismo,
1741 2383 1812 2416 aut
1858 2381 1860 2398 ³

340 2431 526 2470 Passione
550 2432 716 2471 Christi:
747 2435 866 2473 urbes
896 2434 1067 2486 denique
1099 2433 1249 2485 aliquot
1277 2434 1324 2471 ab
1353 2447 1456 2471 anno
1477 2440 1713 2472 consecutae
1736 2429 1810 2474 αὖ·

341 2488 550 2540 τονομίας,
580 2503 650 2527 seu
668 2490 886 2540 libertatis,
917 2492 982 2529 vel
1005 2490 1120 2528 etiam
1150 2503 1283 2529 earum
1315 2490 1522 2539 conditus,
1559 2504 1684 2528 annos
1715 2503 1810 2528 suos
1851 2520 1853 2522 -

340 2550 554 2595 putarent,
594 2559 753 2584 necesse
792 2553 876 2585 erat
906 2553 951 2585 ut
975 2546 1171 2598 Epistulae
1196 2546 1289 2584 illae
1308 2546 1547 2597 Encyclicae
1570 2545 1644 2584 hos
1675 2559 1810 2584 omnes

342 2607 567 2653 temporum
604 2601 931 2642 characterismos
970 2603 1242 2652 continerent,
1281 2615 1362 2654 quo
1402 2602 1602 2654 quaelibet
1633 2602 1806 2642 Ecclesia

390 2790 430 2832 1)
456 2791 495 2824 Ρ-
521 2793 577 2828 35.

389 2837 433 2924 ἕξ
457 2837 684 2918 ggssss'1‚m⁰d'
709 2839 786 2874 Lat.
812 2839 845 2874 in
869 2852 901 2876 v,
937 2840 1121 2875 Puschalcs
1147 2840 1330 2885 Epistotae.
1380 2841 1465 2878 Can.
1490 2841 1583 2875 Eccl.
1608 2841 1683 2877 Afr.
1704 2852 1733 2875 c.
1751 2840 1813 2878 51.‘
1846 2837 1850 2840 ”
1882 2900 1883 2910 1
