1884 3262
521 178 580 221 IN
615 178 944 224 CHRONJCON
975 181 1263 226 PASCHALE.
1528 181 1631 231 325

159 286 226 328 καὶ
256 284 332 340 τήν
364 284 528 341 Θάμαρ·
559 288 603 330 ἐκ
631 287 675 330 δὲ
681 292 786 361 ‘⁷⁷5⁹
805 293 943 344 Αννης
971 294 1047 333 τοῦ
1074 295 1248 345 Κλωπᾶ,
1276 291 1354 347 τήν
1374 295 1545 348 Μαρίαν
1559 293 1629 336 καὶ

158 340 291 397 μόνην
315 341 369 396 ἢν
395 343 640 398 μνημονεύει
669 362 691 387 ο
719 342 1028 415 Εὕαγγελιστής.
1088 353 1150 390 Εκ
1181 348 1226 391 δὲ
1252 353 1337 421 τῆς
1349 351 1543 421 δευτέρας
1557 351 1627 393 καὶ

157 403 410 472 παρθενικῆς
438 406 577 455 Λννης
608 399 684 455 τὴν
703 401 916 445 Θεοτόκον.
976 402 1201 476 Συνᾶγεται
1217 401 1293 448 οὖν
1311 403 1375 448 ὅτι
1395 407 1497 449 εἰσὶν
1515 404 1627 450 οἶδε).-

156 457 235 509 φαὶ
265 454 336 510 ἥτε
365 456 535 511 Εσθηρ,
563 476 590 512 η
618 456 779 513 Θαμαρ,
809 477 835 513 η
856 463 1024 514 Μαρία,
1055 463 1123 504 καὶ
1142 460 1171 516 ἦ
1192 461 1410 515 Θεοτόκος,
1438 465 1483 507 ἐκ
1502 481 1628 535 τριων

154 512 230 581 μὲν
260 529 416 583 μερων,
447 513 539 564 ἕνος
565 513 608 556 δὲ
634 532 803 585 πατρος,
833 519 908 558 τοῦ
930 520 1114 588 Ιωακείμ.
1174 521 1354 568 Δικαίως
1371 522 1510 563 τοίνυν
1533 518 1621 564 ὄνο·
1645 529 1676 565 1’
1698 529 1769 569 584

155 567 268 624 μάζει
286 587 308 611 ο
332 567 625 642 Ευαγγελιστης
639 569 714 625 τὴν
722 574 916 643 Μαρίαν,
947 572 1133 629 ἀδελφήν
1150 579 1222 629 τῆς
1241 574 1456 631 Θεοτόκον,
1485 577 1625 633 λέγων,

154 627 239 668 Καὶ
264 626 295 680 ἦ
321 625 475 682 α’δελφὴ
507 632 579 681 τῆς
606 646 755 690 μητρος
783 627 914 671 αὐτοῦ
942 633 1090 686 Μαρία
1110 632 1142 687 ἦ
1162 636 1237 675 τοῦ
1254 637 1420 675 Κλωπᾶ.
1478 636 1536 675 De
1552 637 1624 689 Sy·

153 697 295 724 meone
313 685 482 738 Cleopae
499 685 582 724 filio
602 686 737 725 eadem
761 693 897 726 narrat
914 687 1059 727 Joelus.

180 779 183 785 s
251 744 362 792 Pag.
390 741 486 785 471.
519 741 584 784 15.
641 743 914 796 Διαβληθεὶς]
949 744 1004 783 [ta
1026 745 1512 800 Cod.Vatic.Pe1-peram
1536 749 1623 789 διο-

151 797 321 850 κληθεις
340 798 521 838 ediderat
545 798 738 838 Raderus.
795 800 896 839 Vide
918 794 1158 841 Cotelerium
1179 803 1231 841 ad
1249 804 1462 845 Constitut.
1459 807 1621 858 Apost.

148 868 192 908 p.
211 857 307 897 297.
335 855 404 893 ubi
426 856 551 894 multa
572 855 620 894 de
641 856 792 909 Cleopa
810 857 984 897 Simonis
1002 866 1181 911 parente.

270 914 357 962 Pag-
386 911 482 955 472.
512 916 552 956 2
612 913 695 953 Καὶ
714 910 922 967 Ιγνατιος]
955 916 1016 954 Ex
1048 914 1196 956 chron.
1225 915 1404 966 Eusebii,
1434 916 1504 955 ubi
1526 918 1621 956 Sca-

146 967 251 1019 liger
273 968 463 1020 disquirit
494 983 567 1008 cur
593 983 642 1008 ex
669 970 784 1022 Syria
804 971 940 1010 bestiis
974 971 1226 1025 objiciendus
1250 972 1430 1022 Ignatius
1454 975 1618 1013 Romam

146 1024 370 1075 perductus
399 1025 467 1066 sit.
525 1026 626 1066 Vide
655 1027 823 1066 eundem
853 1029 1068 1068 Eusebium
1093 1029 1163 1070 lib.
1184 1043 1247 1068 111.
1274 1029 1376 1069 Hist.
1383 1030 1498 1071 -.Eccl
1529 1044 1617 1083 cap.

143 1093 249 1122 xxix.
279 1088 318 1120 et
344 1095 489 1121 xxxv1.
546 1083 714 1123 Joannes
743 1084 884 1123 Malela
914 1086 957 1123 in
982 1086 1174 1140 Trajano·
1208 1081 1449 1140 ἐμαρτύρισε
1478 1085 1522 1128 d}
1551 1087 1619 1128 ἐπὶ

145 1134 275 1179 αὐτοῦ·
291 1134 382 1180 τότε
402 1138 423 1181 ὁ
441 1155 556 1209 αγιος
576 1137 798 1194 vaoiuog‘
772 1157 794 1182 o
817 1130 1055 1193 Επίσκοπος
1077 1146 1150 1197 τῆς
1176 1144 1435 1196 Αντιοχείας·
1465 1138 1618 1198 ἠγανά-

68 1220 69 1224 =
142 1208 263 1248 κτησε
280 1211 356 1250 γαρ
376 1193 461 1236 κατ’
478 1193 605 1238 αὐτοῦ
621 1213 683 1238 οτι
700 1194 893 1252 ἐλοιδόρει
911 1196 1050 1242 αυτόν.

261 1255 355 1302 Pag-
385 1253 480 1296 472.
511 1257 548 1295 3.
610 1254 878 1307 Εβυνναίων]
909 1257 1000 1307 Leg.
1031 1256 1326 1308 Εβιωνναίων,
1356 1262 1403 1303 ut
1424 1262 1484 1296 est
1504 1256 1614 1310 apud

140 1308 284 1348 Euseb.
315 1309 382 1348 lib.
402 1323 461 1350 111.
494 1309 594 1350 Hist.
613 1311 722 1349 Eccl.
744 1324 831 1363 cap.
851 1325 984 1352 xxvn.
1018 1311 1290 1365 Epiphaniam
1322 1313 1486 1352 Haeresi
1512 1327 1614 1353 xxx.

141 1371 181 1403 et
209 1365 320 1404 alios.
378 1366 481 1405 Vide
511 1367 718 1406 Petavium
748 1368 799 1406 ad
832 1355 999 1408 eundem
1021 1368 1218 1422 Epiphan.
1240 1375 1281 1407 et
1300 1369 1540 1409 Cotelerium
1561 1371 1614 1409 ad

141 1422 344 1461 constitut
374 1423 510 1475 Apost.
530 1423 599 1466 lib,
618 1436 675 1463 v1.
696 1438 781 1477 cap.
799 1438 854 1464 vi.

256 1482 350 1530 Pag-
380 1479 477 1522 472.
505 1483 544 1523 8.
604 1483 797 1535 Πετραΐοι
815 1497 883 1522 και
902 1481 1147 1536 Βοστρηνοὶ]
1180 1481 1397 1534 Eutropius
1427 1481 1494 1521 lib.
1520 1496 1613 1521 vm.

139 1534 356 1574 Arabiam
344 1550 386 1574 111
408 1536 642 1576 Provinciae
661 1539 828 1577 formam
847 1538 1047 1590 redegisse
1066 1537 1282 1590 Trajanum
1304 1538 1457 1577 scribit.
1510 1539 1611 1578 Dion

136 1605 250 1631 vero
263 1593 371 1644 apud
402 1592 656 1646 Xiphilinum
677 1609 752 1648 per
771 1570 966 1635 Palmamt>
963 1595 1102 1648 Syriae
1122 1596 1374 1634 Praefectum
1396 1609 1481 1635 eam
1502 1595 1610 1634 Ara-

135 1648 224 1688 biae
258 1650 455 1688 duntaxat
484 1657 637 1703 partem
666 1652 818 1708 cepisse
850 1666 951 1704 quae
977 1653 1133 1691 Petram
1158 1652 1338 1702 attingit,
1370 1658 1413 1692 et
1431 1652 1504 1690 sub
1523 1653 1610 1691 Im⁶

134 1706 295 1758 perium
313 1707 586 1759 ditionemque
603 1702 868 1747 Romanorum
890 1704 1144 1762 subjunxisse
1161 1709 1227 1751 ait.
1286 1708 1362 1747 Sed
1394 1715 1609 1762 utramque

139 1763 323 1802 Arabiam
346 1777 391 1802 ea
412 1770 650 1817 tempestate
678 1779 698 1804 a
718 1765 890 1816 Traiano
911 1771 1200 1818 expugnatam,
1229 1765 1297 1804 vel
1322 1765 1415 1805 inde
1445 1764 1608 1805 haurire

132 1819 276 1870 liceat,
306 1820 414 1872 quod
447 1823 659 1874 utriusque
692 1823 936 1876 Metropoles
958 1824 1100 1861 Bostra
1122 1828 1161 1861 et
1181 1822 1319 1872 Petra,
1349 1836 1400 1861 ex
1424 1836 1504 1875 quo
1531 1823 1609 1860 Ro-

133 1890 343 1915 manorum
373 1890 457 1916 esse
490 1891 677 1931 coepere,
718 1893 846 1918 annos
877 1893 971 1918 suos
998 1886 1141 1933 putare
1166 1880 1430 1931 incoeperint.
1492 1879 1605 1931 Nam,
1633 1888 1666 1923 V
1688 1886 1757 1926 453

88 1957 96 1967 ι
134 1939 182 1972 ut
209 1941 268 1973 est
298 1934 405 1986 apud
429 1935 672 1974 Willelmum
690 1937 855 1990 Tyrium
873 1937 943 1976 lib.
963 1950 1055 1974 xm.
1077 1950 1165 1988 cap.
1183 1949 1228 1974 11.
1245 1936 1351 1988 ficere
1367 1936 1501 1994 Syriae
1515 1951 1605 1989 par-

134 1994 187 2028 tes
211 1995 362 2043 utraque
390 1992 562 2031 Arabiae.
587 1995 728 2044 anma
761 1995 868 2043 cujus
895 1994 1092 2046 metropolis
1111 1993 1192 2044 fuit
1214 1992 1404 2040 Rostrum5
1431 1989 1602 2043 secunda,

132 2048 241 2097 cujus
250 2048 330 2099 fuit
347 2050 546 2100 metropolis
567 2051 675 2088 Petra
693 2051 832 2090 deserti.
889 2051 1075 2089 Rostrum
1093 2063 1191 2088 vero
1210 2049 1404 2088 Bussereth
1421 2063 1488 2088 sua
1506 2056 1602 2088 tem·

131 2110 285 2159 pestate
309 2105 457 2144 dictam
483 2106 590 2144 idem
620 2107 676 2144 ait
701 2108 774 2147 lib.
799 2121 883 2146 xvi.
912 2121 997 2159 cap.
1019 2121 1109 2145 vm.
1138 2112 1178 2145 et
1207 2120 1259 2145 ex
1280 2120 1328 2144 eo
1357 2106 1528 2144 Jacobus
1552 2106 1603 2144 de

130 2160 309 2199 Vitriaco
341 2162 408 2200 lib.
431 2177 459 2200 1.
485 2162 583 2201 Hist.
611 2163 763 2203 Orient.
793 2178 883 2216 cap.
898 2177 1028 2203 xmrn.
1059 2169 1099 2202 et
1121 2164 1295 2200 Sanutus
1318 2162 1388 2201 lib.
1410 2175 1472 2201 111.
1496 2169 1601 2215 part.

130 2230 217 2265 xiv.
248 2232 336 2269 cap.
368 2232 396 2256 1.
433 2218 500 2257 ubi
531 2219 739 2272 utriusque
767 2220 1037 2273 Metropoleos
1073 2219 1370 2272 situm‘pariter
1396 2218 1600 2258 describit.

129 2273 330 2323 Bethaeret,
360 2288 458 2314 vero
478 2283 626 2315 vocant
648 2278 801 2316 Assisae
821 2275 1217 2329 Hierosolymitanae.
1276 2277 1495 2328 Utramque
1517 2290 1598 2315 ur-

128 2330 219 2370 bem
255 2331 487 2383 ampliasse,
517 2333 711 2385 novisque
744 2333 935 2372 aedificiis
967 2346 1184 2372 exornasse
1211 2332 1447 2385 Trajanum,
1478 2339 1598 2384 atque

63 2388 66 2394 “
130 2386 230 2426 adeo
247 2388 458 2441 privilegio
482 2386 728 2443 αὐτονομίας
748 2390 933 2440 donasse,
965 2390 1032 2429 vel
1054 2388 1148 2428 hinc
1167 2390 1369 2443 conjicere
1385 2396 1456 2439 est,
1486 2389 1599 2441 quod

129 2457 256 2483 annos
287 2459 402 2494 suos,
444 2448 489 2484 ut
519 2446 630 2496 dixi,
667 2453 811 2500 putare
840 2446 986 2486 exinde
1011 2446 1237 2499 coeperint,
1278 2446 1321 2484 in
1363 2446 1515 2498 accepti
1545 2445 1595 2484 ab

128 2501 303 2554 Trajano
332 2501 512 2541 beneficii
541 2510 841 2555 argumentum,
871 2504 937 2542 vel
962 2517 1043 2556 quo
1065 2503 1334 2555 Augustorum
1352 2503 1517 2554 gratiam
1533 2515 1596 2539 ca-

128 2564 309 2610 ptarent,
340 2573 448 2598 more
469 2565 554 2598 tum
572 2567 760 2613 recepto,
795 2560 892 2599 adeo
910 2566 954 2599 ut
974 2560 1165 2612 quasdam
1184 2560 1366 2599 civitates
1387 2560 1492 2598 diem
1512 2571 1593 2609 quo

128 2615 303 2666 primum
333 2615 420 2654 Auo
397 2616 501 2667 gusti
531 2617 581 2655 ad
610 2630 652 2656 se
685 2617 887 2656 venissent
914 2612 1114 2657 interdum
1139 2616 1298 2655 initium
1328 2616 1420 2654 anni
1451 2614 1594 2654 fecisse

128 2670 261 2709 tradat
285 2673 533 2711 Suetonius
522 2687 563 2711 m
586 2674 757 2713 Octavio
787 2689 824 2713 n.
850 2688 935 2713 mx.
993 2674 1239 2713 instauratae
1256 2686 1354 2711 vero
1375 2685 1396 2710 a
1419 2671 1591 2724 Trajano

128 2725 352 2766 Bostrensis
370 2729 646 2794 ‘Metropoleos
669 2731 928 2784 praecipuum
946 2730 1137 2770 indicium
1157 2729 1350 2783 praebent
1371 2728 1522 2767 nummi
1540 2728 1593 2767 ab

128 2781 271 2821 incolis
296 2785 404 2834 cusi,
433 2785 475 2824 in
505 2786 649 2838 quibus
676 2786 782 2826 Nova
814 2788 982 2838 Trojano
1010 2788 1141 2840 Bostrq
1170 2786 1339 2833 dicitur,
1370 2784 1419 2823 de
1445 2784 1591 2837 quibus

131 2838 212 2891 egit
227 2840 270 2878 in
289 2841 469 2880 Numinis
489 2843 674 2896 Antiquis
691 2845 899 2884 illustratis
917 2845 980 2884 vir
998 2842 1209 2896 singularis
1228 2814 1461 2882 eruditionis
1478 2841 1589 2882 Joan.
