1884 3262
502 205 559 247 IN
595 203 923 247 CHRONICON
956 202 1245 246 PASCHALE.
1508 198 1610 247 265

124 317 345 361 ‚Dorotheo
377 316 472 366 alio,
501 328 619 367 quem
648 314 800 353 Auctor
829 313 1032 364 Chronici,
1060 312 1172 366 quod
1200 312 1516 352 Alexandrinum
1546 312 1612 352 di-

141 376 287 424 cimus,
329 379 375 412 ut
411 379 452 412 et
488 370 753 424 Theophanes
783 377 823 410 et
853 371 1048 422 Georgius
1077 369 1344 409 Alexandriae
1372 369 1611 423 martyrium

141 432 215 472 sub
256 430 449 469 Gratiano
489 429 657 467 subiisse
695 427 878 467 scribunt
905 441 980 467 vn.
1008 427 1067 467 Id.
1100 427 1265 465 Octobr.
1293 428 1468 466 ferarum
1498 440 1611 466 escae

139 488 333 528 traditum
364 487 439 526 sub
469 486 637 525 Tatiano
667 484 901 535 Augustali,
931 484 997 522 cui
1027 484 1215 522 favebant
1241 483 1444 523 haeretici.
1502 482 1613 521 Lati-

139 560 191 585 na
221 551 353 584 autem
381 544 518 595 lingua
550 556 641 581 cum
670 543 816 580 Romae
855 547 1088 580 versaretur
1116 541 1321 592 scripsisse
1352 540 1612 590 Dorotheum,

141 603 309 656 ejusque
353 601 506 652 scripta
543 600 584 638 in
616 600 807 638 Graecam
843 598 985 636 deinde
1013 597 1200 636 traducta
1233 598 1454 649 colligimus
1485 611 1536 636 ex
1562 597 1614 635 iis

141 673 245 712 quae
274 664 367 711 post
395 658 504 696 illius
533 658 764 696 Tractatum
793 655 843 694 de
872 655 1078 707 Apostolis
1107 654 1324 704 habentur,
1354 654 1552 706 siquidem
1577 653 1614 692 is

139 730 280 756 revera
308 715 533 767 scripserit:
563 728 654 752 nam
685 712 785 751 haec
814 712 863 750 ab
895 713 1049 751 Graeco
1078 712 1296 763 interprete
1324 725 1490 764 prorsus
1518 724 1614 749 con-

139 773 232 811 ficta
262 777 429 810 constat.
491 771 619 823 Atque
646 770 756 808 illius
788 769 947 821 quidem
975 768 1106 807 futilis
1134 768 1228 806 satis
1249 769 1345 807 licet
1366 768 1498 821 operis
1521 774 1614 820 pars

139 830 232 878 illa,
271 829 311 867 in
351 842 452 881 qua,
489 840 590 879 quae
628 826 917 880 Prophetarum
953 826 1104 865 natales
1141 831 1179 864 et
1220 825 1341 864 vitam
1378 825 1612 878 praesertim

139 891 345 939 spectant,
391 885 646 934 referuntur,
693 884 767 922 sub
807 883 967 922 nomine
1003 881 1222 935 Epiphanii
1260 882 1454 934 Episcopi
1492 881 1614 933 Cypri

139 942 304 996 prodiit,
336 942 477 980 iisdem
505 941 639 980 verbis
670 939 863 980 Dorothei
892 941 1107 992 descripta,
1135 939 1204 978 vel
1233 945 1342 978 certe
1371 938 1514 991 paucis
1544 938 1616 976 ad-

139 1001 303 1039 modum
333 998 604 1051 interpolatis:
647 997 747 1037 adeo
777 1004 822 1036 ut
853 997 988 1036 mirari
1017 997 1157 1035 subeat
1186 1009 1260 1034 cur
1286 994 1512 1048 Epiphanio
1544 994 1615 1033 ad-

140 1057 359 1105 scribatur,
390 1055 500 1108 quod
530 1055 646 1094 alteri
674 1055 872 1107 Scriptori
906 1054 1076 1093 subinde
1104 1053 1154 1092 ab
1185 1053 1275 1092 aliis
1302 1053 1509 1091 tribuitur.
1550 1052 1616 1090 Sic
1640 1060 1669 1094 P
1694 1058 1763 1096 505

140 1120 296 1153 veteres
328 1113 464 1164 spuria
495 1125 566 1151 sua
596 1125 678 1150 non
711 1111 832 1150 modo
860 1111 1141 1158 venditabant,
1179 1110 1249 1148 sed
1290 1123 1370 1161 quo
1408 1109 1527 1148 fidem
1564 1109 1614 1147 iis

141 1171 315 1222 aliquam
354 1169 721 1217 accommodarent,
762 1169 970 1221 praeclara
1001 1168 1098 1220 ipsis
1134 1167 1324 1206 indebant
1351 1166 1532 1216 nomina,
1571 1172 1618 1204 ut

139 1226 252 1266 hisce
294 1227 522 1279 opusculis,
564 1225 754 1264 Dorothei
795 1226 949 1264 scilicet
985 1225 1175 1276 Martyris
1215 1230 1256 1262 et
1293 1223 1505 1275 Episcopi,
1545 1235 1617 1261 seu

139 1283 366 1336 Presbyteri
397 1283 517 1335 Tyri,
546 1289 586 1321 et
615 1281 830 1337 Epiphanii
860 1281 985 1333 Cypri
1014 1281 1228 1333 Episcopi,
1259 1294 1351 1318 cum
1370 1280 1549 1319 neutrius
1572 1293 1617 1318 ea

140 1341 230 1380 sint.
291 1339 546 1388 Posterioris,
586 1338 801 1391 Epiphanii
830 1338 1004 1387 scilicet,
1048 1351 1152 1390 opus
1182 1337 1422 1376 describitur
1450 1336 1491 1374 in
1521 1336 1617 1377 Cod.

139 1399 236 1448 Reg.
265 1411 311 1434 11.
343 1410 557 1436 mcccc-cm.
597 1397 669 1435 fol.
697 1398 794 1438 228.
833 1394 987 1447 scripto
1026 1408 1130 1433 anno
1163 1407 1332 1434 Mccxm.
1363 1399 1403 1432 et
1436 1407 1488 1432 ex
1517 1393 1614 1431 Cod.

109 1459 112 1462 '
140 1453 289 1493 veteris
327 1454 476 1492 Romae
514 1452 669 1506 scripto
710 1466 815 1491 anno
849 1465 1009 1491 nccmx.
1042 1458 1088 1490 ut
1121 1451 1165 1489 in
1193 1464 1240 1489 eo
1269 1456 1505 1499 annotatur,
1545 1449 1618 1488 de-

141 1517 325 1563 sumpto:
355 1510 464 1548 unde
493 1509 681 1561 colligere
710 1509 851 1547 saltem
877 1509 1006 1557 liceat,
1037 1515 1085 1547 ut
1113 1513 1153 1547 et
1180 1507 1332 1560 pariter
1351 1521 1412 1547 ex
1437 1506 1516 1545 hoc
1543 1507 1618 1544 Pa..

141 1566 267 1606 schali
304 1568 346 1605 in
382 1580 454 1606 xx.
492 1566 669 1606 Heraclii
706 1579 853 1605 annum
893 1565 1122 1612 desinente,
1167 1563 1277 1603 haud
1315 1578 1402 1603 esse
1441 1577 1617 1615 nuperos

141 1624 265 1664 hosce
295 1623 593 1675 qualescunque
622 1623 866 1675 Scriptores,
897 1621 1008 1675 quod
1039 1621 1202 1674 quidam
1230 1621 1386 1670 volunt,
1422 1620 1618 1672 siquidem

142 1688 232 1720 ante
269 1694 415 1719 annum
443 1694 531 1719 nec.
560 1681 590 1718 ii
618 1680 805 1720 vixerint.
863 1680 914 1718 Et
953 1685 1062 1718 certe
1093 1679 1270 1718 Graecus
1308 1678 1511 1730 Interpres
1540 1678 1618 1715 Do-

141 1737 277 1778 rothei
303 1743 502 1786 testatur,
545 1750 615 1776 seu
640 1737 775 1788 fingit,
819 1750 863 1775 ea
893 1750 993 1788 quae
1023 1736 1072 1775 de
1101 1735 1315 1788 Prophetis
1344 1741 1384 1774 et
1412 1735 1618 1786 Apostolis

143 1795 327 1847 scripsit,
369 1807 421 1833 ex
460 1794 637 1847 ejusdem
675 1792 869 1832 Dorothei
907 1793 1057 1832 Latinis
1098 1791 1400 1831 Commentariis
1437 1791 1619 1830 hausisse

142 1865 190 1890 ac
219 1850 482 1903 descripsisse
505 1864 552 1889 eo
582 1865 686 1890 anno
716 1864 797 1902 quo
825 1850 994 1889 Joannes
1022 1850 1130 1902 Papa
1161 1849 1504 1901 Constantinopoli
1524 1862 1619 1887 ver-

142 1909 323 1958 sabatur,
353 1907 575 1947 Philoxeno
607 1913 647 1947 et
673 1907 806 1946 Probo
839 1907 947 1946 Coss.
976 1906 1146 1959 proinde
1173 1906 1327 1945 Justino
1357 1906 1515 1944 seniore
1545 1905 1620 1943 im-

141 1972 322 2018 perante.
393 1964 538 2017 Operis
579 1971 714 2003 autem
750 1963 964 2016 Epiphanii
1002 1965 1045 2002 in
1087 1963 1183 2002 Cod.
1220 1963 1342 2014 Regio
1378 1962 1521 2002 lemma
1562 1961 1620 2000 ita

144 2022 392 2074 concipitur:
431 2024 515 2062 Τοῦ
543 2019 660 2074 οὲγίου
682 2022 921 2073 Επιφανίου
943 2016 1187 2061 Επισκόπου
1212 2015 1387 2070 Κύπρου
1416 2019 1508 2073 περὶ
1537 2021 1620 2059 τῶν

144 2081 400 2132 Προφητῶν,
424 2081 512 2126 πῶς
540 2075 844 2130 ἐκοιμήθησαν,
872 2077 942 2119 καὶ
969 2081 1052 2119 ποῦ
1079 2081 1244 2117 κεῖνται.
1304 2076 1434 2124 Quem
1456 2076 1621 2127 quidem

142 2142 360 2175 tractatum
402 2135 555 2186 excipit
590 2136 693 2174 alter
734 2135 911 2188 ejusdem
950 2134 1167 2187 Epiphanii
1203 2134 1254 2173 de
1294 2133 1523 2185 Apostolis,
1571 2132 1622 2170 de

144 2207 226 2245 quo
254 2205 414 2243 agemus
444 2191 562 2230 infra.
622 2192 780 2244 Duplex
809 2198 944 2230 autem
973 2190 1188 2245 Epiphanii
1215 2190 1333 2229 istius
1364 2190 1414 2229 de
1442 2187 1621 2240 Prophe-

143 2250 198 2289 tis
236 2250 357 2287 editio
398 2248 566 2299 prodiit:
614 2248 763 2301 prima,
804 2248 1123 2292 Albani-Torini
1157 2261 1219 2287 an.
1263 2260 1441 2287 MDxxnt.
1479 2246 1620 2296 altera,

143 2306 340 2344 Joachimi
367 2304 537 2344 Zehneri
567 2319 628 2343 an.
659 2318 818 2346 Mncxn.
850 2306 918 2356 qui
948 2311 989 2343 et
1017 2304 1194 2357 priorem
1214 2304 1428 2353 recensuit,
1457 2310 1496 2342 et
1514 2303 1623 2342 Smi-

145 2370 302 2415 ptorem
346 2362 563 2401 fusioribus
603 2361 903 2400 Commentariis
947 2362 1179 2401 illustravit.
1246 2361 1367 2409 Quod
1413 2361 1458 2398 in
1503 2373 1622 2398 causa

146 2420 225 2458 fuit
270 2434 343 2458 cur
388 2419 424 2458 ei
470 2418 708 2458 elucidando
749 2419 954 2457 immorari
993 2419 1137 2458 debere
1177 2418 1338 2457 minime
1379 2417 1622 2456 censuerim:

147 2490 240 2515 cum
274 2483 478 2528 praeterea
506 2477 571 2514 vir
599 2475 811 2527 singularis
841 2475 1002 2514 omnino
1043 2476 1279 2515 eruditionis
1309 2476 1450 2514 Petrus
1482 2473 1623 2512 Daniel
1661 2471 1667 2476 “

147 2533 340 2582 Huetius,
386 2532 665 2571 Suessonensis
702 2533 927 2585 Episcopus
967 2532 1216 2584 designatus,
1255 2545 1328 2571 seu
1362 2535 1532 2580 vocatus,
1575 2536 1624 2568 ut

148 2589 340 2642 Episcopi
377 2589 494 2629 electi
537 2589 631 2628 olim
670 2603 754 2628 sese
791 2589 1046 2639 vocitabant,
1095 2589 1199 2629 idce'
1234 2587 1455 2639 argumenti
1493 2586 1623 2626 solide

149 2653 384 2698 persecutus
412 2646 465 2684 sit
491 2646 534 2684 in
563 2647 911 2694 Demonstratione
936 2646 1199 2697 Evangelica‚
1242 2646 1313 2684 ubi
1340 2658 1413 2683 xn.
1445 2642 1622 2694 Prophe·

151 2708 282 2741 tarum
313 2704 363 2742 de
401 2702 546 2741 Christi
579 2703 876 2755 dispensatione
915 2703 1206 2755 praedictiones
1235 2707 1422 2741 accurate
1450 2700 1622 2751 collegit,

153 2773 199 2797 ac
236 2759 543 2813 ὖποβολιμαίων
584 2759 777 2799 Dorothei
818 2767 859 2800 et
894 2760 1110 2813 Epiphanii
1145 2759 1315 2811 scripta,
1361 2757 1534 2796 maxime
1575 2756 1625 2795 de

153 2829 292 2854 eorum
321 2816 448 2868 patria
476 2816 687 2855 examinat.
745 2817 920 2856 Proinde
952 2819 1048 2856 satis
1077 2831 1161 2856 esse
1193 2814 1431 2864 censuimus,
1460 2813 1496 2852 si
1524 2827 1626 2865 quae

154 2885 205 2912 ex
243 2872 306 2912 his
343 2871 590 2913 Auctoribus
628 2873 672 2913 in
699 2873 827 2914 hocce
854 2874 1035 2914 Paschali
1070 2879 1261 2928 excerpta
1289 2873 1501 2925 leguntur,
1533 2884 1624 2911 cum
