1884 3262
522 217 582 260 IN
618 215 949 260 CHRONICON
982 213 1273 258 PASCHALE.
1540 209 1641 257 237

275 327 373 379 Pag
405 326 573 370 46.14
634 321 813 378 Μαδοῖὶ]
857 326 1012 365 Auctor
1050 326 1185 376 Eclog.
1222 319 1304 364 ἀπὸ
1338 316 1502 371 Momm,
1543 324 1644 374 Μῆ-

162 387 248 428 δοι·
277 385 321 427 ἐκ
348 383 392 426 δὲ
425 387 505 424 Ιωι
509 399 578 434 ος
612 387 758 433 Ιωνες,
797 382 867 423 καὶ
898 384 942 424 οἵ
968 382 1104 424 λοιποὶ
1134 384 1326 434 Ελληνες.
1388 378 1490 418 Vide
1518 379 1644 417 Salia-

161 456 259 482 num
299 455 403 480 anno
441 441 606 480 laudato
637 455 676 479 n.
706 453 822 478 xxiv.

277 499 376 549 Pag.
417 497 484 541 46
527 498 590 540 15-
662 494 807 549 Ιωυα]
865 490 1232 547 Syncell.1mv02v.
1298 493 1411 532 Idem
1459 491 1643 531 Salianus

161 571 201 596 ιι.
230 570 331 596 xxv.

265 613 374 653 Ibid.
437 607 696 664 Τυράννιοι]
720 609 930 661 Hippolyt.
964 608 1099 647 Hiberi
1120 610 1185 659 qui
1209 611 1243 646 et
1274 608 1441 660 Tyrreni

278 669 468 720 Pag·46-
503 671 568 710 16.
629 664 810 714 Ελισσοέ]
841 666 951 704 Idem
982 666 1126 705 salian.
1160 678 1341 702 n.xxV1.
1373 665 1415 702 in
1446 662 1582 702 Schol.

277 725 474 776 Pag.46.
509 728 573 766 17.
634 722 908 775 Μακουακοὶ]
939 723 1081 761 Macua
1098 722 1239 760 urbem
1261 721 1502 774 Aethiopiae
1523 720 1645 760 habet

162 784 328 824 Plinius.

278 839 375 879 Ibid.
420 833 576 908 Θόβελ]
609 838 755 888 Ecloge
777 837 856 875 MS.
874 835 916 877 ἐκ
938 833 982 876 δὲ
997 838 1075 876 τοῦ
1097 831 1243 902 Θόβελ,
1278 834 1477 887 Θοβηλοι,
1508 834 1551 874 οἱ
1565 837 1645 874 νῦν

164 891 436 963 1βηρες·οἷπὸ
456 893 500 935 δὲ
523 898 687 947 Μελχῶ,
711 893 945 961 Μελχηνοὶ,
969 890 1034 933 διο
1059 892 1128 932 καὶ
1151 888 1327 939 Magum
1352 891 1382 944 ἦ
1399 887 1493 958 παρ’
1505 887 1646 939 αυτοῖς

165 951 428 1008 μητρόπολις·
459 949 540 995 οἷπο
563 950 606 992 δὲ
603 948 744 1010 Θήρα
775 946 954 1018 Θρακες,
985 946 1067 991 οἷπό
1097 948 1141 990 δὲ
1176 945 1343 1001 Θᾶῤῥου
1373 945 1570 1017 Θάρσεις,
1605 946 1655 988 οἵ

163 1015 242 1053 νῦν
259 1012 446 1058 Κίλικες,
477 1005 547 1060 αφ’
569 1010 617 1050 οὐ
641 1009 710 1049 καὶ
737 1004 894 1061 Τάρσος
918 1006 988 1048 καὶ
1013 1023 1040 1059 η
1062 1022 1174 1058 παρα
1202 1007 1338 1054 Κίλιξι
1357 1000 1646 1057 ἆξιολογοτᾶτη

164 1066 359 1123 γενομένη
386 1069 458 1119 τῆς
487 1065 530 1107 δὲ
562 1069 634 1119 τῆς
663 1066 918 1118 δηλωθείσης
959 1060 1243 1117 διανεμήσεως.
1301 1062 1405 1102 Vide
1438 1062 1645 1100 Salianum

163 1141 206 1167 ιι.
236 1138 350 1164 XXVI.

280 1179 473 1231 Pag.46.
510 1182 575 1222 18.
635 1176 807 1231 Μόσοχ]
838 1179 947 1218 Idem
978 1178 1124 1219 Salian.
1154 1190 1194 1215 ιι.
1219 1190 1352 1215 xxvn.
1380 1181 1419 1214 et
1446 1175 1489 1214 in
1511 1174 1646 1214 Scho-

163 1240 252 1289 liis,
298 1238 369 1277 ubi
406 1238 474 1276 ille
513 1236 681 1275 Getulos
721 1236 894 1275 absurde
927 1237 967 1274 in
1005 1227 1208 1274 Chronico
1247 1248 1270 1272 a
1299 1232 1490 1272 Mosocho
1533 1239 1645 1272 ortos

165 1298 245 1348 ait,
277 1309 367 1334 eum
391 1295 545 1343 Africa,
574 1293 729 1344 inquit,
758 1293 850 1332 filiis
876 1293 1031 1345 Japheti
1059 1292 1211 1331 tributa
1243 1290 1308 1331 sit.

280 1343 375 1402 Pag.
397 1354 464 1393 46
490 1354 556 1393 19.
590 1347 740 1402 Θηροῖς]
771 1350 883 1389 Idem
904 1351 1048 1388 salian.
1071 1363 1113 1389 n.
1134 1362 1233 1387 xxx.
1263 1349 1361 1386 Post
1382 1347 1549 1394 Therae,
1574 1347 1647 1399 qui

166 1416 281 1450 octav
287 1423 333 1447 us
353 1408 459 1446 filius
478 1406 622 1459 saphet
651 1406 751 1454 suit,
782 1408 967 1458 sequitur
992 1406 1100 1458 apud
1122 1405 1377 1457 Syncessum,
1404 1403 1648 1472 Χετταλεὶμζ

164 1467 207 1517 ἐξ
229 1461 288 1508 οὗ
299 1460 553 1512 Μακεδόνες.
583 1464 678 1503 Post
698 1477 818 1516 quem
837 1464 939 1503 haee
956 1463 1209 1503 scribuntur.
1240 1462 1284 1502 οἱ
1303 1461 1388 1502 υἱοὶ
1412 1458 1545 1515 Γαμερ
1565 1463 1648 1502 τοῦ

166 1525 267 1565 υἱοῦ
298 1521 445 1574 Ιαφέθ.
475 1518 688 1574 Ασχανας,
724 1518 880 1573 Ριχαθ,
920 1527 960 1560 et
992 1517 1193 1587 Θόργαμα.
1267 1518 1447 1568 Deinde,
1486 1519 1529 1559 οἱ
1562 1517 1651 1559 υἱοὶ

166 1578 327 1629 Ιωυοῖν,
358 1582 536 1627 Emesa,
565 1580 756 1631 Θαρσεῖς,
790 1579 951 1626 Κίτιοι,
994 1585 1034 1616 et
1065 1573 1229 1626 Ρόδιοι,
1271 1589 1342 1614 seu
1379 1581 1427 1614 ut
1464 1575 1644 1627 praefert

165 1637 397 1676 Chronieon
426 1637 506 1674 MS.
547 1635 758 1687 Symeonis
800 1607 1066 1687 Logotlietae,
1116 1635 1256 1681 Κίτιος
1294 1638 1336 1671 et
1378 1629 1580 1682 Ρούδιος,
1621 1646 1645 1671 ιι

167 1695 314 1747 quibus
352 1700 460 1732 ortas
499 1692 596 1730 alias
636 1706 684 1730 ac
725 1691 905 1742 diversas
946 1698 1085 1743 gentes
1113 1690 1254 1729 scribit
1282 1689 1386 1728 idem
1417 1664 1644 1739 Africarius,

165 1758 206 1790 et
242 1765 294 1790 ex
334 1764 380 1788 eo
420 1751 500 1791 alii.
560 1748 734 1787 Proinde
775 1748 819 1786 in
857 1749 968 1788 hisce
1003 1748 1234 1788 nominibus
1270 1746 1526 1799 appellativis
1562 1760 1645 1785 non

122 1826 126 1830 ”
166 1821 329 1847 omnmo
358 1821 533 1846 Invicem
562 1805 823 1845 convenlunt.

199 1888 202 1892 -
280 1865 377 1914 Pag
409 1864 550 1907 47.1.
610 1859 822 1930 Μάζικες]
863 1862 921 1900 De
951 1861 1102 1926 quibus
1128 1860 1374 1900 Ammianus.

282 1922 379 1971 Pag.
408 1922 476 1964 47.
506 1924 546 1962 2.
611 1915 894 1972 Ταραμαντες]
944 1919 1009 1957 Sic
1050 1918 1170 1958 etiam
1210 1918 1306 1957 Cod.
1340 1917 1469 1959 vatic.
1526 1916 1648 1956 Forte
1695 1914 1729 1951 V
1754 1915 1825 1952 398

167 1974 457 2033 Γαράμαντες,
498 1977 632 2029 inquit
659 1976 863 2016 Raderus·
923 1977 1180 2015 Sauromatas
1210 1990 1259 2015 ex
1289 1974 1464 2014 Eusebio
1492 1975 1652 2014 mavult

166 2037 361 2075 Salianus.

281 2093 377 2142 Pag.
408 2089 474 2134 47.
506 2094 544 2133 3.
606 2087 849 2144 Θοσμαγοέρ]
882 2089 1126 2132 Cod.Vatic.
1159 2085 1388 2143 Θόργαρμα.
1420 2085 1648 2142 Θορμαγοῖς,

169 2149 269 2191 aliis.
328 2149 438 2187 Idem
467 2147 615 2186 salian.
645 2162 685 2187 n.
714 2161 850 2186 xxxn.
881 2147 923 2185 in
953 2146 1088 2187 Schol.

279 2205 378 2245 aid.
435 2200 641 2259 Βοράδες]
693 2204 796 2244 Vide
823 2203 1072 2243 Bochartum
1110 2202 1155 2241 in
1185 2201 1334 2241 Phalec
1361 2199 1433 2239 lib.
1462 2213 1526 2241 111.
1556 2213 1646 2253 cap.

165 2277 228 2303 xt.
258 2263 388 2304 initio.

282 2319 382 2370 Pag·
411 2319 479 2362 47.
521 2321 561 2361 8.
619 2316 807 2370 Σαιτῶν]
855 2316 986 2355 Saitas
1024 2315 1215 2354 Susianae
1242 2313 1417 2366 populos
1453 2318 1648 2352 memorat

167 2377 332 2417 Plinius,
391 2375 472 2414 Sed
495 2375 611 2414 aliter
639 2373 747 2413 hanc
776 2373 992 2427 periochen
1022 2371 1137 2412 effert
1164 2371 1413 2427 Hippolytus
1435 2371 1516 2410 MS.
1549 2371 1648 2409 Sunt

167 2439 286 2473 autem
305 2447 349 2472 ex
379 2435 472 2484 ipsis
495 2435 603 2471 etiam
631 2436 754 2482 gentes
778 2445 869 2484 quae
890 2435 974 2469 sunt
1004 2432 1045 2468 in
1063 2430 1211 2468 Etiada
1235 2424 1411 2480 (Ellada)
1429 2432 1574 2480 praeter
1592 2441 1648 2465 eos

168 2494 232 2543 qui
245 2491 469 2542 postmodum
486 2490 707 2528 advenerunt
725 2490 799 2538 ibi,
827 2488 949 2538 Reges
969 2490 1033 2540 qui
1053 2488 1305 2526 habitaverunt
1322 2488 1526 2534 civitatem,
1557 2497 1648 2535 quae

167 2548 267 2599 apud
292 2548 446 2586 Graecos
464 2548 677 2595 honoratur,
693 2546 874 2594 Athenas,
904 2549 939 2584 et
966 2545 1200 2593 Thebeorum,
1225 2546 1392 2595 quoniam
1415 2542 1648 2581 Sidoniorum

169 2609 252 2642 sunt
293 2605 570 2652 inhabitatores,
616 2607 650 2641 et
687 2605 884 2655 quicunque
911 2606 996 2641 sunt
1029 2602 1100 2641 alii
1135 2602 1300 2640 similiter
1327 2599 1496 2652 posthaec
1545 2596 1649 2650 apud

168 2660 374 2700 Halladam
399 2663 770 2711 transmigraverunt,
801 2666 878 2698 etc.
907 2707 910 2709 ‚

281 2716 476 2768 Pag·47·
508 2720 574 2760 13.
633 2716 757 2757 Εἰσὶν
786 2714 831 2757 δὲ
848 2732 907 2763 ,τα
935 2717 1011 2757 τοῦ
1035 2711 1188 2783 Ιαφὲτ]
1214 2712 1316 2753 Vide
1345 2711 1543 2763 Anonym.
1565 2709 1648 2750 Ra-

169 2779 334 2814 vennat.
363 2773 434 2813 lib.
463 2787 520 2814 1v.
556 2779 654 2815 sect.
684 2788 714 2812 1.

285 2829 382 2880 Pag.
411 2829 480 2872 47.
511 2830 578 2874 15.
639 2825 846 2881 Ονεννοὶ]
898 2828 959 2868 Ita
999 2828 1232 2881 SyneeUus,
1278 2824 1352 2864 ubi
1382 2820 1568 2873 Οῧννους
1595 2822 1648 2862 ad
