1884 3262
587 221 858 265 CHRONICI
884 221 1191 266 PASCHALIS.
1535 217 1639 269 225

159 333 182 358 *
204 331 397 371 deductas
435 337 621 384 epactas,
661 338 701 370 et
741 331 909 383 adjectis
951 333 1128 384 ejusdem
1169 333 1263 372 anni
1300 333 1635 374 concurrentibus

158 390 262 437 suis,
303 396 513 440 augmenta
554 388 676 428 latius
714 402 762 427 ac
797 389 960 428 brevius
992 391 1124 429 omnia
1166 397 1399 442 argumenta
1429 390 1637 430 Paschalia

159 447 391 486 calculabis.
449 446 538 484 Hoc
566 452 701 484 tamen
729 452 936 498 praeterea
965 447 1108 486 lectori
1137 447 1190 486 sit
1219 448 1446 498 cognitum,
1478 449 1636 500 quoties

157 504 202 542 in
232 510 428 555 utrosque
458 517 613 542 menses
644 517 767 555 supra
806 503 977 555 scriptos
1016 504 1058 542 in
1095 505 1225 557 prima
1262 505 1400 556 regula
1440 506 1637 556 contingit

158 567 207 599 ut
236 560 431 599 deductas
467 567 627 612 epactas
657 560 830 612 amplius
866 574 888 598 a
917 573 1019 599 xxx.
1049 568 1303 611 remaneant,
1350 562 1504 600 dimitte
1532 576 1636 604 xxx.

161 617 284 665 Quod
312 618 344 656 si
374 631 479 655 unus
505 625 574 655 aut
603 618 684 656 duo
715 631 786 656 seu
803 617 976 669 amplius
996 619 1292 671 superfuerint,
1321 625 1384 657 tot
1402 619 1487 658 dies
1510 619 1639 671 ipsius

159 675 308 713 mensis
338 690 358 713 a
388 674 581 713 Kalendis
610 674 655 713 fit
687 675 782 713 luna
812 673 1014 713 Paschalis
1042 682 1152 715 x11i1.
1206 676 1379 725 Quando
1407 684 1541 715 autem
1561 677 1639 715 de-

160 731 302 770 ductas
341 737 502 783 epactas
538 732 644 770 infra
681 745 784 770 xxx.
822 738 870 770 ut
906 738 1006 784 puta
1034 746 1109 772 xx.
1147 746 1218 772 seu
1247 733 1420 785 amplius
1455 733 1639 772 minusve

159 789 448 838 remanserint,
483 790 578 827 item
619 795 682 827 tot
720 789 808 827 dies
843 788 992 827 mensis
1021 803 1044 828 a
1072 791 1162 832 Kal.
1194 790 1377 829 occurrit
1404 791 1500 828 luna
1530 805 1639 830 xnu.

159 845 374 885 Pascbalis.
435 845 477 883 Si
505 846 609 885 enim
641 846 839 885 deductas
868 852 1029 898 epactas
1059 861 1161 887 xxx.
1198 853 1329 886 tamen
1358 848 1638 896 remanserint,

161 903 268 955 quod
300 903 422 956 semel
461 901 503 940 in
544 903 681 942 decem
712 909 751 941 et
779 917 884 942 vnn.
915 903 1030 942 annis
1060 905 1253 944 accedere
1281 904 1536 943 manifestum
1567 912 1641 954 est,

159 974 258 999 xxx.
288 959 352 999 die
383 975 404 998 a
434 960 604 1000 Kalend.
635 960 712 999 erit
740 960 835 999 luna
867 958 1068 1000 Paschalis
1096 975 1205 1000 xnn.

796 1310 1002 1367 XXV.

1667 343 1683 359 ·
1704 342 1860 379 deducas

1665 1306 1699 1340 V
1717 1306 1787 1343 388

1640 1375 1696 1409 Et
1719 1374 1866 1410 Petavz‘o

223 1424 322 1471 DE
362 1421 732 1473 TRIPLICI
777 1422 1289 1472 GRAECORUM
1337 1423 1568 1485 AERA,
1640 1420 1866 1457 1·9·‘1⁰‘l⁰⁶‘r·

1640 1473 1746 1512 temp.
1758 1479 1788 1502 c.
1796 1469 1831 1503 3.

155 1517 222 1555 ΕΤ
269 1515 339 1556 EA
387 1516 497 1564 QUA
543 1516 735 1554 UTITUR
789 1517 1002 1556 AUCTOR
1047 1515 1329 1555 PASCHALIS
1380 1516 1642 1556 CHRONICI.

274 1640 593 1680 Christianorum
632 1641 794 1694 quidem
832 1647 1014 1680 veterum
1035 1670 1048 1687 ‚
1094 1640 1165 1693 qui
1201 1654 1252 1680 ex
1286 1654 1387 1681 Lxx.
1427 1642 1641 1682 Seniorum

159 1698 400 1737 auctoritate
428 1699 566 1737 mundi
598 1705 781 1751 tempora
813 1699 1088 1750 digesserunt,
1129 1698 1341 1752 opiniones
1374 1705 1468 1737 sunt
1498 1700 1643 1738 admo-

160 1756 256 1794 dum
287 1755 433 1794 variae.
494 1756 788 1795 Posterioribus
829 1756 999 1794 saeculis
1048 1755 1098 1793 ad
1139 1756 1221 1793 duo
1260 1755 1328 1794 vel
1368 1756 1444 1794 tria
1486 1757 1643 1808 fastigia

161 1812 289 1851 omnis
325 1812 397 1850 illa
437 1811 650 1851 diversitas
690 1814 801 1852 abiit.
872 1813 1014 1864 Itaque
1063 1812 1215 1864 triplex
1258 1812 1506 1851 Graecorum
1550 1828 1642 1852 aera

161 1869 404 1908 celebratur.
462 1869 593 1908 Prima
625 1876 686 1908 est
716 1884 818 1922 quae
852 1870 901 1907 ab
931 1869 1048 1908 initio
1069 1883 1203 1908 rerum
1223 1869 1275 1907 ad
1294 1871 1467 1909 natalem
1489 1869 1643 1910 Christi

159 1933 278 1980 putat
307 1940 432 1965 annos
462 1926 586 1970 5493.
616 1928 794 1965 secunda
824 1941 928 1965 anno
966 1926 1105 1965 mundi
1133 1925 1259 1969 5501.
1292 1927 1460 1966 eundem
1492 1942 1643 1966 annum

162 1983 348 2034 assignat.
408 1983 540 2021 Tertia
571 1998 674 2022 anno
706 1984 830 2027 5509.
889 1985 1095 2023 Postrema
1125 1982 1225 2022 haec
1255 1985 1431 2022 omnium
1459 1985 1643 2025 celeber-

161 2041 284 2088 rima,
315 2054 393 2092 qua
425 2041 867 2093 Constantinopolitana
899 2040 1099 2090 Ecclesia,
1131 2040 1248 2091 eique
1277 2041 1481 2093 subjectae
1505 2055 1643 2081 omnes

161 2104 346 2136 utuntur.
406 2096 545 2148 ltaque
572 2098 615 2136 in
646 2098 794 2136 Codice
822 2098 928 2137 Juris
949 2097 1166 2136 Orientalis
1185 2097 1480 2150 Imperatorum
1510 2098 1642 2138 edicta

160 2154 238 2192 hac
282 2167 373 2192 aera
422 2154 720 2205 consignantur.
799 2155 902 2193 Tum
943 2154 1258 2193 Alexandrinum
1302 2153 1552 2203 Chronicon,
1596 2171 1643 2195 ac

162 2211 307 2249 Graeci
338 2210 510 2262 denique
538 2212 780 2249 recentiores
810 2212 923 2249 illam
952 2210 1161 2249 adhibent:
1186 2212 1412 2250 secundam
1444 2213 1642 2264 Georgius

161 2267 406 2317 Monachus,
437 2267 727 2319 Theophanes,
751 2267 1027 2320 Nicephorus,
1061 2273 1102 2306 et
1131 2273 1224 2306 ante
1252 2266 1328 2306 hos
1359 2270 1638 2308 Sanctuera-

159 2326 293 2364 ximus
336 2323 556 2363 Monachus
595 2331 823 2376 usurpant,
872 2339 992 2375 quam
1025 2324 1204 2363 Africani
1243 2325 1400 2376 antiqui
1429 2326 1638 2377 scriptoris

161 2396 247 2424 esse
278 2382 409 2433 capite
443 2381 642 2434 superiori
672 2381 856 2420 diximus.
889 2381 1063 2419 Primam
1087 2387 1219 2419 autem
1246 2382 1475 2421 Panodorus
1498 2385 1640 2435 Aegy-

161 2441 272 2492 ptius
302 2438 547 2489 Monachus,
588 2438 659 2490 qui
689 2438 861 2477 Arcadio
890 2437 1113 2490 imperante
1142 2437 1273 2488 vixit,
1315 2440 1528 2492 amplexus
1558 2447 1639 2479 est:

161 2503 225 2545 et,
255 2502 302 2534 ut
332 2496 528 2543 arbitror,
559 2496 670 2534 illius
701 2501 843 2533 auctor
871 2495 959 2533 suit.
1017 2494 1135 2533 Hunc
1165 2497 1271 2533 enim
1305 2496 1498 2546 Georgius
1529 2499 1640 2548 Syn-

162 2553 292 2591 cellus
317 2554 442 2592 refert
470 2566 572 2592 anno
604 2553 745 2591 mundi
776 2553 899 2595 5493.
930 2557 1066 2590 natum
1098 2565 1344 2591 asseverasse
1364 2552 1579 2594 Christum.

276 2610 327 2648 Et
354 2609 501 2648 horum
530 2609 653 2648 trium
683 2609 992 2648 intervallorum
1023 2608 1222 2659 origines,
1262 2615 1300 2647 et
1330 2609 1371 2648 in
1408 2610 1454 2648 iis
1487 2610 1639 2663 dispu-

108 2696 115 2699 s
164 2666 298 2705 tandis
328 2667 542 2717 Scaligeri,
595 2673 635 2705 et
664 2667 837 2705 aliorum
866 2672 995 2704 errata
1024 2665 1324 2718 patefaciamus.
1382 2667 1477 2704 Tria
1507 2680 1638 2718 quae-

165 2723 256 2762 dam
285 2725 330 2761 in
358 2724 439 2762 illis
477 2723 831 2763 animadvertenda
871 2729 977 2762 sunt.
1039 2723 1211 2761 Primum
1238 2736 1438 2761 annorum
1465 2724 1637 2773 initium,

168 2779 279 2831 quod
315 2781 383 2819 alii
422 2779 470 2818 ab
511 2787 726 2830 autumno,
774 2780 841 2818 alii
882 2795 902 2817 a
946 2793 1042 2818 vere
1080 2786 1222 2831 putare
1261 2793 1383 2818 annos
1421 2780 1635 2832 incipiunt.

167 2837 368 2888 Alterum,
397 2837 548 2875 Natalis
578 2836 748 2887 Christi,
778 2837 819 2875 in
848 2850 968 2889 quem
997 2837 1109 2876 velut
1136 2836 1179 2874 in
1210 2849 1463 2875 communem
1494 2837 1636 2876 termi-

167 2905 264 2932 num
296 2894 474 2946 computi
502 2894 562 2932 illi
591 2893 804 2934 desinunt:
833 2895 1021 2943 tertium,
1049 2893 1257 2947 cyclorum
1287 2893 1539 2934 characteres
1566 2907 1636 2933 an-

232 2965 427 3001 Chronicon
451 2965 617 3001 paschale
646 2967 715 3002 vol.
736 2967 786 3001 ΙΙ.
1307 2962 1360 3005 15
