1820 3276
472 210 530 251 IN
569 209 897 257 CHRONICON
931 210 1219 257 PASCHALE.
1496 210 1595 262 391

245 321 337 370 Pag.
370 319 466 362 567.
499 323 563 362 11.
626 316 970 363 Οὕαλεντινιανοῦ
991 317 1108 374 Atha]
1150 322 1256 365 Fasti
1286 321 1425 371 Mutii,
1454 322 1597 366 Later-

129 374 243 414 culus
274 374 476 415 Paschalis
505 376 714 427 Eucherii,
746 385 786 417 et
817 378 914 417 Cod.
945 377 1094 422 Theod.
1137 379 1383 420 Valentiniano
1407 377 1499 418 Nob.
1526 379 1597 431 qui

128 445 231 472 anno
263 434 658 483 cchxv1.Angustus
684 436 837 486 pariter
874 436 1132 478 inscribitur:
1181 437 1252 487 qui
1280 450 1363 477 uon
1403 436 1505 476 alius
1535 442 1597 476 est

127 502 150 526 a
179 488 458 528 Valentiniano
487 490 665 531 Valentis
701 491 802 543 Imp.
841 491 958 540 filio,
1014 493 1075 532 uti
1112 499 1247 534 exerte
1285 493 1514 546 appellatur
1553 493 1595 532 in

125 543 254 584 Fastis
283 546 392 586 MSS.
417 545 536 586 Idatii
570 548 709 588 eodem
739 561 867 588 annm
897 563 949 588 ex
978 563 1060 601 quo
1087 550 1323 591 Sirmondus
1355 550 1600 592 Valentmiani

116 602 240 653 filium
270 616 394 653 prave
424 603 628 654 ediderat,
668 611 715 644 ut
743 604 792 645 ab
823 605 911 645 aliis
940 606 1211 647 observatum.
1270 606 1443 648 Proinde
1472 607 1507 648 is
1536 613 1596 649 est

125 658 426 701 Valentinianus
453 660 552 700 Nob.
583 662 626 705 P
666 661 708 700 in
739 662 855 713 cujus
892 663 1150 707 Consulatum
1184 663 1404 704 orationem
1433 677 1494 706 11.
1522 677 1595 706 re-

125 714 267 754 citavit
303 715 576 767 Themistius,
637 718 747 770 quod
788 718 926 761 multis
971 719 1162 772 probavit
1200 720 1265 760 vir
1302 720 1596 761 eruditissimus

123 747 684 814 Joan.Harduinus.'1stius
715 775 891 814 Valentis
928 775 1023 826 filii,
1061 791 1179 828 quem
1219 777 1403 819 Galatem
1443 777 1595 819 dictum

123 828 191 866 alii
220 829 439 882 scripsere,
469 831 650 871 meminit
677 831 940 884 Ephraemius
968 835 1008 872 in
1038 834 1227 875 Encomio
1247 835 1286 876 S.
1307 833 1440 874 Basilii
1464 847 1596 886 nuper

123 884 231 925 edito
269 900 291 926 a
330 887 481 927 Joanne
512 888 628 940 Bapt.
670 889 867 931 cotelerio
910 896 965 928 to.
996 905 1056 930 111.
1098 891 1347 933 Monument.
1382 891 1490 930 Eccl.
1523 892 1593 930 Gr.

122 942 302 981 Meminit
349 944 467 982 etiam
511 943 763 985 Theodosius
801 947 890 986 Jun.
928 946 1166 986 indictionis
1215 946 1312 987 huic
1352 947 1592 987 Consulatui

120 999 421 1050 respondentis,
451 1014 569 1052 quam
601 1007 638 1040 et
667 1004 884 1044 undecimam
916 1003 1158 1046 Valentiacam
1190 1010 1329 1054 vocat,
1357 1004 1399 1042 in
1422 1005 1591 1054 Leg.1x.

123 1061 218 1095 etx.
250 1056 347 1096 cod.
380 1056 530 1096 Theod.
564 1058 614 1097 de
642 1059 797 1110 lndulg.
827 1060 950 1099 debit.
981 1074 1082 1112 quae
1109 1061 1151 1099 in
1183 1060 1593 1108 annumv.Vale51tis

119 1112 338 1163 inciderat,
368 1127 460 1153 cum
490 1115 539 1154 ab
568 1115 860 1168 Imperatorum
890 1118 1120 1159 nominibus
1145 1117 1470 1170 designarentur,
1500 1117 1594 1156 licet

118 1182 203 1209 non
231 1169 441 1211 inchoatae
470 1186 610 1212 eorum
638 1173 904 1226 temporibus.

237 1230 330 1277 Pag.
360 1227 455 1271 557
487 1231 552 1272 13
610 1229 820 1282 Νικαίας]
884 1229 1032 1270 Chron.
1071 1229 1307 1282 Hieronymi
1346 1228 1424 1269 hoc
1463 1244 1591 1271 anno·

119 1280 262 1321 Nicaea
292 1298 384 1334 quae
408 1298 509 1336 saepe
538 1291 737 1335 corruerat,
768 1291 883 1328 terrae
914 1291 1010 1327 motu
1034 1300 1166 1333 eversa
1224 1287 1282 1329 Ita
1314 1287 1432 1326 etiam
1464 1288 1591 1331 Albu

117 1338 626 1392 pharaijus.1nstaurata
673 1343 928 1395 postmodum
973 1358 995 1382 a
1035 1343 1228 1384 Valente:
1272 1343 1471 1395 siquidem
1510 1343 1592 1382 huc

118 1402 302 1465 spectent
332 1411 433 1450 quae
466 1397 585 1438 habet
613 1398 858 1440 Themistius
887 1400 930 1441 in
960 1400 1070 1442 Orat
1098 1414 1156 1443 Χῖ
1186 1395 1340 1441 πόλεων
1359 1398 1403 1443 δὲ
1431 1397 1591 1453 ἑκάστη.

117 1449 148 1505 ἢ
176 1453 219 1494 ἐκ
238 1457 384 1506 καινῆς
412 1471 450 1495 τι
475 1452 679 1523 πρόεισιν,
710 1453 746 1524 ἢ
765 1452 994 1506 ἐπάνεισιν,
1039 1453 1068 1509 ἢ
1097 1452 1408 1505 συνανξάνεται·
1438 1454 1588 1501 διάκει-

117 1525 184 1552 ται
204 1508 247 1550 δὲ
268 1509 334 1552 καὶ
352 1508 401 1551 τὰ
420 1514 492 1563 τῆς
510 1525 674 1563 φυσεως
688 1509 832 1565 πάθη,
860 1513 930 1555 καὶ
949 1529 1022 1562 τας
1041 1514 1371 1561 κατασεισθείσας
1391 1511 1504 1566 ᾔδη’
1493 1512 1587 1566 όψει

116 1565 393 1620 ἕγηγερμένας.
455 1569 557 1608 Vide
585 1570 738 1610 Socrat.
766 1570 835 1608 lib.
867 1583 923 1609 ιν.
955 1584 1042 1623 cap.
1073 1584 1130 1609 XI.
1160 1577 1200 1610 et
1228 1571 1434 1614 Sozomen
1465 1571 1535 1610 lib.
1551 1584 1591 1610 v.

117 1637 206 1675 cap.
233 1638 275 1663 x.
316 1625 456 1676 Atqui
485 1632 615 1665 terrae
645 1634 796 1668 motum
823 1625 932 1667 hunc
960 1628 1011 1670 ad
1044 1626 1308 1669 Indictionem
1337 1641 1378 1669 x.
1410 1628 1592 1668 referunt

116 1665 382 1733 Theophanes
411 1688 451 1721 et
482 1683 675 1733 Georgius
703 1683 971 1724 flamm-tolus.

234 1740 326 1788 Pag
356 1738 454 1781 558.
483 1742 525 1781 2.
584 1738 792 1793 Ροδανον]
824 1740 924 1781 Vide
951 1740 1118 1782 Cedren.
1148 1754 1190 1793 p.
1213 1743 1311 1785 310.
1342 1746 1384 1783 et
1412 1742 1591 1793 Symeon

115 1792 284 1845 Logoth.
312 1794 355 1832 in
385 1794 536 1836 Chron.
566 1796 644 1835 MS.

233 1852 327 1901 Pag·
356 1851 453 1895 558.
485 1855 526 1895 7.
573 1852 813 1907 Βερενίκης]
851 1853 983 1903 Infra,
1020 1859 1060 1895 et
1089 1852 1258 1892 Cedren.
1298 1853 1514 1907 Βερνίκης,
1544 1861 1591 1893 ut

116 1912 155 1949 et
184 1907 310 1947 Codd.
343 1908 457 1950 MSS.
489 1910 688 1959 Zonarae,
718 1909 779 1948 uti
807 1911 1035 1950 monuimus
1062 1909 1104 1949 in
1132 1910 1248 1953 Notis
1277 1923 1318 1962 p.
1347 1911 1415 1955 40.

151 1978 153 1981 ·
230 1966 324 2014 Pag·
353 1965 451 2008 658.
486 1970 548 2009 10.
607 1963 892 2019 Σαλούστιον]
949 1967 1093 2017 Illum,
1130 1967 1300 2019 opinor,
1339 1967 1588 2018 Sallustium,

115 2020 184 2072 qui
214 2021 443 2061 Praefectus
471 2023 680 2063 Praetorio
719 2024 939 2063 Galliarum
981 2024 1060 2063 fuit
1099 2037 1161 2063 an.
1192 2036 1330 2062 cccnx.
1369 2024 1479 2076 quod
1507 2038 1589 2063 vox

117 2078 339 2130 Πατρίκιον
368 2079 533 2120 videtur
568 2081 776 2130 indicare,
816 2081 879 2119 uti
914 2094 1011 2120 mox
1051 2080 1361 2120 observavimus.
1417 2081 1499 2122 Sed
1537 2095 1587 2123 an

115 2134 218 2175 alius
249 2149 270 2175 a
301 2135 513 2187 Sallustio,
554 2138 624 2189 qui
653 2138 793 2177 eadem
824 2137 912 2191 ipsa
941 2143 1175 2189 tempestate
1206 2136 1433 2177 Praefectus
1462 2138 1588 2176 Prae-

114 2190 220 2232 torio
250 2191 354 2239 suit,
405 2194 472 2232 vel
507 2194 610 2233 idem
650 2194 793 2243 fuerit,
833 2208 917 2234 non
955 2194 1117 2235 omnino
1161 2193 1429 2246 exploratum.
1491 2193 1589 2242 Vide

115 2246 373 2288 Gotthosred.
403 2249 455 2287 ad
486 2250 768 2291 cod.'1'heod.

227 2303 327 2356 Pag
357 2306 452 2348 558
486 2310 552 2349 18.
612 2310 660 2346 Π
655 2304 796 2363 ρώπῳ]
826 2306 892 2347 Sic
920 2306 1197 2358 reposuimus,
1229 2318 1321 2348 cum
1350 2307 1462 2358 πρωϊ
1479 2312 1585 2349 esset

114 2359 278 2403 editum.
335 2361 437 2401 Vide
469 2364 598 2404 Gloss.
627 2323 730 2402 erd.
761 2363 932 2404 Graecit.
962 2363 1004 2403 in
1032 2359 1188 2412 Βαϊον,
1198 2369 1258 2406 et
1285 2362 1328 2404 in
1359 2363 1498 2406 Addit

230 2421 322 2469 Pag.
353 2418 448 2462 558.
477 2423 547 2464 20.
593 2415 835 2473 Σφενδόνα]
885 2419 1231 2473 Constantinopol.
1263 2418 1409 2461 Christ.
1439 2419 1508 2461 lib
1536 2434 1580 2458 11.

115 2479 214 2516 sect.
245 2489 272 2516 1.
300 2488 340 2513 n.
370 2489 430 2515 tx.

232 2532 451 2582 Pag.559.
484 2537 519 2575 1.
578 2526 814 2585 Απότομος]
845 2531 1114 2573 Valentiniani
1141 2531 1391 2574 severitatem
1421 2531 1580 2571 nimiam

116 2592 156 2626 et
193 2588 428 2640 parcitatem
450 2620 462 2639 ,
509 2589 669 2641 quidam
713 2589 992 2629 crudelitatem
1032 2594 1071 2627 et
1108 2587 1316 2629 avaritiam
1344 2587 1583 2639 interpreta-

117 2642 283 2693 bantur,
315 2645 370 2684 ait
398 2646 690 2698 Hieronymus,
720 2653 759 2685 et
788 2660 837 2685 ex
870 2660 917 2685 eo
947 2645 1190 2695 Jornandes,
1220 2658 1336 2693 cum,
1364 2650 1412 2683 ut
1440 2644 1495 2686 ait
1520 2644 1583 2683 Si-

117 2698 260 2739 alonius
288 2701 359 2740 lib
390 2715 449 2743 xv.
483 2704 605 2755 Epist.
634 2717 694 2742 ιιι.
724 2706 894 2755 correptio
917 2716 990 2742 non
1007 2706 1219 2750 cruentam,
1248 2706 1281 2742 et
1301 2703 1471 2744 severitas
1493 2714 1583 2752 quae

119 2769 187 2794 non
203 2759 252 2795 n't
271 2762 387 2806 tetra,
407 2760 468 2798 sed
485 2763 614 2799 tetrica
638 2773 722 2800 esse
747 2760 902 2800 debeat.

233 2816 325 2864 Pag
355 2816 449 2858 559.
479 2816 519 2859 4
580 2818 798 2870 Μαρίωαν]
836 2816 940 2858 Vide
968 2815 1154 2855 Familias
1182 2815 1350 2865 Byzant.

234 2870 452 2921 Pssg-559.
484 2875 550 2916 11.
614 2871 667 2914 Τὸ
694 2873 903 2928 τέταρτον]
935 2872 1198 2915 scribendum
1224 2867 1269 2912 τὸ
1286 2869 1445 2925 τρίτον,
1472 2876 1518 2909 ut
1539 2869 1580 2935 in
