1884 3262
580 195 851 239 GHRONICI
883 193 1190 238 PASCHALIS.
1259 208 1262 211 ⁴
1561 190 1627 237 87

3 798 7 820 ·,
143 767 314 805 Basilius
337 764 475 803 Thrax
604 785 662 792 —
778 788 829 794 —-

0 817 10 878 ξ
143 824 226 862 Leo
246 829 286 861 et
306 821 560 870 Alexander,
590 820 726 858 Basilii
747 819 805 860 fili

2 906 3 909 =
144 879 373 920 Alexander
394 885 434 921 et
457 877 741 917 Constantinus
781 899 832 907 —

145 938 430 977 Constantinus
454 936 565 975 solus
613 958 660 964 -
783 959 833 964 —

145 995 428 1035 Constantinus
443 999 485 1033 et
502 994 708 1032 Romanus

143 308 396 354 stauracius,
427 305 647 359 Nicephori
667 306 712 345 F.
773 331 823 336 -—
941 328 998 336 -
1115 327 1164 333 —
1315 307 1343 345 2
1458 303 1570 346 6303
1658 339 1661 342 .

142 364 312 405 Michael
332 371 371 403 et
389 363 718 417 Theophylactus
770 388 820 393 -—
943 387 994 391 —
1116 387 1167 392 —
1313 364 1341 402 2
1457 358 1570 402 6305

142 423 223 462 Leo
245 422 454 461 Armenius
602 445 654 450 —-
773 442 822 448 —
942 441 997 447 —
1114 441 1168 448 —-
1312 419 1340 458 7
1456 417 1571 458 6312

142 478 318 519 Michael
425 503 477 509 —
598 501 649 507 —-
769 502 820 507 —-
942 501 994 506 -
1115 496 1166 504 -
1314 476 1341 516 9
1456 474 1569 516 6321

142 536 414 590 Theophilus,
441 535 649 575 Michaelis
666 534 710 573 F.
771 557 824 565 ——-
943 557 995 563 ———
1111 553 1170 561 -
1287 535 1343 575 12
1458 530 1571 575 6333

143 593 339 644 Michael,
373 592 590 646 Theophili
609 592 653 632 F.
675 605 768 631 cum
790 598 919 631 matre
941 588 1156 629 Theodora
1294 588 1347 630 14

143 650 316 691 Michael
347 651 458 689 solus
600 670 658 678 —
775 674 826 679 ——
1116 667 1174 675 -
1292 649 1346 689 11

142 708 317 749 Michael
333 714 373 748 et
391 706 563 747 Basilius
608 731 659 737 —
780 731 831 741 .—-
1125 726 1174 733 —
1323 706 1348 745 1

1124 839 1173 847 —
1292 818 1348 859 26

1123 896 1180 903 -—
1326 876 1349 916 1

1126 952 1175 960 —-
1324 933 1351 971 7

948 672 1006 962 ΙΙΙΙΙΙ

250 1121 332 1168 De
368 1133 457 1167 sex
490 1111 1079 1232 millenarii3‚dquando
1116 1107 1333 1175 singuli,
1382 1115 1435 1156 et
1469 1106 1525 1154 in

689 1199 799 1251 quo
877 1182 1093 1232 esinant.

143 1282 164 1321 1
180 1283 225 1320 in
247 1294 351 1319 anno
372 1280 490 1319 sared
606 1301 663 1308 -
779 1299 836 1308 —
953 1302 1003 1307 —
1126 1298 1174 1306 --
1294 1272 1352 1315 40

147 1339 183 1379 ΙΙ
199 1339 241 1377 in
265 1351 371 1378 anno
396 1338 482 1376 Noe
606 1357 663 1364 —
777 1356 833 1363 -—
954 1355 1004 1362 —
1126 1358 1177 1364 —
1266 1332 1351 1374 308

146 1396 205 1435 ΠΙ
228 1396 270 1434 in
291 1409 397 1434 anno
420 1395 559 1444 Ragau
605 1414 662 1422 —
782 1417 832 1422 —
953 1415 1003 1421 -
1126 1411 1176 1420 --
1295 1388 1351 1429 99

144 1453 201 1493 IV
216 1453 260 1492 in
277 1466 382 1492 anno
403 1450 512 1490 Aoth
610 1476 661 1481 —
783 1470 833 1477 —-
954 1472 1004 1478 —
1126 1471 1176 1478 --
1295 1445 1353 1485 23

146 1511 183 1549 V
202 1511 244 1549 in
264 1523 370 1549 anno
391 1509 488 1560 Cyri
507 1507 651 1547 Persae
779 1527 837 1535 --
952 1527 1008 1534 --
1125 1525 1181 1533 —
1296 1502 1352 1543 31

145 1567 202 1607 VI
222 1568 264 1606 in
285 1580 390 1606 anno
410 1565 608 1605 Anastasii
779 1584 837 1592 -—
955 1585 1006 1592 —
1127 1583 1179 1589 —-
1299 1558 1353 1600 17

144 1694 226 1741 De
257 1687 494 1756 periodis
522 1703 606 1751 xl,
658 1701 885 1752 quarum
923 1681 1160 1747 singulae
1199 1679 1350 1730 annis
1392 1680 1635 1725 constant

216 1774 427 1809 mxxxn.
460 1755 704 1823 quande,
743 1763 796 1804 et
823 1753 917 1803 ubi
945 1765 1302 1818 unaquaeque
1330 1744 1547 1797 desinat.

146 1855 227 1899 lin
251 1867 356 1892 anno
383 1853 490 1892 Enos
603 1876 656 1883 —-
775 1871 831 1880 -
950 1872 1002 1879 —
1119 1869 1177 1876 -
1292 1845 1348 1886 97
1492 1837 1578 1881 532

146 1912 186 1951 H
207 1911 248 1950 in
267 1924 372 1949 anno
391 1909 513 1948 Jared
609 1934 659 1939 —
776 1928 834 1940 --
953 1930 1003 1936 —
1121 1928 1173 1934 --
1265 1902 1348 1945 130
1467 1892 1578 1939 1064

147 1968 206 2008 ΙΙΙ
226 1970 270 2007 in
290 1981 396 2006 anno
419 1965 591 2006 Lamech
779 1988 829 1993 —
950 1987 1001 1992 —
1123 1986 1173 1991 —
1266 1958 1348 2000 142
1466 1952 1578 1996 1596

147 2025 204 2064 IV
223 2025 265 2064 in
286 2038 391 2064 anno
411 2024 496 2062 Noe
601 2043 658 2053 —
780 2042 829 2049 --
949 2045 1001 2051 —
1122 2042 1173 2048 —
1262 2014 1348 2057 486
1463 2008 1577 2054 2128

68 2128 71 2129 ⁷
147 2082 185 2123 V
203 2084 246 2121 in
268 2095 372 2121 anno
388 2080 523 2120 Heber
611 2088 662 2110 '—
783 2100 831 2106 —
947 2098 1004 2107 —
1121 2097 1173 2104 -
1290 2072 1347 2113 23
1464 2067 1579 2107 2660

149 2139 204 2179 vl
223 2140 267 2178 in
287 2152 391 2177 anno
414 2136 577 2176 Nachor
781 2157 825 2161 —
947 2156 1004 2163 —
1122 2154 1173 2160 -
1291 2129 1347 2169 29
1464 2123 1578 2165 5192

149 2196 225 2237 VII
245 2197 290 2235 in
315 2208 418 2234 anno
443 2196 567 2233 Aram
780 2215 830 2220 -
947 2211 1003 2219 —
1118 2209 1175 2217 -—
1291 2184 1347 2227 58
1463 2176 1579 2222 3724

150 2253 243 2294 vm
266 2253 310 2292 in
329 2265 434 2291 anno
454 2250 759 2291 philistaeorum
953 2269 1001 2275 -—
1122 2267 1180 2275 —
1323 2241 1350 2281 6
1466 2233 1580 2278 4256

151 2311 213 2350 lx
229 2310 272 2349 in
291 2323 397 2349 anno
422 2307 616 2348 Ezechiae
781 2325 834 2334 -
950 2324 1007 2332 -
1122 2322 1179 2331 —
1294 2300 1350 2341 70
1464 2292 1577 2335 4788

150 2370 192 2408 Χ
210 2368 252 2406 in
273 2381 376 2406 anno
397 2364 681 2406 Philometoris
778 2383 835 2390 —-
948 2381 1006 2391 —
1126 2379 1172 2386 --
1295 2356 1349 2397 16
1465 2350 1579 2393 5320

152 2425 213 2464 XI
231 2425 274 2466 in
294 2437 400 2464 anno
421 2422 579 2476 imperii
598 2418 850 2462 Constantini
953 2435 1010 2445 -
1124 2436 1181 2445 -
1295 2409 1351 2455 24
1467 2405 1578 2450 5852

751 2636 1029 2646 ——,-—-——-
