1884 3262
561 217 830 263 cifflomcl
862 218 1172 264 PASGHALIS,
1203 182 1208 183 A
1501 216 1602 267 219

127 330 212 369 dies
232 342 312 382 quo
333 330 444 368 Luna
463 329 691 369 invenietur
706 344 792 373 xiv.
850 332 919 369 Sin
939 345 1036 371 vero
1064 332 1257 371 collectae
1277 332 1410 370 Lunae
1428 330 1603 383 Epactae

127 401 217 425 cum
247 387 451 426 additione
481 388 711 439 supradicta
749 401 958 428 numerum
995 389 1300 441 complementi,
1349 402 1431 441 quo
1470 387 1604 427 deficit

125 457 238 483 κων.
268 444 494 497 relinquant
523 458 658 483 mense
687 446 901 498 majorem,
947 445 1091 484 demtis
1120 460 1239 485 xxx1.
1269 446 1471 498 reliquum
1501 445 1603 484 scies

126 501 336 540 'numerum
368 515 454 540 esse
484 501 633 554 Aprilis
664 515 745 554 quo
774 503 887 540 Luna
915 515 1004 541 ΧΠ.
1034 502 1274 542 invenienda
1301 503 1367 542 sit.
1419 502 1541 551 Quod
1569 501 1605 540 si

128 557 305 597 anni'ab
335 571 426 597 v111.
456 558 682 598 Indictione
712 559 895 598 Mauricii
923 558 1064 598 beatae
1094 560 1332 610 memoriae,
1363 573 1437 612 per
1453 573 1604 599 noven-

127 615 256 665 decim
287 629 485 654 annorum
516 616 660 668 Cyclos
693 614 811 656 divisi
844 615 948 655 nihil
975 616 1125 655 faciant
1151 618 1374 669 reliquum,
1405 616 1477 656 sed
1505 630 1606 669 pos-

127 671 208 710 sint
238 686 375 711 omnes
399 673 442 711 in
471 687 590 726 pares
621 673 766 725 Cyclos
794 673 966 722 resolvi3
1018 673 1148 712 nullas
1179 688 1307 713 annus
1336 674 1412 712 iste
1438 673 1607 712 habebit

127 730 312 782 Epactas.
370 730 545 778 Proinde
587 730 716 769 solnm
759 736 1011 771 octonarlum
1051 731 1223 784 accipies
1262 731 1426 784 Epactis
1456 732 1607 781 Lunae,

126 800 201 838 per
228 794 464 839 perpetuam
492 787 972 841 regulamkaddendum5
1014 794 1055 827 et
1088 802 1168 839 quo
1199 794 1414 841 superatur
1443 802 1465 826 a
1492 801 1605 829 xnv.

127 847 343 883 numerum
373 843 626 894 observabis,
655 857 798 884 verum
832 845 1046 885 subductis
1074 859 1192 885 xxx1.
1219 859 1345 897 eoque
1367 844 1432 884 die
1455 846 1608 883 Lunam

128 899 238 939 dices
265 914 353 940 xlv.
412 901 512 940 Cum
553 902 660 941 enim
698 903 860 955 Epactis
895 903 968 942 illa
1006 909 1139 941 careat
1176 902 1369 952 indictio,
1413 901 1609 941 habemus

127 955 261 996 tamen
292 972 502 997 numerum
531 959 781 998 octonarium
812 959 976 1014 Epactis
1007 958 1300 1011 adjiciendum,
1332 959 1448 1013 cujus
1478 965 1518 997 et
1545 972 1609 997 re-

127 1014 286 1066 liquum
316 1015 533 1068 accipimus
571 1016 641 1068 qui
684 1017 720 1055 ei
752 1017 864 1056 deest
899 1017 952 1055 ad
979 1030 1094 1056 xmv.
1136 1023 1274 1069 estque
1315 1017 1386 1056 ille
1425 1017 1609 1067 reliquus

126 1085 274 1111 xxxvx.
333 1073 551 1112 Subductis
577 1073 714 1125 itaque
744 1072 821 1125 (uti
850 1074 930 1126 jam
962 1074 1148 1127 superius
1183 1074 1373 1125 diximus)
1403 1087 1520 1113 xxm.
1542 1086 1611 1111 re-

128 1135 237 1168 stant
265 1142 305 1168 v.
335 1143 387 1169 ex
417 1144 498 1181 quo
527 1130 746 1180 discimus,
796 1132 954 1183 quoties
988 1132 1168 1171 occurrit
1195 1132 1394 1181 Indictio,
1444 1129 1610 1184 Epactis

131 1186 346 1237 destituta,
377 1188 559 1239 quintum
589 1188 740 1240 Aprilis
771 1189 907 1228 Lunae
937 1202 1024 1228 esse
1051 1202 1138 1228 xlv.

245 1243 336 1292 Qua
366 1251 498 1284 autem
521 1246 774 1298 Septimanae
804 1246 900 1285 feria
930 1247 1042 1285 Luna
1071 1246 1142 1284 illa
1156 1259 1244 1286 xrv.
1265 1244 1507 1292 inveniatur,
1538 1255 1613 1283 seu

129 1301 172 1339 in
202 1314 373 1342 mensem
404 1302 592 1340 Martium
609 1334 620 1352 ,
667 1315 737 1341 seu
765 1303 902 1355 potius
926 1303 970 1342 in
997 1303 1175 1356 Aprilem
1208 1302 1391 1341 fortassis
1419 1302 1613 1340 incurre-

129 1359 207 1408 rit,
236 1357 318 1396 hoc
347 1356 471 1397 modo
498 1359 798 1411 investigamus,
859 1360 941 1399 Diei
971 1361 1139 1409 mensis,
1171 1374 1252 1411 quo
1287 1360 1399 1398 Luna
1427 1372 1514 1398 xiv.
1542 1358 1610 1396 in-

130 1421 251 1453 venta
281 1421 366 1466 est,
394 1416 566 1468 Epactae
595 1417 701 1455 Solis
731 1417 949 1456 addendae.
1008 1418 1183 1471 Epactae
1211 1417 1314 1455 Solis
1343 1417 1423 1469 jam
1441 1429 1482 1454 v.
1502 1421 1610 1465 sunt,

130 1473 243 1510 Luna
270 1479 403 1511 autem
431 1487 517 1515 nv.
552 1475 593 1512 in
625 1473 757 1513 Martii
785 1474 928 1513 incidit
955 1487 1048 1514 xxr.
1085 1488 1166 1527 quo
1196 1474 1287 1528 ipso
1319 1474 1384 1512 die
1418 1487 1504 1512 eam
1533 1472 1610 1511 ha-

131 1529 200 1568 bet
241 1535 409 1568 aetatem
447 1531 568 1569 Luna.
639 1532 706 1570 Sic
745 1531 844 1570 fient
881 1545 1047 1571 numero
1082 1545 1222 1571 xxv1.-
1268 1533 1437 1584 Semper
1475 1536 1610 1569 autem

131 1585 305 1638 (quoties
333 1587 377 1625 in
405 1587 592 1626 Martium
622 1588 729 1636 cadit
759 1589 873 1627 Luna
898 1591 1000 1641 xrv.)
1028 1587 1236 1642 (quatuor)
1260 1588 1465 1638 addenda,
1487 1587 1611 1626 fient-

133 1656 234 1695 que,
256 1650 393 1682 nostra
423 1644 649 1685 Indictione
678 1660 736 1685 xt.
765 1659 867 1685 xxx.
926 1645 1048 1694 Quod
1079 1647 1111 1685 si
1140 1647 1182 1685 in
1213 1646 1393 1698 Aprilem
1422 1660 1467 1684 ea
1498 1646 1612 1683 Luna

80 1699 91 1707 ²
131 1714 218 1739 xiv.
249 1700 457 1752 inciderit,
488 1708 664 1754 quatuor
693 1703 878 1742 addenda
908 1704 989 1742 no'n
1019 1711 1125 1743 sunt,
1165 1705 1272 1754 Ergo
1301 1716 1493 1742 numerus
1515 1702 1614 1741 inde

135 1757 332 1800 conflatus
371 1772 446 1811 per
483 1766 646 1812 septena
689 1760 947 1800 dividendus.
1005 1761 1066 1800 Ita
1099 1761 1183 1815 jam
1221 1767 1365 1813 quater
1400 1773 1475 1799 vn.
1510 1759 1615 1797 fiunt

134 1826 285 1855 xxvm.
343 1815 536 1868 Reliquae
566 1823 660 1856 sunt
691 1831 712 1856 e
735 1832 834 1856 xxx.
866 1818 969 1857 duae
988 1818 1094 1869 dies,
1135 1819 1180 1857 id
1208 1832 1353 1870 nempe
1390 1817 1614 1856 indicantes
1635 1852 1645 1854 -

136 1871 355 1911 secundam
385 1887 468 1912 esse
497 1875 750 1926 Septimanae
790 1875 931 1914 seriam
970 1875 1077 1914 diem
1118 1875 1227 1914 illam
1266 1875 1405 1915 Martii
1428 1888 1517 1914 xxr.
1548 1872 1617 1912 cui
1668 1921 1670 1923 r

137 1930 347 1968 concurrit
375 1931 487 1969 Luna
517 1944 604 1973 xiv.
664 1933 765 1970 Cum
792 1932 930 1984 itaque
960 1932 1045 1972 dies
1074 1933 1211 1972 Martii
1237 1947 1324 1972 xxx.
1355 1931 1533 1971 secunda
1565 1930 1618 1970 sit

138 1987 392 2038 septimanae
420 1987 545 2037 feria,
574 1989 740 2042 reliquis
767 1996 975 2042 praeterea
1005 1990 1055 2029 ad
1088 1990 1336 2030 Dominicam
1365 2003 1494 2041 usque
1529 1988 1619 2027 die-

137 2043 214 2082 bus
244 2043 411 2091 additis,
452 2045 584 2084 Martii
612 2060 746 2086 xxvu.
785 2048 1013 2086 invenietur
1043 2054 1181 2086 sancta
1212 2054 1250 2086 et
1278 2047 1438 2087 vivifica
1470 2047 1620 2084 Resur-

67 2128 71 2129 γ
138 2100 328 2139 rectionis
362 2100 446 2140 dies
485 2115 561 2154 pro
597 2103 823 2143 Indictione
862 2117 919 2143 x1.
999 2105 1060 2143 Ad
1100 2104 1267 2144 eundem
1305 2104 1500 2153 modum,
1540 2115 1618 2154 pro

141 2161 526 2210 quocunque‘anno
564 2160 701 2199 eadem
747 2174 861 2200 sacra
905 2168 944 2200 et
981 2162 1144 2200 vivifica
1174 2162 1259 2200 dies
1299 2159 1622 2200 Resurrectionis

138 2215 303 2264 Domini
332 2216 460 2255 nostri
499 2222 540 2255 et
567 2217 656 2255 veri
686 2218 758 2256 Dei
787 2218 1040 2270 cupientibus
1069 2221 1316 2268 innotescet,
1347 2218 1382 2256 si
1398 2217 1487 2268 quis
1508 2216 1622 2265 velit,

140 2285 216 2324 pro
251 2273 419 2323 singulis
458 2273 754 2313 Indictionibus
798 2275 847 2312 ab
886 2275 1112 2315 Indictione
1160 2277 1289 2314 nostri
1337 2276 1419 2313 Deo
1458 2274 1623 2326 auspice

141 2330 298 2380 imperii
329 2343 456 2368 unum
485 2344 644 2383 semper
674 2345 822 2370 annum
854 2332 1049 2384 adjicere,
1092 2332 1143 2371 ad
1173 2331 1417 2383 indagandas
1447 2332 1623 2384 Epactas

142 2386 270 2436 Solis,
307 2393 346 2426 et
378 2387 426 2425 ab
458 2394 602 2426 octava
631 2389 817 2427 Mauricii
844 2386 986 2428 beatae
1015 2390 1232 2429 memoriae
1262 2389 1499 2437 Indictione,
1531 2402 1623 2426 me-

142 2443 270 2483 thodo
299 2444 501 2497 praedicta
530 2446 751 2497 procedere
782 2445 834 2484 ad
862 2447 997 2485 Lunae
1026 2448 1196 2499 Epactas
1236 2447 1421 2486 similiter
1448 2445 1623 2484 investi-

144 2500 304 2551 gandas.
367 2502 420 2540 lta
458 2503 709 2542 inveniemus
750 2503 952 2542 vivificam
994 2503 1142 2542 Christi
1180 2505 1310 2543 nostri
1341 2502 1624 2542 Resurrectio-

145 2558 259 2607 nem,
290 2571 369 2611 pro
395 2556 629 2611 Apostolica
670 2562 907 2599 sanctorum
949 2561 1111 2599 Patrum
1151 2561 1363 2602 traditione
1406 2560 1623 2608 celebrare,

145 2615 263 2664 laeti,
311 2620 352 2654 et
389 2629 541 2656 summa
578 2617 705 2669 gloria
749 2618 956 2658 efferentes
996 2617 1288 2669 sanctissimum
1326 2617 1433 2657 illius
1463 2629 1624 2666 nomen,

147 2684 238 2710 cum
266 2671 447 2722 ingenito
479 2675 616 2725 Patre,
666 2681 704 2714 et
733 2675 897 2715 vivifico
928 2676 1106 2729 Spiritu,
1150 2689 1259 2715 nunc
1290 2681 1330 2715 et
1362 2688 1544 2728 semper,
1585 2679 1626 2713 et

144 2727 187 2766 in
215 2729 351 2768 secula
381 2731 623 2774 seculorum.
661 2733 798 2772 Amen.
