1884 3262
60 605 116 638 Ex
139 603 256 637 eodem

281 215 380 260 228
604 213 847 258 SELECTA
874 214 946 257 AD
976 213 1467 258 ILLUSTRATIONEM

892 484 1149 558 xx'Vu.

62 649 281 684 mmmm..
509 626 973 678 ‚METHoDUs
1017 627 1518 676 EPACTARUM

61 695 283 787 {ffa‘ssdff‘sst
358 718 450 765 ΕΤ
493 702 858 783 NOVILUNH
901 718 1394 768 INVESTIGANDI
1437 716 1674 778 RATIO,

107 1011 258 1055 Pagae».

82 1175 165 1220 Pag.
178 1180 258 1209 199.

81 1232 164 1278 Pag.
177 1239 257 1269 216.

129 1802 158 1837 P
181 1800 252 1839 484

434 820 542 877 ΩΠᾼ
570 821 764 860 UTITUR
794 820 1001 859 AUCTOR
1031 821 1280 860 CHRONICI
1310 820 1604 860 PASCHALIS.

397 944 628 985 Chronicon
657 944 972 984 Alexandrinum
1010 945 1163 996 aliquot
1200 945 1299 984 locis
1331 951 1561 998 epactarum
1589 943 1756 983 metho-

283 1003 378 1042 dum
409 1017 452 1050 ac
480 1002 677 1040 novilunii
713 1002 978 1054 investigandi
1007 1003 1201 1041 rationein
1227 1003 1420 1055 explicat:
1451 1016 1570 1054 quam
1593 1002 1755 1053 quidem

282 1075 305 1098 a
333 1059 478 1098 Martio
508 1073 641 1097 mense
677 1059 862 1108 deducit,
904 1065 943 1097 et
972 1059 1021 1096 ab
1064 1060 1147 1110 ejus
1176 1073 1265 1098 xxt.
1296 1059 1373 1100 die.
1433 1059 1533 1097 Nam
1562 1071 1634 1097 xx.
1663 1057 1755 1110 pri-

281 1131 368 1155 mos
398 1116 481 1155 dies
510 1121 707 1168 perpetua
737 1117 822 1166 lege
852 1116 901 1154 ad
935 1122 1092 1168 epactas
1123 1115 1273 1168 adjicit.
1325 1117 1493 1167 Epactas
1519 1122 1651 1154 autem
1672 1128 1755 1153 non

283 1173 423 1212 eodem
453 1174 573 1211 modo
604 1178 821 1223 computat.
882 1172 1043 1224 Quippe
1074 1172 1170 1210 alibi
1199 1173 1386 1224 populari
1429 1173 1584 1211 calculo
1615 1172 1755 1210 decem

282 1231 334 1269 ad
365 1243 528 1268 aureum
560 1229 719 1280 cyclum
749 1229 866 1267 lunae
896 1229 1098 1267 labentem
1129 1229 1331 1281 adjungit:
1372 1229 1470 1268 alias
1512 1243 1564 1268 ex
1594 1230 1755 1280 Diony-

281 1287 352 1336 sii,
393 1286 542 1335 Bedae,
585 1292 916 1336 caeterorumque
954 1285 1284 1337 computistarum
1321 1285 1572 1338 praescripto
1615 1286 1755 1324 decem

280 1343 330 1382 ad
360 1343 451 1381 anni
481 1342 697 1394 superioris
728 1342 886 1394 cyclum
918 1342 1043 1382 addit.
1102 1342 1286 1394 Exempli
1326 1348 1443 1380 causa
1481 1356 1586 1381 anno
1616 1340 1756 1381 mundi

281 1402 405 1442 3838.
437 1413 516 1451 quo
548 1399 721 1438 exodum
753 1399 982 1448 consignat,
1009 1399 1168 1450 cyclum
1199 1399 1318 1437 lunae
1347 1413 1432 1439 iux.
1462 1405 1656 1448 numerat,
1689 1398 1755 1437 ei—

282 1469 359 1508 que
390 1456 530 1494 tribuit
560 1462 720 1507 epactas
751 1470 848 1494 xxx.
875 1454 976 1493 haec
1014 1461 1073 1494 est
1097 1455 1252 1506 plebeia
1274 1462 1505 1507 epactarum
1527 1455 1753 1494 methodus-

280 1514 333 1551 At
363 1526 460 1552 vero
491 1514 613 1555 5507.
643 1513 685 1550 in
716 1526 834 1563 quem
865 1513 1035 1550 natalem
1056 1511 1202 1550 Christi
1232 1513 1411 1562 confert,
1447 1513 1606 1564 cyclum
1636 1513 1755 1550 lunae

283 1575 492 1622 computat·
520 1583 604 1608 XVI.
636 1576 797 1622 epactas
825 1583 923 1608 vero
946 1582 1018 1608 xv.
1077 1569 1154 1606 Ubi
1185 1576 1344 1621 epactas
1372 1570 1555 1622 appellat
1578 1569 1662 1608 dies
1690 1581 1754 1608 re-

280 1627 418 1665 siduos
462 1640 512 1664 ex
550 1640 653 1664 anno
689 1626 919 1679 superiore,
977 1639 1024 1664 ac
1058 1625 1139 1677 jam
1176 1626 1423 1678 praeterito,
1473 1626 1676 1678 quomodo
1714 1631 1754 1664 et

282 1683 497 1735 Dionysius
525 1697 572 1720 ac
607 1682 717 1721 Beda
754 1696 952 1735 usurpare
984 1683 1125 1721 solent.
1183 1683 1244 1721 Ita
1275 1682 1391 1735 c'yclo
1421 1697 1461 1722 x.
1493 1689 1656 1736 epactas
1687 1696 1752 1722 as-

282 1740 412 1790 signat
440 1754 496 1780 1x.
529 1746 568 1778 et
598 1740 713 1791 cyclo
743 1753 800 1778 ix.
832 1745 992 1791 epactas
1021 1753 1171 1779 xxvm.
1239 1740 1328 1778 Hoc
1357 1739 1482 1791 igitur
1510 1740 1630 1778 modo
1661 1753 1754 1778 cum

284 1802 323 1835 et
349 1811 370 1834 a
398 1796 541 1834 Martio
572 1803 803 1847 epactarum
831 1795 1042 1834 ratiocinia
1071 1796 1314 1847 procedant,
1353 1803 1392 1835 et
1420 1797 1627 1848 praeteriti
1659 1796 1754 1834 anni

279 1852 432 1892 residui
464 1852 547 1891 dies
578 1859 848 1901 assumantur,
879 1853 982 1890 falsa
1013 1852 1087 1891 erit
1107 1853 1372 1903 Scaligeriana
1399 1853 1627 1898 methodus,
1658 1853 1754 1904 quia

279 1910 430 1949 iccirco
461 1909 709 1947 decurtatam
743 1923 873 1947 aeram
906 1908 1019 1947 annis
1048 1922 1134 1950 xlv.
1169 1909 1391 1960 existimat,
1428 1915 1471 1947 ut
1491 1909 1753 1961 aSeptembri

281 1973 512 2019 epactarum
541 1965 820 2017 progressione
850 1965 983 2015 sacta,
1012 1965 1219 2004 novilunia
1250 1966 1388 2005 diebus
1417 1966 1500 2004 suis
1528 1966 1753 2005 redderen-

281 2029 359 2062 tur.
419 2023 519 2061 Nam
548 2024 590 2061 in
620 2022 688 2060 illa
712 2021 901 2060 Chronici
923 2022 1124 2072 doctrina,
1154 2029 1313 2074 epactae
1333 2023 1439 2061 solae
1459 2023 1609 2074 absque
1627 2036 1752 2074 regu-

279 2079 432 2118 laribus
461 2079 567 2124 illis,
598 2092 689 2117 cum
720 2078 860 2117 diebus
893 2079 1038 2117 mensis
1069 2080 1279 2131 copulatae
1307 2080 1530 2118 neomenias
1560 2078 1752 2118 exhibent

279 2136 321 2174 in
352 2136 483 2188 primo
515 2149 660 2175 mense.
719 2136 767 2173 In
798 2135 963 2174 caeteris
992 2136 1194 2185 regulares
1223 2135 1487 2175 adhibentur:
1528 2135 1657 2188 Aprili
1684 2135 1750 2175 vi-

278 2193 445 2242 delicet,
474 2206 501 2233 1.
534 2192 664 2241 Maio,
692 2206 739 2232 11.
770 2198 842 2231 etc.
873 2192 1118 2244 Septembri,
1150 2205 1240 2234 vm.
1297 2193 1518 2232 Doceamus
1556 2191 1635 2232 hoc
1670 2206 1751 2237 uno

279 2250 408 2287 aliove
437 2249 635 2300 exemplo.
695 2249 790 2287 Esto
830 2249 970 2301 cyclus
1011 2248 1274 2301 Dionysianus
1304 2263 1373 2290 xu.
1405 2249 1752 2302 Constantinopo-

278 2306 427 2345 litanus
464 2319 505 2344 x.
549 2311 709 2356 epactae
750 2319 799 2343 ex
846 2305 1117 2344 Alexandrino
1158 2305 1355 2345 Chronico
1394 2313 1512 2345 erunt
1548 2320 1605 2345 lx.
1671 2307 1749 2345 Eae

278 2376 404 2414 porro
436 2374 526 2400 cum
556 2376 658 2401 xxn.
690 2362 822 2400 Martii
853 2361 940 2412 die,
983 2362 1082 2401 dant
1109 2375 1227 2402 xxm.
1258 2363 1342 2402 sive
1375 2363 1636 2403 novilunium.
1695 2362 1750 2401 At

278 2419 321 2457 in
349 2418 574 2470 Septembri
601 2418 741 2456 iisdem
774 2418 921 2469 cyclis,
954 2425 1116 2471 epactae
1144 2433 1201 2458 1x.
1232 2433 1321 2457 cum
1351 2433 1421 2459 xv.
1454 2419 1518 2458 die
1549 2419 1748 2471 Septemb.

280 2481 320 2514 et
350 2474 600 2526 regularibus
629 2487 700 2513 v11.
730 2474 896 2513 totidem
927 2474 1010 2514 dies
1042 2474 1272 2524 conficient,
1302 2489 1445 2527 nempe
1473 2489 1591 2515 xxxn
1646 2475 1749 2515 Item

281 2532 395 2584 cyclo
426 2530 668 2583 Dionysiano
691 2545 749 2569 XI.
777 2531 1219 2583 Constantinopolitano
1250 2546 1310 2572 xx.
1339 2540 1502 2584 epactae
1523 2545 1673 2571 xxvm.
1696 2545 1748 2571 ex

278 2587 540 2627 Alexandrini
572 2586 758 2626 chronici
795 2587 985 2626 methodo
1017 2600 1108 2626 cum
1137 2588 1258 2627 tertio
1294 2588 1428 2628 Martii
1457 2589 1554 2628 dant
1581 2588 1748 2628 novilu-

278 2646 400 2684 nium.
459 2645 504 2683 [n
534 2643 756 2697 Septembri
792 2643 952 2682 eaedem
984 2650 1147 2696 epactae
1176 2658 1244 2683 xv.
1275 2658 1365 2683 cum
1395 2645 1643 2696 regularibus
1671 2659 1746 2685 vn.

279 2708 318 2741 et
347 2715 402 2740 lx.
433 2700 572 2740 diebus
602 2700 844 2753 Septembris
872 2700 978 2739 idem
999 2700 1253 2739 novilunium
1283 2701 1511 2741 ostendunt.
1570 2703 1746 2755 Apparet

279 2771 373 2808 ergo
404 2758 513 2796 nulla
543 2759 723 2810 computi
751 2757 999 2796 mutilatione
1034 2770 1137 2809 opus
1177 2771 1262 2797 esse
1300 2759 1352 2797 ad
1393 2759 1553 2797 lunares
1584 2765 1745 2811 epactas

278 2814 577 2866 procudendas,
620 2827 719 2866 quae
759 2827 848 2852 cum
888 2814 1077 2868 ποστιαίᾳ
1111 2814 1257 2853 mensis
1288 2821 1329 2853 et
1360 2815 1607 2866 regularibus
1638 2829 1744 2854 neo-

274 2871 425 2910 menias
446 2870 656 2911 exhibent:
682 2870 880 2923 siquidem
909 2883 1000 2910 aera
1029 2869 1096 2909 illa
1127 2873 1370 2922 communis,
1402 2871 1517 2926 cujus
1538 2874 1580 2911 in
1595 2884 1744 2911 annum
