1820 3276
278 191 378 239 480
833 193 870 236 N
907 191 1156 237 OTAE

390 302 485 352 Pag.
518 305 613 345 696.
643 304 680 343 8.
744 299 935 354 Ρωμανός
965 299 1250 354 Σχολαστικὸς]
1281 302 1319 341 Is
1346 302 1448 342 forte
1467 301 1738 341 scholasticus

280 358 519 408 Eunuchus,
559 354 661 410 οἷνῆρ
690 356 852 406 ἔνδοξος
879 361 953 398 τοῦ
985 360 1207 409 Παλατίου,
1247 360 1316 410 qui
1344 360 1483 410 paullo
1516 365 1607 398 ante
1637 360 1739 398 Con-

278 415 485 454 stantinam
520 415 735 465 Augustam
765 428 855 452 cum
883 414 1011 453 tribus
1040 414 1210 464 filiabus,
1241 415 1426 454 Germani
1455 415 1617 454 Patricii
1646 429 1739 453 con·
1792 447 1794 449 .

280 473 389 520 silio,
441 471 484 508 in
524 471 702 521 Magnam
746 471 961 510 Ecclesiam
1002 471 1242 521 adduxerat,
1292 478 1337 510 ut
1379 471 1564 524 pluribus
1602 477 1741 511 narrat

279 526 539 580 Theophanes
569 541 671 565 anno
700 540 757 566 1v.

391 584 486 623 Ibid.
545 579 782 636 Θεοδόσιος]
822 582 1053 636 Theophan.
1081 599 1147 624 τον
1175 599 1250 636 την
1282 584 1494 636 Αβιουμᾶν
1523 582 1740 637 περικείμε-

279 656 353 697 νον
379 635 517 689 (ἰξίαν,
549 640 589 678 id
620 646 699 689 est,
728 640 902 689 Adjuvae.

394 697 490 746 Pag.
519 699 614 740 696
645 701 682 741 9.
745 697 986 751 Πατρίκιος]
1020 697 1218 734 Romanus
1250 695 1442 734 Patricius
1464 695 1593 734 dictus
1613 695 1740 735 eidem

279 754 386 794 Theo
418 753 525 792 bani.

392 768 486 848 ἳὸίά.
547 805 814 862 Δομνιζὸλου]
855 808 1044 853 Putabam
1071 807 1281 859 legendum
1311 804 1623 859 Δομεντζιόλου,
1661 819 1742 859 quo

283 867 439 906 nomine
477 866 649 905 donatur
682 866 804 904 slater
841 866 967 903 Focae
1004 865 1102 917 Imp.
1134 879 1155 902 a
1188 878 1267 916 quo
1299 864 1484 914 Magister
1513 870 1572 903 est
1605 863 1744 915 appel-

281 925 398 962 latus.
456 923 569 962 Illius
598 922 701 961 filius
730 922 825 971 fuit,
856 922 898 959 ni
927 921 1066 971 fallor,
1097 921 1198 959 alter
1228 920 1519 968 Domentiolus‚
1549 918 1618 972 qui
1643 918 1745 968 ἴδιος

131 982 162 1017 P
190 983 259 1018 608
284 976 454 1031 ἀνεψιὸς
482 980 609 1017 Focae
640 978 787 1017 dicitur
815 977 1049 1030 Theophani
1079 991 1182 1015 anno
1212 991 1257 1015 11.
1295 978 1472 1030 ejusdem
1503 977 1656 1022 Focae,
1705 981 1746 1015 et

282 1038 368 1090 ejus
406 1035 721 1088 Interpretibus,
762 1048 878 1086 quem
919 1034 1023 1072 idem
1064 1034 1186 1072 Focas
1217 1034 1498 1087 Curopalatam
1538 1033 1667 1081 dixit,
1706 1038 1746 1070 et

281 1094 322 1132 in
355 1093 516 1131 Narsem
551 1092 617 1142 qui
648 1092 908 1130 rebellaverat
939 1104 1028 1127 cum
1060 1091 1187 1142 copiis
1217 1091 1332 1129 misit.
1391 1090 1468 1129 Sed
1498 1103 1546 1128 an
1571 1090 1674 1127 idem
1696 1089 1747 1127 sit

284 1164 375 1189 cum
416 1148 648 1186 Domnizolo
692 1149 882 1186 Curatore
920 1147 1061 1184 Palatii
1099 1145 1333 1186 Hormisdae
1376 1143 1454 1200 (de
1483 1160 1563 1198 quo
1593 1145 1746 1196 agimus

283 1207 326 1245 in
360 1204 707 1255 Constantinopoli
749 1203 893 1242 Christ.
934 1203 1002 1242 lib.
1032 1217 1076 1245 11.
1115 1209 1210 1243 sect.
1242 1217 1297 1242 Ν.
1337 1217 1376 1242 n.
1405 1201 1470 1256 5.)
1512 1202 1582 1242 vix
1621 1201 1746 1241 ausim

284 1262 491 1315 quidpiam
518 1274 704 1299 asserere.

398 1318 493 1367 Pag
525 1320 620 1360 696
655 1319 718 1358 10.
781 1312 964 1367 Ῑωαννης
992 1315 1060 1356 και
1094 1314 1255 1368 Τζίτας]
1301 1316 1481 1365 Τζίτταν,
1522 1313 1748 1366 Theopha-

284 1389 374 1415 nes·
405 1375 521 1412 Gisan
547 1387 642 1412 vero
672 1373 845 1411 Historia
877 1373 1053 1411 Miscella
1084 1379 1123 1410 et
1155 1373 1384 1411 Anastasius
1414 1377 1574 1410 vocant.
1637 1372 1748 1420 Τζίτ-

287 1434 356 1481 ζαν
398 1430 520 1469 alium
562 1427 779 1484 στρατηγόν
819 1432 892 1470 τοῦ
928 1430 1047 1470 θείου
1079 1428 1328 1483 Πραισέντου
1356 1427 1476 1468 habet
1503 1428 1748 1468 Justinianus
1801 1439 1803 1442 ⁴

285 1490 327 1527 in
346 1489 456 1526 Nov.
485 1499 584 1525 xxn.

397 1544 493 1583 Ibz‘d.
552 1538 821 1595 Σπαθάριος]
860 1542 952 1594 Leg,
983 1542 1087 1582 forte
1118 1536 1374 1592 Σπαθᾶριοι·
1413 1546 1459 1579 ut
1486 1547 1656 1593 uterque
1683 1540 1748 1580 Jo—

288 1613 408 1639 annes
440 1596 873 1652 Σπαθαροκανδιδάτοι
901 1598 1062 1638 fuerint.
1121 1599 1224 1638 Vide
1251 1598 1379 1636 Gloss.
1409 1597 1511 1636 med.
1543 1597 1717 1637 Graecit.

403 1656 496 1707 Pag.
529 1658 624 1698 696.
658 1659 723 1698 11.
783 1653 1045 1708 Αθανασιος]
1077 1655 1186 1694 Alius
1217 1656 1321 1693 forte
1351 1652 1648 1693 abAthanasio
1675 1654 1752 1692 Co-

288 1714 382 1752 mite
419 1715 627 1750 Sacrarum
665 1711 962 1763 Largitionum‚
1005 1712 1074 1763 qui
1103 1726 1192 1751 cum
1222 1712 1262 1750 in
1293 1711 1438 1750 Focam
1471 1711 1750 1764 conspirasset,

289 1769 418 1822 capite
457 1783 594 1808 caesus
635 1774 696 1807 est
735 1782 838 1807 anno
876 1783 947 1809 vn.
988 1768 1164 1822 ejusdem
1200 1768 1351 1819 Focae,
1387 1773 1433 1806 ut
1460 1774 1596 1807 narrat
1625 1766 1751 1806 Theo

316 1825 451 1865 hanes.

287 1840 315 1879 P
402 1882 494 1932 Pag.
525 1884 621 1924 696
653 1884 719 1922 12.
780 1880 1000 1948 Ελπίδιος]
1040 1881 1149 1920 Idem
1191 1879 1423 1934 Theophan.
1467 1879 1666 1921 Ελπιδίου
1708 1859 1753 1920 δὲ

287 1935 358 1987 τοῖς
386 1942 517 1991 χεῖρας
546 1936 612 1977 καὶ
642 1935 736 1985 τοὺς
764 1934 893 1985 πόδας
905 1934 1052 2005 κόψας
1080 1940 1139 1992 τῷ
1167 1937 1264 1990 πυρὶ
1293 1937 1534 1988 παρέδωκεν.

404 1994 490 2045 Pag
519 1996 615 2036 697.
647 1996 686 2036 3.
747 1992 828 2033 Καὶ
862 1989 982 2041 αὐτός
1012 2009 1055 2047 γε
1085 1979 1316 2046 Γερμανός]
1363 1994 1599 2032 Germanum
1627 1990 1673 2032 ἐν
1702 1993 1754 2047 τῇ

289 2046 426 2106 πρώτῃ
464 2046 574 2105 νήσῳ
615 2046 779 2102 στόματι
816 2051 1009 2103 μαχαίρας
1051 2051 1228 2089 occisum
1258 2050 1380 2089 refert
1410 2049 1517 2089 idem
1543 2008 1753 2102 Theopha-

290 2121 373 2146 nes.

405 2162 500 2213 Pag·
532 2165 627 2206 697.
659 2163 697 2204 5.
763 2157 899 2218 Τούτω
934 2178 987 2202 τω
1022 2161 1122 2228 ἔτει]
1167 2163 1227 2202 Ex
1254 2161 1318 2200 his
1349 2140 1620 2201 emendandus
1644 2160 1752 2206 idem

290 2218 551 2271 Theophanes
591 2232 692 2257 anno
728 2232 784 2258 1v.
801 2203 973 2269 Pocae,
1021 2219 1090 2271 qui
1130 2225 1289 2258 mortuo
1330 2219 1520 2272 Cymaeo,
1559 2216 1752 2261 'rhomam

291 2275 508 2313 Diaconum
541 2280 579 2313 et
609 2276 866 2314 Sacellarium
897 2282 1074 2314 creatum
1108 2290 1190 2315 esse
1221 2275 1490 2316 Patriarcham
1521 2273 1752 2314 Constanti-

262 2332 564 2384 ‘nopolitanum
592 2331 671 2369 hoc
703 2346 825 2377 anno,
857 2332 998 2371 mensis
1030 2332 1192 2371 Octobr.
1220 2346 1276 2371 xl.
1306 2332 1442 2371 tradit.

143 2402 176 2433 v
200 2400 268 2437 551
405 2387 498 2438 Pag.
532 2388 720 2430 697.14.
780 2385 936 2429 Εποῖνω
965 2405 1046 2430 των
1076 2389 1342 2443 χειροτονιῶν]
1374 2389 1475 2428 Vide
1496 2388 1625 2428 Gloss.
1648 2387 1753 2428 med.

294 2444 465 2485 Graecit.
494 2443 535 2482 in
567 2440 843 2498 Σακελλᾶριος.

407 2499 501 2551 Pag.
531 2502 624 2542 698
656 2503 695 2542 8.
753 2499 977 2555 Δευτέραν]
1019 2501 1118 2540 Nam
1155 2501 1265 2554 apud
1295 2501 1466 2541 Graecos
1498 2499 1624 2552 prima
1653 2498 1752 2539 heb-

293 2556 471 2595 domadis
502 2555 600 2595 feria
630 2563 687 2594 est
717 2556 943 2607 Dominica‚
987 2563 1127 2596 contra
1157 2571 1276 2610 quam
1305 2557 1413 2610 apud
1441 2557 1624 2607 Latinos,
1661 2556 1753 2609 qui-

293 2613 369 2652 bus
399 2612 601 2651 Dominica
631 2619 689 2651 est
719 2612 896 2665 septima.

411 2669 503 2719 Pag.
534 2671 628 2713 698.
660 2672 699 2713 9.
758 2668 844 2709 Επὶ
879 2671 950 2720 τῆς
988 2664 1228 2720 ἐνεστώσης,
1266 2674 1337 2707 etc.
1356 2667 1371 2720 ]
1424 2668 1651 2721 Legendum
1689 2667 1752 2707 vi-

297 2726 436 2776 detur,
476 2722 538 2778 ιβ’.
575 2726 827 2773 Ινδικτιωνος
867 2724 1037 2777 ’ἡλιακῆς
1080 2724 1415 2775 (subintelligitur
1450 2722 1665 2779 περιόδου)
1701 2721 1751 2779 y'·

297 2785 535 2835 σεληνιακῆς
563 2780 606 2823 δὲ
636 2778 704 2823 ιθῖ
760 2781 859 2821 Nam
886 2780 962 2821 hoc
993 2794 1099 2820 anno
1120 2795 1211 2821 ncx.
1243 2781 1390 2834 Cyclus
1410 2783 1552 2823 Lunae
1562 2787 1648 2822 erat
1663 2793 1752 2846 xix.
