<?xml version="1.0" encoding="UTF-8"?>
<!DOCTYPE html PUBLIC "-//W3C//DTD XHTML 1.0 Transitional//EN"
    "http://www.w3.org/TR/xhtml1/DTD/xhtml1-transitional.dtd">
<html xmlns="http://www.w3.org/1999/xhtml" xml:lang="en" lang="en">
 <head>
  <title>
</title>
<meta http-equiv="Content-Type" content="text/html;charset=utf-8" />
  <meta name='ocr-system' content='tesseract 3.04.00' />
  <meta name='ocr-capabilities' content='ocr_page ocr_carea ocr_par ocr_line ocrx_word'/>
</head>
<body>
  <div class='ocr_page' id='page_1' title='image "./corpusscriptorum05niebuoft_0421.png"; bbox 0 0 1820 3276; ppageno 0'>
   <div class='ocr_carea' id='block_1_1' title="bbox 445 171 1555 244">
    <p class='ocr_par' dir='ltr' id='par_1_1' title="bbox 445 171 1555 244">
     <span class='ocr_line' id='line_1_1' title="bbox 445 171 1555 244; baseline 0.001 -2"><span class='ocrx_word' id='word_1_1' title='bbox 445 171 503 242; x_wconf 72' lang='lat' dir='ltr'><strong>m</strong></span> <span class='ocrx_word' id='word_1_2' title='bbox 537 197 865 242; x_wconf 79' lang='lat' dir='ltr'><strong>cHRomcoN</strong></span> <span class='ocrx_word' id='word_1_3' title='bbox 889 198 1177 241; x_wconf 84' lang='lat' dir='ltr'><strong>PASCHALE.</strong></span> <span class='ocrx_word' id='word_1_4' title='bbox 1453 196 1555 244; x_wconf 47' lang='lat'>1411</span> 
     </span>
    </p>
   </div>
   <div class='ocr_carea' id='block_1_2' title="bbox 56 306 1560 2915">
    <p class='ocr_par' dir='ltr' id='par_1_2' title="bbox 91 306 1557 418">
     <span class='ocr_line' id='line_1_2' title="bbox 207 306 1557 362; baseline 0 -13"><span class='ocrx_word' id='word_1_5' title='bbox 207 312 302 360; x_wconf 81' lang='lat' dir='ltr'><strong>Pag.</strong></span> <span class='ocrx_word' id='word_1_6' title='bbox 330 307 427 350; x_wconf 83' lang='lat'><strong>574.</strong></span> <span class='ocrx_word' id='word_1_7' title='bbox 456 311 498 351; x_wconf 89' lang='grc'><strong>9.</strong></span> <span class='ocrx_word' id='word_1_8' title='bbox 559 307 613 350; x_wconf 81' lang='grc' dir='ltr'><strong><em>Τό</em></strong></span> <span class='ocrx_word' id='word_1_9' title='bbox 632 306 792 361; x_wconf 77' lang='grc' dir='ltr'><strong><em>πάθος]</em></strong></span> <span class='ocrx_word' id='word_1_10' title='bbox 825 309 987 362; x_wconf 86' lang='lat' dir='ltr'><strong>Quippe</strong></span> <span class='ocrx_word' id='word_1_11' title='bbox 1014 308 1130 348; x_wconf 78' lang='lat' dir='ltr'><strong>litera</strong></span> <span class='ocrx_word' id='word_1_12' title='bbox 1162 308 1368 348; x_wconf 76' lang='lat' dir='ltr'><strong>Dominica</strong></span> <span class='ocrx_word' id='word_1_13' title='bbox 1399 315 1485 348; x_wconf 84' lang='lat' dir='ltr'>erat</span> <span class='ocrx_word' id='word_1_14' title='bbox 1513 310 1557 349; x_wconf 91' lang='lat' dir='ltr'><strong>C.</strong></span> 
     </span>
     <span class='ocr_line' id='line_1_3' title="bbox 91 364 528 418; baseline -0.005 -13"><span class='ocrx_word' id='word_1_15' title='bbox 91 364 243 405; x_wconf 78' lang='lat' dir='ltr'><strong>Pascha</strong></span> <span class='ocrx_word' id='word_1_16' title='bbox 270 379 375 404; x_wconf 79' lang='lat' dir='ltr'><strong>xxn.</strong></span> <span class='ocrx_word' id='word_1_17' title='bbox 402 365 528 418; x_wconf 78' lang='lat' dir='ltr'><strong>April.</strong></span> 
     </span>
    </p>

    <p class='ocr_par' dir='ltr' id='par_1_3' title="bbox 88 420 1559 644">
     <span class='ocr_line' id='line_1_4' title="bbox 207 420 1559 475; baseline -0.001 -13"><span class='ocrx_word' id='word_1_18' title='bbox 207 425 300 472; x_wconf 83' lang='lat' dir='ltr'><strong>Pag.</strong></span> <span class='ocrx_word' id='word_1_19' title='bbox 327 422 422 465; x_wconf 85' lang='lat'><strong>574.</strong></span> <span class='ocrx_word' id='word_1_20' title='bbox 456 425 521 464; x_wconf 85' lang='lat'><strong>13.</strong></span> <span class='ocrx_word' id='word_1_21' title='bbox 578 420 797 474; x_wconf 79' lang='grc' dir='ltr'><strong><em>Εκλειψις]</em></strong></span> <span class='ocrx_word' id='word_1_22' title='bbox 826 421 944 460; x_wconf 86' lang='lat' dir='ltr'><strong>Istius</strong></span> <span class='ocrx_word' id='word_1_23' title='bbox 974 423 1144 475; x_wconf 91' lang='lat' dir='ltr'><strong>Eclipsis</strong></span> <span class='ocrx_word' id='word_1_24' title='bbox 1171 423 1443 462; x_wconf 86' lang='lat' dir='ltr'><strong>meminerunt</strong></span> <span class='ocrx_word' id='word_1_25' title='bbox 1466 421 1559 461; x_wconf 85' lang='lat' dir='ltr'>Phi-</span> 
     </span>
     <span class='ocr_line' id='line_1_5' title="bbox 89 478 1558 530; baseline 0.001 -13"><span class='ocrx_word' id='word_1_26' title='bbox 89 478 309 530; x_wconf 82' lang='lat' dir='ltr'><strong>lostorgius</strong></span> <span class='ocrx_word' id='word_1_27' title='bbox 347 479 415 517; x_wconf 90' lang='lat' dir='ltr'><strong>lib.</strong></span> <span class='ocrx_word' id='word_1_28' title='bbox 442 492 516 519; x_wconf 75' lang='lat'><strong>1¹1.</strong></span> <span class='ocrx_word' id='word_1_29' title='bbox 557 491 645 529; x_wconf 87' lang='lat' dir='ltr'><strong>cap.</strong></span> <span class='ocrx_word' id='word_1_30' title='bbox 679 491 765 517; x_wconf 86' lang='lat' dir='ltr'><strong>vm.</strong></span> <span class='ocrx_word' id='word_1_31' title='bbox 804 479 1058 519; x_wconf 78' lang='lat' dir='ltr'><strong>Marcellinus</strong></span> <span class='ocrx_word' id='word_1_32' title='bbox 1102 481 1265 528; x_wconf 84' lang='lat' dir='ltr'>Comes,</span> <span class='ocrx_word' id='word_1_33' title='bbox 1317 486 1356 518; x_wconf 91' lang='lat' dir='ltr'>et</span> <span class='ocrx_word' id='word_1_34' title='bbox 1394 479 1558 519; x_wconf 86' lang='lat' dir='ltr'><strong>Idatius.</strong></span> 
     </span>
     <span class='ocr_line' id='line_1_6' title="bbox 91 534 1559 590; baseline 0.002 -17"><span class='ocrx_word' id='word_1_35' title='bbox 91 535 148 574; x_wconf 85' lang='lat' dir='ltr'><strong>De</strong></span> <span class='ocrx_word' id='word_1_36' title='bbox 177 536 314 575; x_wconf 75' lang='lat' dir='ltr'>eadem</span> <span class='ocrx_word' id='word_1_37' title='bbox 344 535 425 587; x_wconf 85' lang='lat' dir='ltr'>egit</span> <span class='ocrx_word' id='word_1_38' title='bbox 453 535 589 575; x_wconf 83' lang='lat' dir='ltr'>Jacob.</span> <span class='ocrx_word' id='word_1_39' title='bbox 612 534 904 574; x_wconf 82' lang='lat' dir='ltr'><strong>Grandamicus</strong></span> <span class='ocrx_word' id='word_1_40' title='bbox 932 550 993 575; x_wconf 77' lang='grc' dir='ltr'><strong>ιιι.</strong></span> <span class='ocrx_word' id='word_1_41' title='bbox 1034 543 1152 590; x_wconf 84' lang='lat' dir='ltr'>parte</span> <span class='ocrx_word' id='word_1_42' title='bbox 1189 535 1380 575; x_wconf 88' lang='lat' dir='ltr'><strong>Cbronol.</strong></span> <span class='ocrx_word' id='word_1_43' title='bbox 1411 535 1559 576; x_wconf 81' lang='lat' dir='ltr'>Christ.</span> 
     </span>
     <span class='ocr_line' id='line_1_7' title="bbox 88 595 304 644; baseline 0.005 -14"><span class='ocrx_word' id='word_1_44' title='bbox 88 605 177 644; x_wconf 86' lang='lat' dir='ltr'>pag.</span> <span class='ocrx_word' id='word_1_45' title='bbox 209 595 304 635; x_wconf 86' lang='grc'><strong>122.</strong></span> 
     </span>
    </p>

    <p class='ocr_par' dir='ltr' id='par_1_4' title="bbox 86 646 1560 870">
     <span class='ocr_line' id='line_1_8' title="bbox 205 646 1559 702; baseline -0.001 -14"><span class='ocrx_word' id='word_1_46' title='bbox 205 651 302 698; x_wconf 79' lang='lat' dir='ltr'><strong>Pag.</strong></span> <span class='ocrx_word' id='word_1_47' title='bbox 328 646 423 690; x_wconf 84' lang='lat'><strong>574.</strong></span> <span class='ocrx_word' id='word_1_48' title='bbox 455 647 520 690; x_wconf 88' lang='lat'><strong>15.</strong></span> <span class='ocrx_word' id='word_1_49' title='bbox 580 648 771 699; x_wconf 80' lang='grc' dir='ltr'><strong><em>Πλίνθα]</em></strong></span> <span class='ocrx_word' id='word_1_50' title='bbox 809 648 943 688; x_wconf 81' lang='lat' dir='ltr'><strong>Plenta</strong></span> <span class='ocrx_word' id='word_1_51' title='bbox 966 650 1196 702; x_wconf 77' lang='lat' dir='ltr'><strong>appellatur</strong></span> <span class='ocrx_word' id='word_1_52' title='bbox 1215 649 1257 688; x_wconf 90' lang='lat' dir='ltr'><strong>in</strong></span> <span class='ocrx_word' id='word_1_53' title='bbox 1276 649 1404 688; x_wconf 86' lang='lat' dir='ltr'><strong>Fastis</strong></span> <span class='ocrx_word' id='word_1_54' title='bbox 1424 649 1559 702; x_wconf 85' lang='lat' dir='ltr'><strong>Idatii,</strong></span> 
     </span>
     <span class='ocr_line' id='line_1_9' title="bbox 88 704 1560 756; baseline 0 -12"><span class='ocrx_word' id='word_1_55' title='bbox 88 711 129 744; x_wconf 88' lang='lat' dir='ltr'>et</span> <span class='ocrx_word' id='word_1_56' title='bbox 156 704 196 743; x_wconf 90' lang='lat' dir='ltr'><strong>in</strong></span> <span class='ocrx_word' id='word_1_57' title='bbox 225 711 306 745; x_wconf 84' lang='lat' dir='ltr'><strong>vet.</strong></span> <span class='ocrx_word' id='word_1_58' title='bbox 334 704 521 756; x_wconf 81' lang='lat' dir='ltr'><strong>inscript.</strong></span> <span class='ocrx_word' id='word_1_59' title='bbox 539 718 614 744; x_wconf 76' lang='lat' dir='ltr'><strong>m.</strong></span> <span class='ocrx_word' id='word_1_60' title='bbox 638 709 677 747; x_wconf 89' lang='lat'><strong>7.</strong></span> <span class='ocrx_word' id='word_1_61' title='bbox 709 705 756 743; x_wconf 86' lang='lat' dir='ltr'><strong>In</strong></span> <span class='ocrx_word' id='word_1_62' title='bbox 786 705 884 744; x_wconf 83' lang='lat' dir='ltr'><strong>cod.</strong></span> <span class='ocrx_word' id='word_1_63' title='bbox 916 707 1063 745; x_wconf 81' lang='lat' dir='ltr'><strong>Canon.</strong></span> <span class='ocrx_word' id='word_1_64' title='bbox 1086 708 1193 747; x_wconf 86' lang='lat' dir='ltr'><strong>Eccl.</strong></span> <span class='ocrx_word' id='word_1_65' title='bbox 1212 707 1335 744; x_wconf 87' lang='lat' dir='ltr'><strong>Afric.</strong></span> <span class='ocrx_word' id='word_1_66' title='bbox 1359 720 1560 746; x_wconf 80' lang='lat' dir='ltr'><strong>c.cxxv1x.</strong></span> 
     </span>
     <span class='ocr_line' id='line_1_10' title="bbox 87 761 1559 812; baseline 0.001 -13"><span class='ocrx_word' id='word_1_67' title='bbox 87 761 157 800; x_wconf 81' lang='lat' dir='ltr'><strong>hic</strong></span> <span class='ocrx_word' id='word_1_68' title='bbox 186 762 425 800; x_wconf 74' lang='lat' dir='ltr'><strong>Consulatus</strong></span> <span class='ocrx_word' id='word_1_69' title='bbox 455 762 512 800; x_wconf 81' lang='lat' dir='ltr'><strong>ita</strong></span> <span class='ocrx_word' id='word_1_70' title='bbox 543 762 744 812; x_wconf 81' lang='lat' dir='ltr'><strong>signatur,</strong></span> <span class='ocrx_word' id='word_1_71' title='bbox 774 762 820 801; x_wconf 87' lang='lat' dir='ltr'><strong>P.</strong></span> <span class='ocrx_word' id='word_1_72' title='bbox 841 763 882 802; x_wconf 87' lang='lat' dir='ltr'><strong>C.</strong></span> <span class='ocrx_word' id='word_1_73' title='bbox 911 763 1070 803; x_wconf 65' lang='lat' dir='ltr'><strong>Honor-ii</strong></span> <span class='ocrx_word' id='word_1_74' title='bbox 1090 777 1164 803; x_wconf 69' lang='grc' dir='ltr'><strong>ΧΠ.</strong></span> <span class='ocrx_word' id='word_1_75' title='bbox 1191 768 1225 802; x_wconf 85' lang='lat' dir='ltr'>et</span> <span class='ocrx_word' id='word_1_76' title='bbox 1255 763 1447 802; x_wconf 76' lang='lat' dir='ltr'><em>Theodosii</em></span> <span class='ocrx_word' id='word_1_77' title='bbox 1471 777 1559 803; x_wconf 86' lang='lat' dir='ltr'><strong>vm.</strong></span> 
     </span>
     <span class='ocr_line' id='line_1_11' title="bbox 86 818 738 870; baseline 0.002 -13"><span class='ocrx_word' id='word_1_78' title='bbox 86 818 141 857; x_wconf 78' lang='lat' dir='ltr'><strong>At</strong></span> <span class='ocrx_word' id='word_1_79' title='bbox 169 819 264 858; x_wconf 79' lang='lat' dir='ltr'><strong>Can.</strong></span> <span class='ocrx_word' id='word_1_80' title='bbox 294 831 477 858; x_wconf 81' lang='lat' dir='ltr'><strong>cxxxvn.</strong></span> <span class='ocrx_word' id='word_1_81' title='bbox 506 819 653 870; x_wconf 87' lang='lat' dir='ltr'><strong>legitur</strong></span> <span class='ocrx_word' id='word_1_82' title='bbox 681 832 738 858; x_wconf 80' lang='lat' dir='ltr'><strong>xx.</strong></span> 
     </span>
    </p>

    <p class='ocr_par' dir='ltr' id='par_1_5' title="bbox 86 874 1560 971">
     <span class='ocr_line' id='line_1_12' title="bbox 199 874 1560 928; baseline 0.001 -15"><span class='ocrx_word' id='word_1_83' title='bbox 199 874 424 926; x_wconf 81' lang='lat' dir='ltr'><strong>Pag.574.</strong></span> <span class='ocrx_word' id='word_1_84' title='bbox 457 878 522 917; x_wconf 88' lang='grc'><strong>16.</strong></span> <span class='ocrx_word' id='word_1_85' title='bbox 578 875 758 928; x_wconf 83' lang='grc' dir='ltr'><strong><em>Αετίου]</em></strong></span> <span class='ocrx_word' id='word_1_86' title='bbox 806 874 910 915; x_wconf 74' lang='grc' dir='ltr'><strong>Δὲῐίἰ</strong></span> <span class='ocrx_word' id='word_1_87' title='bbox 950 877 1080 916; x_wconf 84' lang='lat' dir='ltr'><strong>Praef.</strong></span> <span class='ocrx_word' id='word_1_88' title='bbox 1119 876 1217 915; x_wconf 84' lang='lat' dir='ltr'><strong>Urbi</strong></span> <span class='ocrx_word' id='word_1_89' title='bbox 1253 875 1436 915; x_wconf 85' lang='lat' dir='ltr'><strong>meminit</strong></span> <span class='ocrx_word' id='word_1_90' title='bbox 1476 876 1560 915; x_wconf 84' lang='lat' dir='ltr'><strong>Lex</strong></span> 
     </span>
     <span class='ocr_line' id='line_1_13' title="bbox 86 930 890 974; baseline 0.001 -4"><span class='ocrx_word' id='word_1_91' title='bbox 86 931 165 971; x_wconf 87' lang='lat' dir='ltr'><strong>ult.</strong></span> <span class='ocrx_word' id='word_1_92' title='bbox 194 931 292 970; x_wconf 84' lang='lat' dir='ltr'><strong>cod.</strong></span> <span class='ocrx_word' id='word_1_93' title='bbox 321 930 471 970; x_wconf 83' lang='lat' dir='ltr'><strong>Theod.</strong></span> <span class='ocrx_word' id='word_1_94' title='bbox 497 930 548 970; x_wconf 88' lang='lat' dir='ltr'><strong>de</strong></span> <span class='ocrx_word' id='word_1_95' title='bbox 578 932 709 970; x_wconf 81' lang='lat' dir='ltr'><strong>calcis</strong></span> <span class='ocrx_word' id='word_1_96' title='bbox 738 938 890 974; x_wconf 86' lang='lat' dir='ltr'><strong>coctor.</strong></span> 
     </span>
    </p>

    <p class='ocr_par' dir='ltr' id='par_1_6' title="bbox 88 988 1559 1093">
     <span class='ocr_line' id='line_1_14' title="bbox 205 988 1559 1042; baseline -0.002 -10"><span class='ocrx_word' id='word_1_97' title='bbox 205 991 300 1038; x_wconf 73' lang='lat' dir='ltr'><em>Pag-</em></span> <span class='ocrx_word' id='word_1_98' title='bbox 330 989 425 1032; x_wconf 91' lang='grc'><strong>575.</strong></span> <span class='ocrx_word' id='word_1_99' title='bbox 455 992 495 1031; x_wconf 83' lang='grc'><strong>2.</strong></span> <span class='ocrx_word' id='word_1_100' title='bbox 554 988 639 1030; x_wconf 85' lang='grc' dir='ltr'><strong>Καὶ</strong></span> <span class='ocrx_word' id='word_1_101' title='bbox 658 988 973 1042; x_wconf 81' lang='grc' dir='ltr'><strong><em>Κωνσταντίου]</em></strong></span> <span class='ocrx_word' id='word_1_102' title='bbox 999 989 1230 1028; x_wconf 84' lang='lat' dir='ltr'><strong>Holstenius</strong></span> <span class='ocrx_word' id='word_1_103' title='bbox 1259 995 1299 1028; x_wconf 91' lang='lat' dir='ltr'>et</span> <span class='ocrx_word' id='word_1_104' title='bbox 1326 989 1436 1028; x_wconf 82' lang='lat' dir='ltr'><strong>Fasti</strong></span> <span class='ocrx_word' id='word_1_105' title='bbox 1457 988 1559 1029; x_wconf 83' lang='lat' dir='ltr'><strong>Vos-</strong></span> 
     </span>
     <span class='ocr_line' id='line_1_15' title="bbox 88 1041 582 1093; baseline 0.004 -9"><span class='ocrx_word' id='word_1_106' title='bbox 88 1044 215 1092; x_wconf 82' lang='lat' dir='ltr'><strong>siani,</strong></span> <span class='ocrx_word' id='word_1_107' title='bbox 244 1044 313 1085; x_wconf 74' lang='grc' dir='ltr'><strong>καὶ</strong></span> <span class='ocrx_word' id='word_1_108' title='bbox 329 1041 582 1093; x_wconf 73' lang='grc' dir='ltr'><strong>Κώσταντος.</strong></span> 
     </span>
    </p>

    <p class='ocr_par' dir='ltr' id='par_1_7' title="bbox 84 1098 1560 1495">
     <span class='ocr_line' id='line_1_16' title="bbox 203 1098 1560 1169; baseline 0 -28"><span class='ocrx_word' id='word_1_109' title='bbox 203 1104 297 1152; x_wconf 81' lang='lat' dir='ltr'><strong>Pag.</strong></span> <span class='ocrx_word' id='word_1_110' title='bbox 325 1101 422 1144; x_wconf 88' lang='grc'><strong>575.</strong></span> <span class='ocrx_word' id='word_1_111' title='bbox 451 1104 490 1144; x_wconf 90' lang='grc'><strong>6.</strong></span> <span class='ocrx_word' id='word_1_112' title='bbox 558 1098 955 1169; x_wconf 82' lang='grc' dir='ltr'><strong><em>Συναναγινωσκων]</em></strong></span> <span class='ocrx_word' id='word_1_113' title='bbox 994 1103 1166 1142; x_wconf 80' lang='lat' dir='ltr'><strong>Joannes</strong></span> <span class='ocrx_word' id='word_1_114' title='bbox 1205 1100 1478 1140; x_wconf 84' lang='lat' dir='ltr'><strong>Antiochenus</strong></span> <span class='ocrx_word' id='word_1_115' title='bbox 1508 1101 1560 1141; x_wconf 87' lang='lat' dir='ltr'><strong>de</strong></span> 
     </span>
     <span class='ocr_line' id='line_1_17' title="bbox 86 1155 1556 1212; baseline 0.002 -17"><span class='ocrx_word' id='word_1_116' title='bbox 86 1156 314 1196; x_wconf 86' lang='lat' dir='ltr'><strong>Theodosio</strong></span> <span class='ocrx_word' id='word_1_117' title='bbox 343 1160 434 1197; x_wconf 89' lang='lat' dir='ltr'><strong>Jun.</strong></span> <span class='ocrx_word' id='word_1_118' title='bbox 473 1155 694 1208; x_wconf 80' lang='grc' dir='ltr'><strong><em>Θεοδόσιος</em></strong></span> <span class='ocrx_word' id='word_1_119' title='bbox 721 1158 746 1200; x_wconf 87' lang='lat' dir='ltr'><strong>o‘</strong></span> <span class='ocrx_word' id='word_1_120' title='bbox 772 1157 968 1207; x_wconf 76' lang='grc' dir='ltr'><strong><em>Βασιλεὺς</em></strong></span> <span class='ocrx_word' id='word_1_121' title='bbox 997 1161 1149 1212; x_wconf 79' lang='grc' dir='ltr'><strong><em>χαίρειν</em></strong></span> <span class='ocrx_word' id='word_1_122' title='bbox 1182 1156 1311 1199; x_wconf 82' lang='grc' dir='ltr'><strong><em>εἰπων</em></strong></span> <span class='ocrx_word' id='word_1_123' title='bbox 1335 1163 1422 1207; x_wconf 85' lang='grc' dir='ltr'><strong><em>τοῖς</em></strong></span> <span class='ocrx_word' id='word_1_124' title='bbox 1456 1174 1556 1199; x_wconf 81' lang='grc' dir='ltr'><strong><em>παι-</em></strong></span> 
     </span>
     <span class='ocr_line' id='line_1_18' title="bbox 85 1211 1556 1283; baseline 0.001 -28"><span class='ocrx_word' id='word_1_125' title='bbox 85 1215 241 1268; x_wconf 78' lang='grc' dir='ltr'><strong><em>γυίοις,</em></strong></span> <span class='ocrx_word' id='word_1_126' title='bbox 272 1214 338 1256; x_wconf 76' lang='grc' dir='ltr'><strong>ἐπὶ</strong></span> <span class='ocrx_word' id='word_1_127' title='bbox 360 1211 507 1269; x_wconf 75' lang='grc' dir='ltr'><strong><em>λόγους</em></strong></span> <span class='ocrx_word' id='word_1_128' title='bbox 532 1215 788 1267; x_wconf 79' lang='grc' dir='ltr'><strong><em>ἐλευθερίους</em></strong></span> <span class='ocrx_word' id='word_1_129' title='bbox 809 1216 994 1283; x_wconf 81' lang='grc' dir='ltr'><em>μετέβαλε</em></span> <span class='ocrx_word' id='word_1_130' title='bbox 1022 1232 1097 1267; x_wconf 84' lang='grc' dir='ltr'><strong>την</strong></span> <span class='ocrx_word' id='word_1_131' title='bbox 1123 1231 1310 1270; x_wconf 81' lang='grc' dir='ltr'><em>γνωμην,</em></span> <span class='ocrx_word' id='word_1_132' title='bbox 1345 1216 1556 1256; x_wconf 79' lang='grc' dir='ltr'><strong><em>Παυλίνου</em></strong></span> 
     </span>
     <span class='ocr_line' id='line_1_19' title="bbox 85 1268 1555 1328; baseline 0.001 -17"><span class='ocrx_word' id='word_1_133' title='bbox 85 1285 127 1311; x_wconf 85' lang='grc' dir='ltr'><strong>τε</strong></span> <span class='ocrx_word' id='word_1_134' title='bbox 154 1270 224 1311; x_wconf 81' lang='grc' dir='ltr'><strong>καὶ</strong></span> <span class='ocrx_word' id='word_1_135' title='bbox 253 1273 461 1312; x_wconf 75' lang='grc' dir='ltr'><strong><em>Πλακίτου</em></strong></span> <span class='ocrx_word' id='word_1_136' title='bbox 497 1268 933 1325; x_wconf 82' lang='grc' dir='ltr'><strong><em>συναναγινωσκόντων</em></strong></span> <span class='ocrx_word' id='word_1_137' title='bbox 969 1268 1099 1328; x_wconf 71' lang='grc' dir='ltr'><strong><em>αὐτῷ,</em></strong></span> <span class='ocrx_word' id='word_1_138' title='bbox 1143 1269 1206 1320; x_wconf 86' lang='grc' dir='ltr'><strong>οἷς</strong></span> <span class='ocrx_word' id='word_1_139' title='bbox 1233 1271 1303 1312; x_wconf 82' lang='grc' dir='ltr'><strong>καὶ</strong></span> <span class='ocrx_word' id='word_1_140' title='bbox 1333 1268 1457 1325; x_wconf 79' lang='grc' dir='ltr'><strong><em>αρχᾶς</em></strong></span> <span class='ocrx_word' id='word_1_141' title='bbox 1484 1271 1555 1313; x_wconf 71' lang='grc' dir='ltr'><strong>καὶ</strong></span> 
     </span>
     <span class='ocr_line' id='line_1_20' title="bbox 85 1326 1558 1381; baseline -0.001 -13"><span class='ocrx_word' id='word_1_142' title='bbox 85 1327 269 1376; x_wconf 74' lang='grc' dir='ltr'><strong><em>ἔξουσίας</em></strong></span> <span class='ocrx_word' id='word_1_143' title='bbox 298 1328 508 1379; x_wconf 79' lang='grc' dir='ltr'><strong><em>ἐχαρίσατο</em></strong></span> <span class='ocrx_word' id='word_1_144' title='bbox 542 1326 726 1381; x_wconf 74' lang='grc' dir='ltr'><strong>μεγάλας.</strong></span> <span class='ocrx_word' id='word_1_145' title='bbox 784 1330 863 1367; x_wconf 90' lang='lat' dir='ltr'><strong>Ubi</strong></span> <span class='ocrx_word' id='word_1_146' title='bbox 892 1329 1022 1368; x_wconf 87' lang='lat' dir='ltr'><strong>minus</strong></span> <span class='ocrx_word' id='word_1_147' title='bbox 1050 1335 1158 1369; x_wconf 88' lang='lat' dir='ltr'>recte</span> <span class='ocrx_word' id='word_1_148' title='bbox 1189 1329 1447 1368; x_wconf 84' lang='lat' dir='ltr'><strong>doctissimus</strong></span> <span class='ocrx_word' id='word_1_149' title='bbox 1479 1330 1558 1367; x_wconf 93' lang='lat' dir='ltr'><strong>In-</strong></span> 
     </span>
     <span class='ocr_line' id='line_1_21' title="bbox 85 1384 1557 1436; baseline 0 -14"><span class='ocrx_word' id='word_1_150' title='bbox 85 1390 262 1436; x_wconf 87' lang='lat' dir='ltr'>terpres,</span> <span class='ocrx_word' id='word_1_151' title='bbox 297 1385 456 1424; x_wconf 81' lang='lat' dir='ltr'><strong>Paulino</strong></span> <span class='ocrx_word' id='word_1_152' title='bbox 483 1399 529 1423; x_wconf 84' lang='lat' dir='ltr'><strong>ac</strong></span> <span class='ocrx_word' id='word_1_153' title='bbox 557 1386 702 1424; x_wconf 79' lang='lat' dir='ltr'><strong>Placito</strong></span> <span class='ocrx_word' id='word_1_154' title='bbox 728 1389 916 1435; x_wconf 70' lang='lat' dir='ltr'><strong>magutris</strong></span> <span class='ocrx_word' id='word_1_155' title='bbox 942 1401 1040 1425; x_wconf 76' lang='lat' dir='ltr'><strong>usus.</strong></span> <span class='ocrx_word' id='word_1_156' title='bbox 1097 1386 1310 1424; x_wconf 82' lang='lat' dir='ltr'><strong>Paulinum</strong></span> <span class='ocrx_word' id='word_1_157' title='bbox 1340 1384 1557 1425; x_wconf 84' lang='lat' dir='ltr'>Theodosii</span> 
     </span>
     <span class='ocr_line' id='line_1_22' title="bbox 84 1438 1336 1495; baseline -0.001 -14"><span class='ocrx_word' id='word_1_158' title='bbox 84 1438 396 1495; x_wconf 79' lang='grc' dir='ltr'><strong><em>συνανάτροφον</em></strong></span> <span class='ocrx_word' id='word_1_159' title='bbox 424 1449 546 1481; x_wconf 82' lang='lat' dir='ltr'><strong>vocat</strong></span> <span class='ocrx_word' id='word_1_160' title='bbox 582 1443 726 1493; x_wconf 85' lang='lat' dir='ltr'><strong>Georg.</strong></span> <span class='ocrx_word' id='word_1_161' title='bbox 757 1442 977 1481; x_wconf 85' lang='lat' dir='ltr'>Monachus</span> <span class='ocrx_word' id='word_1_162' title='bbox 1006 1443 1049 1481; x_wconf 89' lang='lat' dir='ltr'><strong>in</strong></span> <span class='ocrx_word' id='word_1_163' title='bbox 1078 1443 1227 1481; x_wconf 86' lang='lat' dir='ltr'><strong>Chron.</strong></span> <span class='ocrx_word' id='word_1_164' title='bbox 1258 1443 1336 1481; x_wconf 82' lang='lat' dir='ltr'><strong>MS.</strong></span> 
     </span>
    </p>

    <p class='ocr_par' dir='ltr' id='par_1_8' title="bbox 83 1496 1559 1662">
     <span class='ocr_line' id='line_1_23' title="bbox 198 1496 1559 1552; baseline -0.004 -11"><span class='ocrx_word' id='word_1_165' title='bbox 198 1501 292 1548; x_wconf 78' lang='lat' dir='ltr'><em>Pag-</em></span> <span class='ocrx_word' id='word_1_166' title='bbox 320 1499 417 1541; x_wconf 86' lang='lat'><strong>576-</strong></span> <span class='ocrx_word' id='word_1_167' title='bbox 449 1501 490 1540; x_wconf 91' lang='lat'><strong>9.</strong></span> <span class='ocrx_word' id='word_1_168' title='bbox 549 1496 818 1551; x_wconf 76' lang='grc' dir='ltr'><strong><em>Ηράκλειτος]</em></strong></span> <span class='ocrx_word' id='word_1_169' title='bbox 860 1500 1047 1538; x_wconf 75' lang='lat' dir='ltr'><strong>Leontius</strong></span> <span class='ocrx_word' id='word_1_170' title='bbox 1078 1500 1308 1552; x_wconf 82' lang='lat' dir='ltr'><strong>appellatur</strong></span> <span class='ocrx_word' id='word_1_171' title='bbox 1337 1513 1358 1537; x_wconf 84' lang='lat' dir='ltr'>a</span> <span class='ocrx_word' id='word_1_172' title='bbox 1390 1501 1559 1537; x_wconf 78' lang='lat' dir='ltr'>Socrate</span> 
     </span>
     <span class='ocr_line' id='line_1_24' title="bbox 83 1553 1560 1608; baseline 0.001 -16"><span class='ocrx_word' id='word_1_173' title='bbox 83 1553 155 1593; x_wconf 84' lang='lat' dir='ltr'><strong>lib.</strong></span> <span class='ocrx_word' id='word_1_174' title='bbox 182 1568 255 1593; x_wconf 66' lang='lat' dir='ltr'><strong>vu.</strong></span> <span class='ocrx_word' id='word_1_175' title='bbox 293 1569 378 1607; x_wconf 82' lang='lat' dir='ltr'><strong>cap.</strong></span> <span class='ocrx_word' id='word_1_176' title='bbox 407 1569 495 1594; x_wconf 70' lang='lat' dir='ltr'><strong>xm.</strong></span> <span class='ocrx_word' id='word_1_177' title='bbox 534 1554 778 1608; x_wconf 83' lang='lat' dir='ltr'>Theophane</span> <span class='ocrx_word' id='word_1_178' title='bbox 816 1570 922 1595; x_wconf 79' lang='lat' dir='ltr'><strong>anno</strong></span> <span class='ocrx_word' id='word_1_179' title='bbox 960 1569 1018 1598; x_wconf 77' lang='lat' dir='ltr'><strong>XI.</strong></span> <span class='ocrx_word' id='word_1_180' title='bbox 1048 1555 1200 1598; x_wconf 89' lang='lat' dir='ltr'>Theod.</span> <span class='ocrx_word' id='word_1_181' title='bbox 1240 1556 1444 1605; x_wconf 64' lang='lat' dir='ltr'>emh-eno,</span> <span class='ocrx_word' id='word_1_182' title='bbox 1485 1557 1560 1607; x_wconf 84' lang='lat' dir='ltr'><strong>Sy.</strong></span> 
     </span>
     <span class='ocr_line' id='line_1_25' title="bbox 84 1611 1126 1662; baseline 0.003 -14"><span class='ocrx_word' id='word_1_183' title='bbox 84 1624 225 1650; x_wconf 87' lang='lat' dir='ltr'>meone</span> <span class='ocrx_word' id='word_1_184' title='bbox 255 1611 421 1662; x_wconf 85' lang='lat' dir='ltr'><strong>Logoth.</strong></span> <span class='ocrx_word' id='word_1_185' title='bbox 452 1612 496 1650; x_wconf 90' lang='lat' dir='ltr'><strong>in</strong></span> <span class='ocrx_word' id='word_1_186' title='bbox 526 1612 675 1654; x_wconf 86' lang='lat' dir='ltr'><strong>Chron.</strong></span> <span class='ocrx_word' id='word_1_187' title='bbox 707 1613 788 1651; x_wconf 88' lang='lat' dir='ltr'><strong>MS.</strong></span> <span class='ocrx_word' id='word_1_188' title='bbox 818 1614 1020 1660; x_wconf 75' lang='lat' dir='ltr'><strong>manasse,</strong></span> <span class='ocrx_word' id='word_1_189' title='bbox 1051 1619 1126 1652; x_wconf 88' lang='lat' dir='ltr'><strong>etc.</strong></span> 
     </span>
    </p>

    <p class='ocr_par' dir='ltr' id='par_1_9' title="bbox 200 1637 1560 1722">
     <span class='ocr_line' id='line_1_26' title="bbox 200 1637 1560 1722; baseline 0 -14"><span class='ocrx_word' id='word_1_190' title='bbox 200 1671 294 1718; x_wconf 82' lang='lat' dir='ltr'><strong>Pag.</strong></span> <span class='ocrx_word' id='word_1_191' title='bbox 325 1669 420 1712; x_wconf 89' lang='grc'><strong>576</strong></span> <span class='ocrx_word' id='word_1_192' title='bbox 462 1672 525 1712; x_wconf 92' lang='grc'><strong>18.</strong></span> <span class='ocrx_word' id='word_1_193' title='bbox 585 1666 830 1722; x_wconf 77' lang='grc' dir='ltr'><strong><em>Εδυσῶπει]</em></strong></span> <span class='ocrx_word' id='word_1_194' title='bbox 869 1669 1120 1722; x_wconf 76' lang='lat' dir='ltr'>Hesychius:</span> <span class='ocrx_word' id='word_1_195' title='bbox 1157 1672 1390 1719; x_wconf 80' lang='grc' dir='ltr'><strong><em>ποτνιᾶται,</em></strong></span> <span class='ocrx_word' id='word_1_196' title='bbox 1418 1637 1560 1709; x_wconf 58' lang='lat' dir='ltr'><strong>&amp;voco—</strong></span> 
     </span>
    </p>

    <p class='ocr_par' dir='ltr' id='par_1_10' title="bbox 83 1724 453 1775">
     <span class='ocr_line' id='line_1_27' title="bbox 83 1724 453 1775; baseline 0.003 -10.098"><span class='ocrx_word' id='word_1_197' title='bbox 83 1728 173 1775; x_wconf 81' lang='grc' dir='ltr'><strong><em>πεῖ,</em></strong></span> <span class='ocrx_word' id='word_1_198' title='bbox 200 1724 453 1766; x_wconf 78' lang='grc' dir='ltr'><strong><em>ἐπικαλεῖται-</em></strong></span> 
     </span>
    </p>

    <p class='ocr_par' dir='ltr' id='par_1_11' title="bbox 82 1780 1558 1877">
     <span class='ocr_line' id='line_1_28' title="bbox 201 1780 1558 1857; baseline -0.003 -33"><span class='ocrx_word' id='word_1_199' title='bbox 201 1784 296 1832; x_wconf 82' lang='lat' dir='ltr'><strong>Pag</strong></span> <span class='ocrx_word' id='word_1_200' title='bbox 327 1786 426 1825; x_wconf 89' lang='grc'><strong>577.</strong></span> <span class='ocrx_word' id='word_1_201' title='bbox 469 1786 538 1825; x_wconf 75' lang='grc'><strong>22.</strong></span> <span class='ocrx_word' id='word_1_202' title='bbox 607 1780 868 1836; x_wconf 77' lang='grc' dir='ltr'><strong><em>Ελλαδικην]</em></strong></span> <span class='ocrx_word' id='word_1_203' title='bbox 922 1783 1133 1832; x_wconf 76' lang='lat' dir='ltr'><strong>Achivam,</strong></span> <span class='ocrx_word' id='word_1_204' title='bbox 1182 1782 1403 1857; x_wconf 82' lang='lat' dir='ltr'><strong>Marcellin.</strong></span> <span class='ocrx_word' id='word_1_205' title='bbox 1445 1783 1558 1823; x_wconf 85' lang='lat' dir='ltr'><strong>Com.</strong></span> 
     </span>
     <span class='ocr_line' id='line_1_29' title="bbox 82 1837 263 1877; baseline 0.006 -1"><span class='ocrx_word' id='word_1_206' title='bbox 82 1837 263 1877; x_wconf 79' lang='lat' dir='ltr'><strong>lud.1v.</strong></span> 
     </span>
    </p>

    <p class='ocr_par' dir='ltr' id='par_1_12' title="bbox 81 1894 1558 2062">
     <span class='ocr_line' id='line_1_30' title="bbox 200 1894 1558 1948; baseline -0.002 -10"><span class='ocrx_word' id='word_1_207' title='bbox 200 1898 294 1945; x_wconf 71' lang='lat' dir='ltr'><strong><em>Pag·</em></strong></span> <span class='ocrx_word' id='word_1_208' title='bbox 324 1896 419 1938; x_wconf 86' lang='lat'><strong>578-</strong></span> <span class='ocrx_word' id='word_1_209' title='bbox 453 1897 518 1937; x_wconf 89' lang='grc'><strong>10.</strong></span> <span class='ocrx_word' id='word_1_210' title='bbox 582 1898 664 1945; x_wconf 80' lang='grc' dir='ltr'><strong>Τῆς</strong></span> <span class='ocrx_word' id='word_1_211' title='bbox 683 1894 929 1948; x_wconf 81' lang='grc' dir='ltr'><strong><em>Κιστέρνης]</em></strong></span> <span class='ocrx_word' id='word_1_212' title='bbox 951 1896 1252 1947; x_wconf 79' lang='lat' dir='ltr'><strong>constantinop.</strong></span> <span class='ocrx_word' id='word_1_213' title='bbox 1273 1895 1420 1939; x_wconf 83' lang='lat' dir='ltr'><strong>Christ.</strong></span> <span class='ocrx_word' id='word_1_214' title='bbox 1438 1895 1510 1934; x_wconf 88' lang='lat' dir='ltr'><strong>lib.</strong></span> <span class='ocrx_word' id='word_1_215' title='bbox 1527 1909 1558 1935; x_wconf 92' lang='lat'><strong>1.</strong></span> 
     </span>
     <span class='ocr_line' id='line_1_31' title="bbox 81 1952 1558 2004; baseline 0.001 -15"><span class='ocrx_word' id='word_1_216' title='bbox 81 1957 176 1990; x_wconf 86' lang='lat' dir='ltr'><strong>sect.</strong></span> <span class='ocrx_word' id='word_1_217' title='bbox 201 1963 351 1990; x_wconf 84' lang='lat' dir='ltr'><strong>xxvm.</strong></span> <span class='ocrx_word' id='word_1_218' title='bbox 380 1965 423 1991; x_wconf 86' lang='lat' dir='ltr'><strong>n.</strong></span> <span class='ocrx_word' id='word_1_219' title='bbox 452 1965 492 1991; x_wconf 85' lang='lat' dir='ltr'><strong>v.</strong></span> <span class='ocrx_word' id='word_1_220' title='bbox 523 1952 593 1990; x_wconf 92' lang='lat' dir='ltr'><strong>ubi</strong></span> <span class='ocrx_word' id='word_1_221' title='bbox 623 1953 759 1991; x_wconf 89' lang='lat' dir='ltr'><strong>locum</strong></span> <span class='ocrx_word' id='word_1_222' title='bbox 792 1953 1090 1992; x_wconf 84' lang='lat' dir='ltr'>emendavimus</span> <span class='ocrx_word' id='word_1_223' title='bbox 1118 1967 1170 1991; x_wconf 85' lang='lat' dir='ltr'><strong>ex</strong></span> <span class='ocrx_word' id='word_1_224' title='bbox 1198 1953 1424 2004; x_wconf 82' lang='lat' dir='ltr'><strong>Scaligero,</strong></span> <span class='ocrx_word' id='word_1_225' title='bbox 1463 1965 1558 1991; x_wconf 90' lang='lat' dir='ltr'><strong>cum</strong></span> 
     </span>
     <span class='ocr_line' id='line_1_32' title="bbox 82 2008 854 2062; baseline 0.001 -16"><span class='ocrx_word' id='word_1_226' title='bbox 82 2021 164 2047; x_wconf 81' lang='lat' dir='ltr'><strong>vox</strong></span> <span class='ocrx_word' id='word_1_227' title='bbox 192 2008 292 2049; x_wconf 80' lang='grc' dir='ltr'><strong>ἰδῶν</strong></span> <span class='ocrx_word' id='word_1_228' title='bbox 321 2009 477 2047; x_wconf 82' lang='lat' dir='ltr'>deesset</span> <span class='ocrx_word' id='word_1_229' title='bbox 505 2009 616 2062; x_wconf 82' lang='lat' dir='ltr'><strong>apud</strong></span> <span class='ocrx_word' id='word_1_230' title='bbox 641 2009 854 2048; x_wconf 81' lang='lat' dir='ltr'><strong>Raderum.</strong></span> 
     </span>
    </p>

    <p class='ocr_par' dir='ltr' id='par_1_13' title="bbox 82 2062 1557 2234">
     <span class='ocr_line' id='line_1_33' title="bbox 197 2062 1556 2119; baseline -0.003 -14"><span class='ocrx_word' id='word_1_231' title='bbox 197 2064 296 2116; x_wconf 83' lang='lat' dir='ltr'><strong>Pag.</strong></span> <span class='ocrx_word' id='word_1_232' title='bbox 327 2069 422 2109; x_wconf 79' lang='grc'><strong>578.</strong></span> <span class='ocrx_word' id='word_1_233' title='bbox 455 2065 520 2108; x_wconf 82' lang='grc'><strong>14.</strong></span> <span class='ocrx_word' id='word_1_234' title='bbox 579 2068 802 2118; x_wconf 62' lang='lat' dir='ltr'><strong><em>mmmmm</em></strong></span> <span class='ocrx_word' id='word_1_235' title='bbox 824 2063 901 2119; x_wconf 72' lang='grc' dir='ltr'><strong>τήν</strong></span> <span class='ocrx_word' id='word_1_236' title='bbox 918 2065 987 2107; x_wconf 83' lang='grc' dir='ltr'><strong>καὶ</strong></span> <span class='ocrx_word' id='word_1_237' title='bbox 1007 2062 1246 2118; x_wconf 75' lang='grc' dir='ltr'><strong><em>Εὖδοκίαν]</em></strong></span> <span class='ocrx_word' id='word_1_238' title='bbox 1275 2066 1375 2104; x_wconf 86' lang='lat' dir='ltr'><strong>Nam</strong></span> <span class='ocrx_word' id='word_1_239' title='bbox 1398 2071 1556 2103; x_wconf 83' lang='lat' dir='ltr'><strong>utrum-</strong></span> 
     </span>
     <span class='ocr_line' id='line_1_34' title="bbox 82 2122 1556 2173; baseline 0 -14"><span class='ocrx_word' id='word_1_240' title='bbox 82 2135 160 2173; x_wconf 88' lang='lat' dir='ltr'><strong>que</strong></span> <span class='ocrx_word' id='word_1_241' title='bbox 189 2136 332 2160; x_wconf 88' lang='lat' dir='ltr'><strong>nomen</strong></span> <span class='ocrx_word' id='word_1_242' title='bbox 361 2123 558 2171; x_wconf 82' lang='lat' dir='ltr'><strong>servavit,</strong></span> <span class='ocrx_word' id='word_1_243' title='bbox 598 2130 644 2162; x_wconf 87' lang='lat' dir='ltr'><strong>ut</strong></span> <span class='ocrx_word' id='word_1_244' title='bbox 670 2124 827 2162; x_wconf 85' lang='lat' dir='ltr'><strong>Auctor</strong></span> <span class='ocrx_word' id='word_1_245' title='bbox 855 2129 915 2162; x_wconf 89' lang='lat' dir='ltr'>est</span> <span class='ocrx_word' id='word_1_246' title='bbox 944 2123 1104 2162; x_wconf 79' lang='lat' dir='ltr'><strong>Priscus</strong></span> <span class='ocrx_word' id='word_1_247' title='bbox 1132 2124 1175 2161; x_wconf 92' lang='lat' dir='ltr'><strong>in</strong></span> <span class='ocrx_word' id='word_1_248' title='bbox 1206 2122 1384 2161; x_wconf 87' lang='lat' dir='ltr'><strong>Gotthic.</strong></span> <span class='ocrx_word' id='word_1_249' title='bbox 1415 2135 1455 2173; x_wconf 89' lang='lat' dir='ltr'><strong>p.</strong></span> <span class='ocrx_word' id='word_1_250' title='bbox 1486 2124 1556 2164; x_wconf 86' lang='lat'><strong>69.</strong></span> 
     </span>
     <span class='ocr_line' id='line_1_35' title="bbox 82 2173 1557 2234; baseline 0 -16"><span class='ocrx_word' id='word_1_251' title='bbox 82 2180 276 2229; x_wconf 83' lang='grc' dir='ltr'><strong><em>Αθηναῒς</em></strong></span> <span class='ocrx_word' id='word_1_252' title='bbox 305 2178 336 2231; x_wconf 77' lang='grc' dir='ltr'><em>ἦ</em></span> <span class='ocrx_word' id='word_1_253' title='bbox 370 2178 439 2220; x_wconf 83' lang='grc' dir='ltr'><strong>καὶ</strong></span> <span class='ocrx_word' id='word_1_254' title='bbox 465 2176 670 2221; x_wconf 75' lang='grc' dir='ltr'><strong><em>Εὗδοκία·</em></strong></span> <span class='ocrx_word' id='word_1_255' title='bbox 719 2176 965 2234; x_wconf 68' lang='grc' dir='ltr'><strong><em>ἀμφοτέροις</em></strong></span> <span class='ocrx_word' id='word_1_256' title='bbox 995 2177 1072 2234; x_wconf 62' lang='grc' dir='ltr'><strong>γάρ</strong></span> <span class='ocrx_word' id='word_1_257' title='bbox 1111 2179 1290 2221; x_wconf 78' lang='grc' dir='ltr'><strong><em>ἐκαλεῖτο</em></strong></span> <span class='ocrx_word' id='word_1_258' title='bbox 1335 2182 1421 2226; x_wconf 86' lang='grc' dir='ltr'><strong><em>τοῖς</em></strong></span> <span class='ocrx_word' id='word_1_259' title='bbox 1461 2173 1557 2219; x_wconf 86' lang='grc' dir='ltr'><strong><em>ο’νο’-</em></strong></span> 
     </span>
    </p>

    <p class='ocr_par' dir='ltr' id='par_1_14' title="bbox 112 2248 218 2276">
     <span class='ocr_line' id='line_1_36' title="bbox 112 2248 218 2276; baseline 0.009 -1"><span class='ocrx_word' id='word_1_260' title='bbox 112 2248 218 2276; x_wconf 88' lang='grc' dir='ltr'><strong>ασιν.</strong></span> 
     </span>
    </p>

    <p class='ocr_par' dir='ltr' id='par_1_15' title="bbox 82 2252 1559 2504">
     <span class='ocr_line' id='line_1_37' title="bbox 82 2252 1558 2346; baseline -0.001 -15"><span class='ocrx_word' id='word_1_261' title='bbox 82 2252 108 2287; x_wconf 69' lang='grc' dir='ltr'><strong><em>μ</em></strong></span> <span class='ocrx_word' id='word_1_262' title='bbox 194 2290 293 2342; x_wconf 82' lang='lat' dir='ltr'><strong>Pag.</strong></span> <span class='ocrx_word' id='word_1_263' title='bbox 324 2292 420 2334; x_wconf 88' lang='lat'><strong>579.</strong></span> <span class='ocrx_word' id='word_1_264' title='bbox 451 2295 515 2333; x_wconf 90' lang='lat'><strong>11.</strong></span> <span class='ocrx_word' id='word_1_265' title='bbox 574 2294 906 2346; x_wconf 80' lang='grc' dir='ltr'><strong><em>Συναριστοῦντα</em></strong></span> <span class='ocrx_word' id='word_1_266' title='bbox 925 2287 1086 2340; x_wconf 71' lang='grc' dir='ltr'><strong><em>αὐτοῖς]</em></strong></span> <span class='ocrx_word' id='word_1_267' title='bbox 1116 2291 1260 2330; x_wconf 77' lang='lat' dir='ltr'><strong>Honore</strong></span> <span class='ocrx_word' id='word_1_268' title='bbox 1284 2305 1407 2329; x_wconf 81' lang='lat' dir='ltr'>coenae</span> <span class='ocrx_word' id='word_1_269' title='bbox 1423 2291 1558 2341; x_wconf 80' lang='lat' dir='ltr'><strong>digna-</strong></span> 
     </span>
     <span class='ocr_line' id='line_1_38' title="bbox 82 2349 1558 2401; baseline -0.001 -14"><span class='ocrx_word' id='word_1_270' title='bbox 82 2352 183 2397; x_wconf 78' lang='lat' dir='ltr'><strong><em>tum,</em></strong></span> <span class='ocrx_word' id='word_1_271' title='bbox 213 2355 259 2387; x_wconf 91' lang='lat' dir='ltr'><strong>ut</strong></span> <span class='ocrx_word' id='word_1_272' title='bbox 288 2349 543 2401; x_wconf 82' lang='lat' dir='ltr'><strong>Tranquillus</strong></span> <span class='ocrx_word' id='word_1_273' title='bbox 574 2349 616 2387; x_wconf 87' lang='lat' dir='ltr'><strong>in</strong></span> <span class='ocrx_word' id='word_1_274' title='bbox 648 2349 888 2401; x_wconf 80' lang='lat' dir='ltr'><strong>Vespasiano</strong></span> <span class='ocrx_word' id='word_1_275' title='bbox 919 2362 1010 2400; x_wconf 83' lang='lat' dir='ltr'><strong>cap.</strong></span> <span class='ocrx_word' id='word_1_276' title='bbox 1041 2363 1086 2387; x_wconf 87' lang='lat'><strong>11.</strong></span> <span class='ocrx_word' id='word_1_277' title='bbox 1106 2349 1232 2388; x_wconf 74' lang='lat' dir='ltr'><strong>honore</strong></span> <span class='ocrx_word' id='word_1_278' title='bbox 1249 2362 1388 2387; x_wconf 81' lang='lat' dir='ltr'>mensae</span> <span class='ocrx_word' id='word_1_279' title='bbox 1407 2349 1558 2399; x_wconf 79' lang='lat' dir='ltr'><strong>regalis,</strong></span> 
     </span>
     <span class='ocr_line' id='line_1_39' title="bbox 83 2405 1559 2458; baseline 0.001 -16"><span class='ocrx_word' id='word_1_280' title='bbox 83 2411 131 2443; x_wconf 88' lang='lat' dir='ltr'><strong>ut</strong></span> <span class='ocrx_word' id='word_1_281' title='bbox 166 2406 400 2445; x_wconf 79' lang='lat' dir='ltr'><strong>Ammianus</strong></span> <span class='ocrx_word' id='word_1_282' title='bbox 444 2405 516 2445; x_wconf 88' lang='lat' dir='ltr'><strong>lib.</strong></span> <span class='ocrx_word' id='word_1_283' title='bbox 533 2419 614 2446; x_wconf 79' lang='lat' dir='ltr'><strong>xv.</strong></span> <span class='ocrx_word' id='word_1_284' title='bbox 644 2406 878 2458; x_wconf 86' lang='lat' dir='ltr'><strong>loquuntur.</strong></span> <span class='ocrx_word' id='word_1_285' title='bbox 937 2405 1038 2445; x_wconf 84' lang='lat' dir='ltr'>Vide</span> <span class='ocrx_word' id='word_1_286' title='bbox 1079 2406 1213 2445; x_wconf 88' lang='lat' dir='ltr'><strong>Gloss.</strong></span> <span class='ocrx_word' id='word_1_287' title='bbox 1250 2405 1355 2445; x_wconf 87' lang='lat' dir='ltr'>med.</span> <span class='ocrx_word' id='word_1_288' title='bbox 1394 2406 1477 2443; x_wconf 73' lang='lat' dir='ltr'><strong>Lat.</strong></span> <span class='ocrx_word' id='word_1_289' title='bbox 1515 2405 1559 2444; x_wconf 92' lang='lat' dir='ltr'><strong>in</strong></span> 
     </span>
     <span class='ocr_line' id='line_1_40' title="bbox 86 2461 395 2504; baseline 0.013 -4"><span class='ocrx_word' id='word_1_290' title='bbox 86 2461 254 2501; x_wconf 70' lang='lat' dir='ltr'><strong>Conviva.</strong></span> <span class='ocrx_word' id='word_1_291' title='bbox 383 2497 395 2504; x_wconf 74' lang='grc'><strong>.</strong></span> 
     </span>
    </p>

    <p class='ocr_par' dir='ltr' id='par_1_16' title="bbox 86 2516 1560 2627">
     <span class='ocr_line' id='line_1_41' title="bbox 198 2516 1560 2573; baseline -0.004 -11"><span class='ocrx_word' id='word_1_292' title='bbox 198 2518 427 2570; x_wconf 81' lang='lat' dir='ltr'><strong>Pag.579.</strong></span> <span class='ocrx_word' id='word_1_293' title='bbox 465 2523 532 2563; x_wconf 88' lang='grc'><strong>12.</strong></span> <span class='ocrx_word' id='word_1_294' title='bbox 592 2516 856 2573; x_wconf 77' lang='grc' dir='ltr'><strong><em>Μᾶγιστρον]</em></strong></span> <span class='ocrx_word' id='word_1_295' title='bbox 904 2518 1130 2568; x_wconf 73' lang='lat' dir='ltr'><strong>Magutrum</strong></span> <span class='ocrx_word' id='word_1_296' title='bbox 1158 2519 1386 2570; x_wconf 79' lang='lat' dir='ltr'><strong>Officiomm‚</strong></span> <span class='ocrx_word' id='word_1_297' title='bbox 1426 2523 1472 2556; x_wconf 89' lang='lat' dir='ltr'><strong>ut</strong></span> <span class='ocrx_word' id='word_1_298' title='bbox 1499 2523 1560 2556; x_wconf 85' lang='lat' dir='ltr'>est</span> 
     </span>
     <span class='ocr_line' id='line_1_42' title="bbox 86 2575 1471 2627; baseline 0 -15"><span class='ocrx_word' id='word_1_299' title='bbox 86 2576 193 2626; x_wconf 81' lang='lat' dir='ltr'><strong>apud</strong></span> <span class='ocrx_word' id='word_1_300' title='bbox 225 2577 523 2626; x_wconf 83' lang='lat' dir='ltr'><strong>Marcellinum,</strong></span> <span class='ocrx_word' id='word_1_301' title='bbox 563 2583 603 2616; x_wconf 89' lang='lat' dir='ltr'>et</span> <span class='ocrx_word' id='word_1_302' title='bbox 631 2577 674 2614; x_wconf 93' lang='lat' dir='ltr'><strong>in</strong></span> <span class='ocrx_word' id='word_1_303' title='bbox 704 2577 806 2627; x_wconf 87' lang='lat' dir='ltr'>Lege</span> <span class='ocrx_word' id='word_1_304' title='bbox 839 2576 912 2614; x_wconf 85' lang='lat' dir='ltr'><strong>ult.</strong></span> <span class='ocrx_word' id='word_1_305' title='bbox 946 2575 1042 2614; x_wconf 86' lang='lat' dir='ltr'><strong>cod.</strong></span> <span class='ocrx_word' id='word_1_306' title='bbox 1072 2575 1222 2616; x_wconf 88' lang='lat' dir='ltr'>Theod.</span> <span class='ocrx_word' id='word_1_307' title='bbox 1252 2576 1302 2614; x_wconf 88' lang='lat' dir='ltr'><strong>de</strong></span> <span class='ocrx_word' id='word_1_308' title='bbox 1332 2576 1471 2625; x_wconf 79' lang='lat' dir='ltr'><strong>Agent.</strong></span> 
     </span>
    </p>

    <p class='ocr_par' dir='ltr' id='par_1_17' title="bbox 56 2628 1558 2915">
     <span class='ocr_line' id='line_1_43' title="bbox 199 2628 1557 2688; baseline -0.007 -11"><span class='ocrx_word' id='word_1_309' title='bbox 199 2631 424 2684; x_wconf 85' lang='lat' dir='ltr'><strong>Pag579.</strong></span> <span class='ocrx_word' id='word_1_310' title='bbox 458 2636 523 2675; x_wconf 90' lang='grc'><strong>17.</strong></span> <span class='ocrx_word' id='word_1_311' title='bbox 581 2635 723 2688; x_wconf 75' lang='grc' dir='ltr'><strong><em>Ημέρᾳ</em></strong></span> <span class='ocrx_word' id='word_1_312' title='bbox 750 2628 976 2686; x_wconf 75' lang='grc' dir='ltr'><strong><em>Σαββάτῳ]</em></strong></span> <span class='ocrx_word' id='word_1_313' title='bbox 1027 2631 1074 2670; x_wconf 92' lang='lat' dir='ltr'><strong>In</strong></span> <span class='ocrx_word' id='word_1_314' title='bbox 1106 2628 1305 2686; x_wconf 86' lang='lat' dir='ltr'><strong>ejusmodi</strong></span> <span class='ocrx_word' id='word_1_315' title='bbox 1334 2638 1557 2670; x_wconf 79' lang='lat' dir='ltr'><strong>statuarum</strong></span> 
     </span>
     <span class='ocr_line' id='line_1_44' title="bbox 86 2687 1558 2743; baseline 0 -17"><span class='ocrx_word' id='word_1_316' title='bbox 86 2687 409 2728; x_wconf 75' lang='lat' dir='ltr'><strong>dedicationibus</strong></span> <span class='ocrx_word' id='word_1_317' title='bbox 448 2690 524 2729; x_wconf 90' lang='lat' dir='ltr'><strong>sub</strong></span> <span class='ocrx_word' id='word_1_318' title='bbox 565 2690 816 2743; x_wconf 88' lang='lat' dir='ltr'><strong>Principibus</strong></span> <span class='ocrx_word' id='word_1_319' title='bbox 847 2689 1082 2728; x_wconf 86' lang='lat' dir='ltr'><strong>Christianis</strong></span> <span class='ocrx_word' id='word_1_320' title='bbox 1122 2694 1167 2726; x_wconf 86' lang='lat' dir='ltr'><strong>ut</strong></span> <span class='ocrx_word' id='word_1_321' title='bbox 1194 2689 1416 2741; x_wconf 86' lang='lat' dir='ltr'><strong>plurimum</strong></span> <span class='ocrx_word' id='word_1_322' title='bbox 1446 2687 1558 2727; x_wconf 77' lang='lat' dir='ltr'>deli-</span> 
     </span>
     <span class='ocr_line' id='line_1_45' title="bbox 85 2745 1554 2800; baseline 0.001 -18"><span class='ocrx_word' id='word_1_323' title='bbox 85 2745 281 2795; x_wconf 82' lang='lat' dir='ltr'><strong>gebantur</strong></span> <span class='ocrx_word' id='word_1_324' title='bbox 310 2747 396 2785; x_wconf 88' lang='lat' dir='ltr'>dies</span> <span class='ocrx_word' id='word_1_325' title='bbox 425 2747 540 2797; x_wconf 84' lang='lat' dir='ltr'>sesti,</span> <span class='ocrx_word' id='word_1_326' title='bbox 567 2761 696 2800; x_wconf 90' lang='lat' dir='ltr'>neque</span> <span class='ocrx_word' id='word_1_327' title='bbox 726 2754 857 2786; x_wconf 85' lang='lat' dir='ltr'>tamen</span> <span class='ocrx_word' id='word_1_328' title='bbox 887 2759 1069 2798; x_wconf 86' lang='lat' dir='ltr'>semper,</span> <span class='ocrx_word' id='word_1_329' title='bbox 1097 2752 1143 2784; x_wconf 85' lang='lat' dir='ltr'><strong>ut</strong></span> <span class='ocrx_word' id='word_1_330' title='bbox 1173 2758 1224 2784; x_wconf 79' lang='lat' dir='ltr'><strong>ex</strong></span> <span class='ocrx_word' id='word_1_331' title='bbox 1253 2745 1335 2784; x_wconf 87' lang='lat' dir='ltr'><strong>hoc</strong></span> <span class='ocrx_word' id='word_1_332' title='bbox 1362 2745 1454 2784; x_wconf 86' lang='lat' dir='ltr'><strong>loco</strong></span> <span class='ocrx_word' id='word_1_333' title='bbox 1476 2759 1554 2797; x_wconf 73' lang='lat' dir='ltr'><strong>pn·-</strong></span> 
     </span>
     <span class='ocr_line' id='line_1_46' title="bbox 86 2802 1554 2854; baseline 0.001 -16"><span class='ocrx_word' id='word_1_334' title='bbox 86 2806 157 2840; x_wconf 87' lang='lat' dir='ltr'><strong>tet.</strong></span> <span class='ocrx_word' id='word_1_335' title='bbox 214 2802 298 2841; x_wconf 83' lang='lat' dir='ltr'><strong>Lex</strong></span> <span class='ocrx_word' id='word_1_336' title='bbox 327 2817 378 2842; x_wconf 87' lang='lat'><strong>11.</strong></span> <span class='ocrx_word' id='word_1_337' title='bbox 408 2804 507 2844; x_wconf 86' lang='lat' dir='ltr'><strong>Cod.</strong></span> <span class='ocrx_word' id='word_1_338' title='bbox 537 2804 586 2842; x_wconf 89' lang='lat' dir='ltr'><strong>de</strong></span> <span class='ocrx_word' id='word_1_339' title='bbox 616 2804 768 2844; x_wconf 79' lang='lat' dir='ltr'><strong>statuis</strong></span> <span class='ocrx_word' id='word_1_340' title='bbox 797 2810 838 2843; x_wconf 89' lang='lat' dir='ltr'>et</span> <span class='ocrx_word' id='word_1_341' title='bbox 862 2804 1027 2854; x_wconf 80' lang='lat' dir='ltr'><strong>Imagin.</strong></span> <span class='ocrx_word' id='word_1_342' title='bbox 1072 2802 1121 2841; x_wconf 82' lang='lat' dir='ltr'><strong>Si</strong></span> <span class='ocrx_word' id='word_1_343' title='bbox 1144 2803 1286 2853; x_wconf 75' lang='lat' dir='ltr'><strong>quando</strong></span> <span class='ocrx_word' id='word_1_344' title='bbox 1310 2807 1450 2841; x_wconf 81' lang='lat' dir='ltr'><strong>nostrae</strong></span> <span class='ocrx_word' id='word_1_345' title='bbox 1475 2807 1554 2840; x_wconf 81' lang='lat' dir='ltr'><strong>sta-</strong></span> 
     </span>
     <span class='ocr_line' id='line_1_47' title="bbox 56 2859 1555 2915; baseline 0 -18"><span class='ocrx_word' id='word_1_346' title='bbox 56 2912 61 2915; x_wconf 27' lang='lat'><strong>·</strong></span> <span class='ocrx_word' id='word_1_347' title='bbox 87 2862 169 2897; x_wconf 78' lang='lat' dir='ltr'><strong>tuae</strong></span> <span class='ocrx_word' id='word_1_348' title='bbox 203 2860 259 2897; x_wconf 85' lang='lat' dir='ltr'><strong>vel</strong></span> <span class='ocrx_word' id='word_1_349' title='bbox 294 2862 468 2911; x_wconf 71' lang='lat' dir='ltr'><strong>imagines</strong></span> <span class='ocrx_word' id='word_1_350' title='bbox 510 2864 720 2913; x_wconf 79' lang='lat' dir='ltr'><strong>eriguntur,</strong></span> <span class='ocrx_word' id='word_1_351' title='bbox 758 2864 829 2901; x_wconf 73' lang='lat' dir='ltr'>sive</span> <span class='ocrx_word' id='word_1_352' title='bbox 864 2861 1010 2910; x_wconf 75' lang='lat' dir='ltr'>diebus,</span> <span class='ocrx_word' id='word_1_353' title='bbox 1053 2864 1095 2898; x_wconf 81' lang='lat' dir='ltr'><strong>ut</strong></span> <span class='ocrx_word' id='word_1_354' title='bbox 1122 2860 1282 2911; x_wconf 79' lang='lat' dir='ltr'><strong>adsolet,</strong></span> <span class='ocrx_word' id='word_1_355' title='bbox 1315 2859 1443 2911; x_wconf 74' lang='lat' dir='ltr'>sestis,</span> <span class='ocrx_word' id='word_1_356' title='bbox 1482 2862 1555 2898; x_wconf 76' lang='lat' dir='ltr'>sive</span> 
     </span>
    </p>
   </div>
  </div>
 </body>
</html>
