1820 3276
259 195 374 259 368'
849 212 1030 255 N-o‘T
1065 212 1166 253 ΑΕ

253 324 500 364 ‘Maximiano
531 323 652 374 igitur
681 328 719 361 et
748 322 962 362 Maximino
993 323 1148 362 suffecti
1179 322 1446 362 Diocletianus
1469 336 1525 361 ix.
1557 328 1596 361 et
1614 318 1722 361 Confl—

260 385 466 431 stantfflus,
498 394 597 431 quos
627 379 733 417 Fasti
763 380 828 418 alii
859 381 1054 419 duntaxat
1082 385 1312 430 agnoscunt.
1371 379 1469 417 Cum
1497 392 1591 417 vero
1616 379 1724 418 01116·-

260 439 314 477 rit
355 437 616 476 Maximianus
648 442 736 474 ante
775 437 974 475 Kalendas
1005 437 1187 485 Martias,
1228 450 1330 474 anno
1370 442 1462 488 post
1490 449 1603 474 suum
1633 449 1723 474 viu.

262 495 547 543 Consulatum,
580 493 648 544 qui
677 493 819 532 incidit
847 493 890 531 in
921 507 1064 532 annum
1094 494 1300 543 vulgarem
1331 491 1477 530 Christi
1507 506 1634 531 cccxl.
1665 506 1727 530 se·-

261 551 399 608 quitur
440 551 523 604 ejus
562 556 730 588 mortem
767 556 875 589 recte
915 551 1105 589 collocari
1147 550 1220 588 sub
1256 562 1348 587 ann.
1383 562 1525 586 cccxu.
1564 549 1606 586 in
1646 548 1725 586 hoc

263 602 486 657 Chronico,
529 607 785 645 Constantino
826 621 870 645 11.
919 613 957 645 et
996 607 1148 645 Licinio
1188 620 1232 645 11.
1283 606 1387 643 COSS.
1428 611 1567 643 contra
1605 618 1724 656 quam

261 665 435 716 Prosper
465 670 504 702 et
529 664 693 713 Idatius,
723 663 804 716 qui
820 677 922 702 anno
951 663 1127 702 secundo
1157 669 1250 714 post
1278 676 1317 702 x.
1347 667 1384 700 et
1412 675 1484 703 vn.
1513 661 1726 700 decessisse

259 722 415 759 volunt.

379 781 470 827 Pag.
501 776 597 819 522
631 778 694 818 13.
756 772 1031 820 Ινδικτιόνων,
1073 775 1172 828 etc.]
1213 776 1325 823 Quae
1364 775 1522 814 initium
1553 778 1727 822 sumunt,

263 834 395 885 inquit
436 834 634 883 Scaliger,
680 833 728 871 ab
767 847 854 871 vm.
882 833 969 870 Kal.
1004 832 1167 873 Octobr.
1200 833 1468 883 dicunturque
1499 830 1727 870 Constanti-

263 891 447 940 nianeae,
478 891 541 928 vel
572 890 784 928 Caesareae
817 889 1093 940 Germanicae,
1131 903 1222 928 cum
1253 890 1463 927 Caesareae
1494 886 1728 927 Constanti-

264 948 517 999 nopolitanae
548 961 569 984 a
600 946 691 984 Kal.
729 946 948 998 Septembr.
986 947 1220 998 inciperent.
1278 946 1447 983 Jacobus
1486 952 1582 984 vero
1622 945 1728 982 Got-

264 1003 475 1042 thofredus
507 1002 872 1042 Constantinianeas
901 1002 968 1040 hic
999 1003 1191 1054 appellari
1222 1002 1450 1051 contendit,
1482 1001 1589 1053 quod
1620 1001 1727 1038 Con-

265 1059 712 1111 stantini.lmperatoris
743 1066 919 1112 tempore
949 1073 1014 1097 eae
1044 1059 1263 1108 extiterint,
1296 1058 1628 1123 quemadmodum
1650 1057 1728 1095 Va·
1763 1057 1766 1059 ’

265 1119 444 1163 lentiam,
477 1116 675 1163 Valentis3
706 1115 952 1163 Honoriaca‚
985 1115 1277 1164 Hono1·ii,etc.
1307 1116 1364 1153 uti
1396 1117 1477 1154 suis
1505 1116 1605 1154 locis
1628 1113 1728 1151 sub-

263 1174 356 1212 inde
394 1173 638 1211 adnotamus.
695 1173 832 1223 Neque
870 1172 974 1210 enim
1013 1180 1102 1211 ante
1144 1173 1444 1210 Constantinum
1484 1173 1593 1211 vocis
1621 1171 1730 1209 Indi-

265 1233 389 1269 ationis
419 1230 567 1268 mentio
599 1229 798 1279 occurrit,
845 1235 883 1266 et
912 1235 956 1266 ut
985 1235 1045 1267 sat
1062 1229 1247 1272 recentis
1286 1229 1464 1267 meminit
1493 1231 1531 1271 S.
1562 1227 1728 1267 Ambro-

264 1287 344 1325 sius
376 1286 424 1324 de
453 1287 536 1324 No'e
567 1292 604 1323 et
636 1285 758 1324 Arca:
800 1287 886 1336 quia
915 1288 982 1324 etsi
1005 1300 1029 1324 a
1059 1286 1258 1337 Septembri
1284 1299 1396 1324 mense
1423 1300 1537 1324 annus
1563 1285 1729 1323 videatur

264 1346 438 1394 incipere,
465 1345 556 1380 sicut
586 1343 821 1380 Indictzonum
845 1345 1079 1392 praesentium
1100 1357 1185 1380 usus
1205 1343 1379 1391 ostendit,
1407 1348 1480 1380 etc.
1541 1342 1590 1380 Et
1621 1347 1728 1379 certe

265 1406 349 1438 tum
387 1399 558 1451 primum
598 1399 637 1436 in
679 1399 776 1437 cod.
815 1397 964 1436 Theod.
1007 1399 1080 1437 sub
1113 1399 1347 1438 Constantio
1386 1399 1651 1437 indictionum
1682 1397 1729 1435 fit

264 1456 435 1506 mentio,
477 1463 522 1494 ut
564 1455 657 1493 alibi
698 1455 965 1494 observamus.
1033 1456 1108 1494 Sed
1150 1456 1199 1494 de
1238 1456 1548 1501 Indictionibus,
1591 1467 1728 1494 earum

242 1513 446 1561 momine,
478 1512 628 1563 origine
658 1515 821 1561 et'usu‚
851 1512 981 1550 varias
1011 1512 1260 1564 conjecturas
1287 1518 1566 1563 suggesserunt
1595 1510 1731 1549 Scali-

266 1583 334 1620 ger
372 1570 442 1608 lib.
483 1583 520 1608 v.
561 1569 610 1607 de
648 1569 846 1608 Emendat.
885 1570 1021 1620 Temp.
1062 1583 1153 1622 pag.
1193 1570 1288 1612 502.
1331 1573 1424 1611 503.
1465 1573 1504 1611 2.
1548 1568 1643 1607 edit.
1684 1567 1728 1605 in

266 1627 358 1664 Not.
400 1626 448 1663 ad
486 1625 628 1664 Euseb.
668 1639 756 1677 pag.
793 1624 886 1668 224.
926 1633 964 1664 et
1002 1626 1045 1663 in
1085 1626 1276 1664 Canonib.
1313 1626 1462 1677 Isagog.
1504 1639 1592 1677 pag.
1637 1627 1730 1666 179.

267 1685 361 1725 301.
385 1686 479 1724 302.
511 1682 656 1720 Paulus
678 1682 862 1720 Petavius
891 1683 931 1720 in
960 1682 1096 1721 libello
1128 1683 1176 1721 de
1206 1681 1370 1735 Epocha
1401 1687 1595 1721 annorum
1617 1679 1732 1719 chri-

266 1739 338 1787 sti,
378 1752 492 1789 quem
534 1740 615 1777 sere
652 1739 848 1790 integrum
892 1739 1075 1778 in'Notis
1115 1739 1195 1778 suis
1227 1739 1278 1778 ad
1308 1737 1732 1791 Syncellum·inseruit

270 1796 450 1843 Gnarus,
489 1795 722 1833 Franciscus
760 1794 947 1834 Pithoeus
987 1796 1037 1834 ad
1068 1796 1128 1834 tit.
1159 1795 1254 1836 Cod.
1286 1795 1336 1833 de
1364 1796 1436 1846 His
1467 1791 1535 1847 qui
1563 1795 1614 1833 ad
1646 1795 1732 1833 Ec·-

267 1851 408 1891 clesias
456 1852 709 1902 confugiunt,
756 1852 866 1890 Joan.
909 1853 1102 1900 Georgius
1137 1852 1368 1891 Herwartus
1407 1853 1450 1890 in
1490 1851 1753 1908 Chronolog.

268 1922 356 1959 cap.
388 1921 577 1947 ccxxmx.
621 1908 734 1948 Dion.
778 1908 962 1946 Petavius
1002 1909 1070 1947 lib.
1103 1922 1162 1947 xx.
1201 1909 1250 1947 de
1290 1909 1423 1949 Doctr.
1464 1909 1600 1960 Temp.
1641 1921 1729 1959 cap:

267 1978 383 2005 xxlx.
425 1971 462 2003 et
500 1979 566 2004 xx..
607 1964 895 2002 Grandamicus
933 1965 974 2002 in
1005 1965 1243 2015 Chronolog.
1277 1963 1420 2005 Christ.
1451 1971 1566 2017 parte
1594 1978 1655 2003 111.
1682 1978 1735 2042 p.

272 2019 362 2063 104.
396 2028 436 2059 et
466 2022 560 2059 alii.
601 2020 703 2058 Vide
732 2021 845 2058 istius
880 2020 1066 2059 Chmnici
1093 2035 1180 2073 pag.
1210 2021 1303 2063 374.
1335 2022 1376 2061 d.

385 2080 477 2128 Pag.
507 2079 601 2120 522
634 2074 816 2119 15.Τὸ
845 2072 889 2116 δ’.
901 2077 916 2129 ]
948 2078 1038 2128 Leg
1068 2075 1112 2130 γ’.
1142 2086 1190 2116 e'x
1219 2077 1346 2116 Fastis
1377 2078 1568 2118 omnibus.
1626 2078 1736 2117 Pro·

266 2133 359 2173 inde
400 2134 455 2173 ita
494 2134 681 2186 deinceps
721 2133 955 2172 emendandi
993 2134 1148 2172 numeri
1183 2134 1225 2172 in
1259 2135 1508 2173 Constantini
1539 2131 1733 2208 Consula-

266 2191 387 2230 tibus.
1725 2202 1728 2205 ·

383 2247 604 2298 Pag.522.
638 2249 704 2291 19.
759 2246 969 2299 Λνιανοῦ]
1006 2247 1065 2286 Ita
1093 2249 1199 2288 Fasti
1229 2247 1452 2287 Savilliani.
1483 2247 1628 2287 caeteri
1654 2247 1731 2286 Am

232 2308 239 2313 “
267 2306 410 2342 m‘anum
442 2311 600 2343 vocant.

384 2360 478 2410 Pag.
511 2360 606 2402 523.
639 2363 677 2402 3.
740 2357 789 2399 T
771 2375 819 2400 ov
858 2359 965 2401 ἴδιον
1003 2359 1097 2402 υἱον
1137 2359 1471 2412 Κωνσταντῖνον]
1508 2360 1584 2399 Hic
1621 2364 1730 2398 errat

271 2416 423 2455 Auctor
456 2415 659 2454 Chronici:
691 2415 972 2455 Constantinus
1003 2418 1104 2456 enim
1138 2418 1383 2456 Constantini
1413 2417 1466 2456 Μ.
1494 2416 1619 2465 filius,
1647 2429 1730 2453 una

272 2487 361 2514 cum
393 2473 533 2524 Crispo
565 2478 604 2510 et
632 2472 781 2510 Licinio
813 2473 1036 2523 Liciniano,
1080 2474 1224 2522 Liciniiv
1252 2474 1350 2525 Aug.
1379 2473 1488 2521 filio,
1529 2479 1613 2512 tum
1653 2472 1729 2511 de-

270 2530 550 2569 mum·Caesar
583 2527 714 2566 dictus
745 2535 803 2566 est
832 2544 934 2569 anno
966 2544 1137 2572 cccxvn.
1166 2538 1211 2569 ut
1239 2531 1341 2569 infra
1372 2529 1641 2569 observamus.

333 2599 336 2604 ¹
386 2585 479 2636 Pag.
508 2585 602 2626 525.
634 2584 670 2626 5-
734 2584 959 2638 Palenses-J-
993 2587 1176 2626 Galerius
1214 2586 1477 2625 Maximianus
1514 2589 1739 2639 Perpetem

272 2643 340 2681 hic
369 2644 516 2695 pariter
545 2640 704 2691 irrepsit
733 2654 807 2691 pro
840 2642 1105 2693 Diocletiano,
1145 2643 1194 2682 de
1234 2656 1313 2694 quo
1345 2643 1535 2681 Eusebius
1566 2650 1605 2681 et
1636 2642 1735 2681 proi

271 2713 362 2751 sper
394 2699 444 2737 ad
472 2698 580 2736 hunc
609 2697 882 2736 Consulatum:
918 2699 1163 2738 Diocletianus
1196 2700 1294 2738 haud
1311 2700 1437 2751 procul
1465 2714 1488 2738 a
1519 2700 1666 2738 Salonis
1689 2702 1736 2741 in·

273 2756 364 2794 villa
391 2770 456 2794 sua
489 2755 650 2806 Spalato
671 2757 826 2792 moritur.
885 2756 933 2793 Et
953 2755 1124 2794 Idatius:
1153 2756 1226 2795 His
1250 2755 1343 2794 Coss.
1365 2757 1455 2794 diem
1467 2756 1619 2808 functus
1638 2755 1733 2794 Βω-

273 2812 443 2850 dinamus
465 2811 555 2850 Sola
572 2825 632 2849 111.
653 2810 699 2851 N.
719 2811 811 2851 Dec.
870 2812 944 2850 Ubi
961 2812 1033 2863 leg
1055 2812 1210 2884 Salona,
1239 2813 1304 2851 vel
1329 2813 1496 2852 Salonae.
1735 2827 1737 2829 ·

323 2895 325 2897 ·
388 2868 483 2919 Pag
514 2868 623 2911 523.
637 2871 676 2910 7.
724 2870 775 2908 Γ
771 2869 991 2909 αλλικανου
1023 2867 1090 2909 καὶ
1121 2864 1369 2923 Συμμᾶχου]
1410 2870 1621 2920 Prosper,
1626 2866 1736 2906 lda-
