1820 3276
275 189 375 239 478
663 200 665 203 '
841 196 1158 240 NOTAE

387 301 481 353 Pag-
513 304 608 345 693.
642 303 706 346 15.
767 300 960 359 Φεύγων]
1000 308 1213 346 Simocatta
1253 307 1320 347 lib.
1356 322 1446 349 vm.
1489 323 1575 363 cap.
1606 324 1662 349 1x.
1690 323 1730 349 x.

275 373 329 400 Χῖ.
358 373 436 398 xu.
493 358 592 398 Vide
621 360 756 402 Famil.
782 362 946 413 Byzant-

389 414 485 464 Pag-
515 419 610 458 693.
642 419 706 458 18.
768 415 892 459 Οἶκον
921 422 995 459 τοῦ
1022 417 1138 473 ἁγίου
1170 415 1353 462 Ιωᾶννου
1380 421 1423 462 ἐν
1451 425 1507 476 τῷ
1537 419 1731 478 Εβδόμῳ]

276 471 619 523 Constantinopol.
658 472 802 513 Christ.
837 475 906 515 lib.
933 489 987 514 1v.
1025 482 1121 516 sect.
1150 490 1204 518 ιν.
1243 491 1283 518 n.
1315 491 1369 517 v1.
1411 484 1449 517 et
1478 479 1652 533 Discept.
1683 480 1733 518 de

274 527 401 566 Hebd.
431 528 804 582 Constantinopolit.
834 545 872 570 n.
902 545 986 570 xtx.
1018 546 1088 571 xx.

391 584 486 635 Pag.
516 589 610 628 693.
640 589 709 629 21.
771 589 1038 642 Τρωαδησίων
1067 586 1270 642 ἐμβόλων]
1311 590 1414 629 Ibid.
1454 591 1521 630 lib.
1556 606 1600 630 11.
1637 598 1750 633 sect(

276 655 339 681 111.
369 655 407 680 n.
440 656 503 681 111.
1819 667 1820 677 ³

389 697 484 747 Pag·
515 700 609 741 693.
641 702 708 741 22.
768 699 851 740 Καὶ
879 702 950 753 τῆς
982 699 1146 753 Μέσης]
1179 700 1279 739 Ibid.
1308 701 1377 740 lib.
1410 718 1438 741 1.
1467 709 1561 742 sect.
1590 717 1707 746 xxm.

387 754 480 804 Pag.
513 755 607 797 694.
638 759 676 798 2.
737 756 812 804 Εἷς
837 754 904 797 τὸν
934 754 1050 810 ἅγιον
1083 753 1348 810 Αὐτόνομον]
1389 759 1467 807 Qui
1505 760 1636 810 locus,
1675 761 1734 798 in-

275 809 363 862 quit
401 811 631 860 Simocatta,
675 812 725 851 ab
763 813 862 852 urbe
902 813 1276 866 Constantinopolit.
1316 816 1475 854 circiter
1505 830 1564 856 c1..
1598 817 1736 856 stadiis

273 867 396 906 abest.
664 907 666 910 .

130 933 159 969 p
182 934 250 971 607
387 922 482 974 Pag.
512 922 608 968 694.
643 928 681 967 2.
741 926 923 978 Πλησίον
966 925 1210 979 Πραινέτου]
1259 927 1361 966 Urbs
1408 927 1637 981 Bithyniae,
1685 942 1736 968 ex

276 979 444 1020 adverso
473 981 747 1027 Nicomediae,
786 982 836 1021 de
867 997 943 1034 qua
973 983 1206 1035 praesertim
1239 985 1421 1023 Socrates
1450 986 1519 1025 lib.
1550 999 1609 1025 vr.
1647 999 1736 1038 cap.

273 1051 358 1076 xv1.
391 1038 631 1077 Sozomenus
659 1038 728 1080 lib.
758 1053 849 1078 v111.
879 1053 968 1091 cap.
995 1053 1113 1080 xvm.
1144 1046 1181 1078 et
1210 1041 1383 1079 Notitiae
1412 1043 1736 1095 Episcopatuum.

389 1093 483 1145 Pag.
513 1093 607 1137 694.
640 1097 678 1135 7.
737 1092 1015 1147 Διαδρόμους]
1057 1096 1271 1135 Simocatta
1309 1098 1376 1136 lib.
1406 1111 1495 1140 v111.
1526 1112 1612 1151 cap.
1644 1113 1737 1140 xm.

275 1149 353 1198 Εἷς
380 1148 476 1198 τούς
503 1149 739 1203 λεγομένους
767 1148 1031 1205 Διαδρὸμους.

390 1207 486 1257 Pag.
517 1209 613 1249 694.
643 1210 683 1249 8.
741 1208 929 1260 Ακρίτα]
982 1209 1305 1248 Promontorium
1349 1209 1560 1262 Bithyniae
1597 1218 1738 1250 notum

276 1262 544 1316 Geographis‚
574 1264 623 1301 de
654 1277 735 1315 quo
763 1264 806 1302 in
836 1264 973 1317 primis
1003 1265 1080 1317 egit
1110 1266 1267 1318 Gyllius
1297 1267 1348 1306 de
1375 1266 1583 1319 Bosphoro
1610 1268 1737 1308 Thra-

273 1332 350 1357 cio.

386 1375 480 1414 Ibid.
540 1377 844 1424 Κωνσταντῖνος
873 1375 895 1418 ὅ
921 1375 1102 1430 Λαρδῦς]
1133 1379 1346 1418 simocatta
1376 1379 1448 1420 lib.
1466 1393 1558 1421 vm.
1576 1393 1661 1432 cap.
1681 1394 1737 1421 xx.

387 1431 482 1482 Pag.
513 1432 607 1474 694.
641 1435 705 1474 11.
765 1434 948 1484 Πλησίον
983 1437 1059 1475 τοῦ
1099 1433 1216 1488 ἁγίου
1255 1433 1475 1489 Κόνωνος]
1516 1437 1738 1476 Constanti-

273 1488 413 1541 nopol.
445 1487 590 1529 Christ.
623 1488 693 1527 lib.
721 1503 778 1529 1v.
815 1497 910 1530 sect.
938 1505 1005 1532 xv.
1034 1505 1074 1529 n.
1100 1505 1189 1530 vm.
1346 1518 1348 1523 ι

390 1548 482 1595 Pag·
513 1544 606 1587 694.
639 1548 706 1588 19.
767 1549 830 1587 Εκ
858 1549 932 1588 τοῦ
970 1543 1142 1601 μεγάλου
1173 1543 1494 1602 Χρονογρᾶφου]
1533 1549 1632 1598 Quis
1666 1550 1739 1589 iste

273 1601 394 1640 fuerit
423 1613 590 1651 magnus
624 1601 960 1657 chronographus
988 1606 1120 1644 nescio
1151 1618 1201 1642 an
1231 1604 1375 1656 aliquis
1403 1605 1612 1657 indicarit,
1641 1605 1738 1646 mihi

272 1671 439 1711 prorsus
467 1658 726 1708 incognitum.

390 1717 484 1764 Pag.
515 1715 610 1757 694.
642 1718 708 1757 20.
767 1716 1022 1769 Μαυρίκιος]
1053 1717 1205 1755 Similia
1234 1717 1372 1756 iisdem
1402 1718 1486 1757 fere
1513 1718 1647 1758 verbis
1675 1732 1740 1758 re—

275 1769 353 1809 fert
392 1770 650 1822 Theophanes
690 1786 793 1810 anno
822 1787 940 1812 xvm.
980 1773 1183 1824 Mauricii,
1225 1774 1295 1812 sed
1331 1788 1381 1813 ex
1420 1775 1530 1826 vulgi
1559 1789 1740 1815 sermone

275 1827 543 1867 narrationem
573 1842 683 1866 suam
714 1842 828 1867 orsus
861 1829 910 1867 ab
939 1829 1070 1869 hisce:
1112 1829 1214 1882 φασὶ
1244 1829 1287 1871 δέ
1314 1847 1439 1882 τινες,
1477 1838 1523 1871 ut
1551 1834 1739 1883 Zonaras,

275 1881 330 1930 αῖς
364 1882 538 1936 λέγεται*
578 1891 618 1923 et
655 1884 885 1924 Chronicon
922 1886 1003 1925 MS.
1033 1887 1082 1925 ab
1112 1887 1266 1926 Adamo
1297 1887 1346 1926 ad
1377 1889 1547 1928 Leonem
1575 1890 1738 1942 Sapien-

273 1945 367 1978 tem.
425 1940 483 1979 Eo
518 1940 631 1980 etiam
673 1948 854 1995 spectant
891 1956 994 1995 quae
1033 1943 1172 1982 scribit
1201 1943 1416 1984 simocatta
1445 1945 1517 1985 lib.
1546 1958 1622 1984 vn.
1650 1959 1740 1999 cap.
1800 1946 1804 1949 ’

271 2009 366 2035 XIII.

391 2054 483 2102 Pag.
510 2052 604 2094 695.
637 2055 700 2095 16.
762 2057 845 2106 Τῆς
875 2050 1060 2107 Θράκης]
1090 2054 1320 2108 Theophan.
1351 2055 1395 2096 ἒν
1422 2058 1474 2113 τῇ
1488 2054 1654 2112 Θράκῃ.

390 2111 482 2158 Pag.
511 2107 606 2157 695.
636 2113 703 2153 22.
761 2109 1034 2165 Απέκτεινεν]
1074 2111 1182 2150 [dem
1223 2112 1452 2151 Chronicon
1490 2114 1570 2152 MS.
1609 2114 1736 2166 addit,

274 2160 453 2217 χιλιάδας
482 2163 577 2205 δέκα
605 2164 648 2207 ἒν
676 2169 735 2222 τῷ
762 2164 908 2223 κάμπῳ
937 2171 1010 2209 Ιεόῦ
1044 2170 1334 2223 Τριβουναλίον
1362 2172 1420 2226 τῷ
1449 2166 1537 2211 ὄντι
1565 2171 1739 2224 πλησίον

274 2224 348 2262 τοῦ
376 2217 581 2274 Εβδόμου.
1739 2253 1743 2257 -

391 2280 484 2327 Pag.
515 2277 610 2319 695.
643 2281 683 2319 1.
745 2282 820 2321 Τπ.
855 2282 980 2321 Φωκᾶ
1008 2277 1108 2335 Αὕγ.
1138 2277 1290 2334 μόνου]
1322 2281 1384 2321 An
1414 2283 1537 2322 Focas
1563 2282 1642 2322 hoc
1670 2296 1740 2322 an·-

276 2346 329 2372 no
358 2347 499 2372 revera
530 2334 679 2373 Consul
708 2337 947 2388 processerit
976 2351 1070 2380 mox
1099 2338 1365 2389 disquirimus.

389 2392 482 2440 Pag.
513 2389 607 2432 695.
636 2395 676 2433 3.
736 2395 799 2433 Εν
828 2394 1118 2450 Μοναστηρίῳ]
1149 2394 1295 2433 Scribit
1319 2396 1530 2435 Simooatta
1553 2395 1622 2434 lib.
1645 2409 1736 2438 v111.

278 2459 367 2498 cap.
395 2459 462 2487 xv.
493 2452 532 2485 et
561 2459 611 2484 ex
638 2460 686 2486 eo
715 2448 996 2501 Theophanes,
1039 2451 1339 2490 Constantinam
1377 2465 1454 2490 nna
1492 2465 1582 2491 cum
1611 2453 1738 2492 tribus

275 2501 432 2543 filiabus
461 2502 503 2544 ἐν
533 2502 717 2559 ἰδιωτικῇ
745 2505 855 2561 οἰκίᾳ
884 2503 1163 2549 κατάκλειστον
1191 2507 1364 2561 primum
1394 2509 1562 2547 sactamz
1596 2508 1738 2548 deinde

278 2572 370 2598 cum
399 2573 501 2598 anno
530 2572 585 2601 xv.
613 2560 740 2599 Focae
769 2562 955 2602 Germani
983 2564 1147 2602 Patricii
1176 2564 1344 2603 consilio
1373 2564 1415 2603 in
1443 2565 1579 2605 aedem
1608 2567 1647 2606 S.
1667 2567 1739 2604 So-

277 2614 396 2667 phiae
426 2616 689 2667 confugisset,
717 2617 811 2656 inde
840 2621 1037 2674 qbstracta
1065 2620 1107 2658 in
1136 2620 1418 2660 Monasterium
1447 2628 1555 2661 trusa
1584 2627 1662 2672 est,
1691 2627 1739 2659 ut

278 2678 415 2711 narrat
450 2673 556 2712 idem
594 2672 877 2725 Theophanes,
918 2682 956 2714 et
986 2689 1038 2714 ex
1065 2689 1111 2714 eo
1142 2677 1355 2716 Cedrenus.
1414 2678 1572 2719 Privata
1605 2684 1737 2717 autem

282 2728 424 2767 domus
452 2729 551 2780 ista,
579 2727 626 2770 vo}
655 2730 832 2780 Λέοντος
858 2732 1082 2784 appellatur
1113 2733 1223 2785 apud
1251 2734 1467 2786 Georgium
1497 2733 1737 2775 Monachum

279 2784 323 2823 in
353 2785 550 2826 Chronico
579 2786 659 2825 MS.

397 2843 489 2884 Ibid.
551 2840 808 2894 Φιλιππικὸς]
841 2843 1068 2896 Theophan.
1099 2858 1161 2884 an.
1194 2858 1249 2884 1v.
