1884 3262
522 203 791 247 CHRONICI
816 204 1122 248 PASCHALIS.
1480 204 1501 247 1
1516 204 1575 248 13

810 423 880 480 V.

267 536 373 584 EX
427 535 809 586 EUSEBII'
860 536 1398 590 CHRONICIS.

211 674 392 727 Expletis
432 689 455 713 a
492 673 644 714 mundo
681 674 846 714 condito
886 674 1012 714 annis‘
1029 688 1070 715 v.
1093 689 1166 716 mn.
1205 682 1296 715 cum
1342 677 1574 717 hominibus

94 739 356 771 conversatus
386 738 446 771 est
478 732 669 770 Dominus
702 739 863 781 noster,
894 733 1125 771 incarnatus
1156 747 1207 772 ex
1236 735 1380 772 Sancta
1410 736 1574 787 Virgine

92 789 244 832 Maria,
294 803 342 827 ac
370 789 536 828 ineunte
569 789 773 839 trigesimo
814 789 943 841 ipsius
976 804 1103 838 anno,
1150 791 1486 841 quemadmodum
1517 793 1576 831 ait

75 848 263 885 >Sanctus
283 847 432 895 Lucas,
464 859 599 884 mense
628 845 840 893 Januario,
870 846 972 885 feria
1000 847 1118 885 tertia
1149 846 1435 897 hebdomadis,
1467 863 1574 888 anno

91 909 185 954 post
215 903 301 955 ejus
331 903 623 956 apparitionem
653 917 772 942 xxix.
810 903 1040 956 baptizatus
1070 910 1130 942 est
1158 919 1179 942 a
1209 906 1382 955 Joanne,
1421 906 1574 944 tribus-

93 974 169 1010 que
200 960 345 999 deinde
375 959 488 998 annis
523 960 670 1011 quibus
690 961 884 999 miracula
909 961 1037 1000 edidit
1059 961 1232 1009 exactis,
1265 977 1371 1000 anno
1393 977 1413 1005 a
1434 963 1575 1001 mundi

93 1018 321 1056 conditione
361 1031 659 1055 vr.1MDxxxm.
699 1018 872 1070 'propter
911 1025 1090 1057 nostram
1142 1019 1313 1057 salutem
1354 1020 1576 1058 crucifixus

93 1081 166 1116 est.
213 1076 312 1112 Cum
344 1074 448 1112 enim
478 1088 556 1112 una
591 1087 682 1113 cum
714 1075 924 1127 discipulis
954 1075 1168 1114 umbratile
1191 1075 1339 1114 Pascha
1371 1077 1576 1115 comedis-

24 1164 28 1168 .
93 1138 175 1182 set,
220 1132 389 1170 inducto
429 1131 509 1169 alio
548 1131 786 1171 authentico
827 1131 1050 1183 Paschate,
1098 1133 1196 1171 seria
1225 1148 1264 1172 v.
1296 1133 1576 1181 hebdomadis,

90 1189 243 1241 in‚qua
277 1195 362 1227 erat
393 1202 480 1229 xiv.
540 1189 700 1238 Lunae,
731 1189 877 1227 mensis
907 1203 1004 1228 vero
1034 1189 1167 1228 Martii
1197 1204 1302 1230 xxn.
1347 1191 1576 1229 Indictione

90 1259 160 1285 xv.
189 1247 277 1298 ipsa
306 1252 425 1284 nocte
453 1246 495 1283 in
531 1245 710 1298 ejusdem
730 1246 879 1284 mensis
908 1260 1030 1285 xx111.
1060 1247 1371 1301 progrediente,
1401 1248 1577 1286 traditus

92 1309 153 1342 est
185 1310 226 1342 et
257 1302 498 1354 crucifixus,
530 1303 619 1355 ipsa
648 1302 714 1341 die
743 1303 969 1342 resurrexit
995 1317 1098 1344 xxv.
1131 1304 1195 1342 die
1228 1304 1445 1343 Dominica.

290 1428 375 1467 EX
412 1427 692 1466 EJUSDEM
730 1428 986 1468 EUSEBII
1023 1428 1390 1468 CHRONICIS.

205 1518 324 1558 Hisce
354 1518 473 1557 dictis
503 1532 551 1556 ac
580 1518 810 1570 praemissis
828 1547 837 1564 ‚
869 1518 1190 1570 operaepretium
1226 1518 1393 1557 videtur
1421 1525 1468 1558 ut
1496 1519 1570 1558 in-

92 1576 270 1614 dicemus
300 1590 449 1614 annum
481 1575 529 1612 ab
561 1574 659 1613 orbe
690 1575 884 1623 condito,
935 1589 1016 1626 quo
1058 1575 1248 1614 Dominus
1284 1583 1423 1615 noster
1461 1576 1574 1615 Jesus

92 1633 278 1671 Christus
306 1633 350 1671 in
383 1631 534 1671 mundo
564 1631 840 1670 admirandam
870 1645 916 1669 ac
945 1633 1331 1684 superexcellentem
1350 1634 1461 1672 illam
1478 1634 1575 1672 fecit

91 1691 416 1729 Incarnationem
456 1703 507 1728 ex
548 1690 693 1727 Sancta
733 1688 897 1739 Virgine
938 1689 1076 1728 Maria.
1151 1690 1250 1728 Erat
1293 1697 1426 1729 autem
1472 1697 1573 1729 tunc

93 1761 222 1787 annus
254 1761 292 1786 v.
322 1761 393 1785 MD.
426 1746 762 1798 quemadmodum
801 1746 895 1784 anni
935 1746 984 1784 ab
1017 1746 1171 1784 Adamo
1207 1746 1248 1784 in
1292 1747 1407 1786 libris
1450 1747 1573 1786 sacris

91 1811 298 1858 putantur.
358 1804 432 1842 [llo
465 1799 614 1856 qu‘ippe
635 1835 646 1852 ‚
687 1803 865 1854 Virginis
908 1804 1197 1853 Annuntiatio,
1238 1809 1278 1841 et
1308 1818 1357 1842 ex
1387 1804 1478 1854 illa,
1509 1818 1574 1842 ca-

92 1862 262 1901 stissima
302 1861 499 1900 Nativitas
535 1861 644 1899 sacta
676 1866 746 1898 est.
811 1861 950 1899 Annus
980 1867 1112 1899 autem
1142 1861 1237 1898 solis
1268 1868 1352 1899 erat
1381 1875 1477 1899 xur.
1507 1861 1575 1900 lu-

91 1933 167 1958 nae
195 1932 237 1958 x.
270 1919 371 1957 feria
412 1931 510 1956 vero
548 1916 843 1967 hebdomadis,
884 1931 934 1955 ac
969 1917 1298 1956 Annuntiationis
1337 1919 1498 1970 quidem
1529 1933 1574 1957 11.

92 1976 322 2015 Nativitatis
352 1981 484 2013 autem
512 1988 569 2015 ιν.
610 1981 731 2026 atque
769 1974 870 2013 adeo
901 1974 1064 2021 divinus
1095 1974 1180 2027 ejus
1209 1975 1443 2026 Baptismus
1473 1989 1575 2014 con-

90 2033 185 2085 tigit
215 2047 320 2071 anno
350 2046 390 2070 v.
419 2045 579 2072 Mnxxx.
612 2045 693 2083 quo
724 2044 852 2069 annus
891 2032 990 2070 solis
1022 2038 1107 2071 erat
1135 2045 1220 2071 xxv.
1260 2032 1377 2071 lunae
1406 2047 1434 2070 1.
1474 2032 1574 2071 feria

91 2089 357 2129 hebdomadis
386 2102 448 2127 111.
505 2089 680 2127 Rursum
715 2102 812 2127 vero
843 2088 1031 2127 salutaris
1066 2089 1177 2126 illius
1215 2089 1351 2127 Passio
1381 2089 1484 2128 sacta
1515 2095 1575 2128 est

94 2162 198 2187 anno
226 2161 266 2187 v.
296 2158 509 2185 Mnxxxm.
542 2159 622 2197 quo
653 2158 780 2184 annus
811 2145 908 2184 solis
938 2146 1016 2184 suit
1043 2159 1082 2185 v.
1112 2146 1231 2184 lunae
1261 2159 1348 2185 x1v.

207 2259 420 2298 Enimvero
458 2257 638 2296 breviter
669 2256 945 2295 demonstrato
976 2271 1014 2296 v.
1042 2271 1131 2296 mm.
1174 2271 1279 2296 anno
1318 2256 1367 2295 ab
1405 2256 1570 2305 Adamo,

96 2332 176 2372 quo
219 2315 367 2355 Christi
407 2314 630 2353 secundum
670 2327 832 2352 carnem
872 2314 1024 2352 Natalis
1069 2314 1256 2365 contigit,
1303 2310 1572 2352 annorumxet

95 2375 290 2425 mensium
322 2371 565 2411 differentias
595 2377 768 2422 praestat
807 2371 929 2409 modo
960 2370 1132 2410 subdere
1151 2399 1161 2417 ,
1210 2370 1321 2423 quod
1350 2384 1400 2409 ex
1430 2384 1571 2410 eorum

94 2431 345 2484 ignoratione
384 2429 580 2480 plurimos
618 2441 752 2466 errare
794 2428 1013 2478 contingat.
1091 2429 1220 2466 Pauca
1259 2433 1393 2467 autem
1438 2428 1569 2466 dicam

95 2490 293 2529 duntaxat
325 2487 376 2526 de
403 2484 688 2538 insignioribus
717 2485 881 2524 illorum
917 2483 1233 2534 discriminibus,
1272 2498 1375 2536 quae
1407 2485 1569 2536 quidem

189 2665 292 2690 verus
316 2654 374 2689 ille
394 2653 639 2695 antiochenus,
662 2653 761 2689 cuius
783 2653 951 2699 reliquias
973 2653 1105 2700 aliquot
1127 2652 1218 2687 inter
1240 2651 1500 2687 commentarios
1523 2651 1570 2686 ad

187 2701 367 2736 Danielem
390 2701 553 2746 legimus,
588 2700 663 2735 sive
687 2700 774 2735 alius
798 2700 946 2746 quilibet
969 2705 1006 2734 et
1028 2704 1081 2734 tot
1105 2699 1268 2742 Severis,
1303 2709 1446 2744 quorum
1468 2698 1569 2732 varia

191 2747 323 2792 scripta
339 2758 360 2781 a
376 2746 628 2792 bibliographis
645 2751 958 2781 commemorantur.
983 2746 1089 2780 Certe
1103 2757 1220 2780 verum
1235 2750 1409 2779 auctorem
1431 2743 1567 2778 illorum

191 2794 481 2838 fragmentorum,
514 2793 666 2827 Eusebio
700 2804 883 2839 perperam
918 2793 1186 2834 adtributorum‚
1222 2802 1310 2825 nunc
1341 2791 1493 2833 demum,
1527 2795 1568 2824 ut

184 2840 356 2877 arbitror,
380 2839 648 2884 deprehendisse
665 2850 733 2873 non
756 2839 876 2874 inutile
900 2843 964 2873 est.
1012 2840 1129 2874 Mnus
1146 2839 1270 2873 Novae
1288 2836 1433 2873 Collect.
1452 2835 1567 2872 Vatic-

191 2885 259 2920 vol.
275 2886 303 2918 I.
328 2896 362 2930 p.
381 2886 463 2921 222.
570 2896 575 2901 ·

162 2948 356 2983 chronicon
376 2948 547 2982 Paschale
574 2948 644 2983 vol.
667 2948 717 2985 ΙΙ.
1262 2943 1289 2982 8
