1820 3276
476 201 535 245 IN
569 202 898 246 CHRONICON
930 201 1219 246 PASCHALE.
1484 200 1583 249 437

113 325 156 351 ne
180 311 420 351 Provi’nczales
448 315 567 351 tenues
592 312 747 351 homines
772 311 981 363 dffensioms
1002 314 1123 364 impia
1144 313 1196 351 ad
1213 311 1419 364 requirenda
1438 312 1585 353 audito-

112 371 172 407 ria
204 373 408 420 sumptuosa
443 371 562 408 venire
599 383 665 419 cog
643 373 829 418 verentur,
859 375 904 407 ut
928 369 1111 420 loquitur
1135 369 1240 408 idem
1270 369 1583 410 Valentinianus.

113 424 214 464 Vide
245 425 377 477 Cujac.
407 425 478 465 lib.
501 439 586 464 xm.
617 424 756 463 Obser.
786 439 825 465 11.
885 426 1023 464 caeter
1026 440 1091 465 um
1111 425 1352 465 Theudorici
1373 426 1582 480 justitiam,

113 487 152 520 et
179 481 220 520 in
249 482 506 532 gubernanda
535 481 753 533 Republica
782 480 1033 533 disciplinam
1056 488 1096 521 et
1114 483 1362 522 severitatem
1382 497 1583 523 commen-

112 537 182 576 dat
206 552 310 606 prae
335 539 500 577 caeteris
520 538 744 590 Procopius
763 537 831 576 lib.
852 553 879 579 1.
902 537 1038 578 Gotth.
1063 553 1150 591 cap.
1169 554 1194 579 1.
1215 541 1331 590 cujus
1346 539 1447 579 haec
1466 546 1581 580 sunt:

110 591 387 647 Δικαιοσύνης
412 610 455 636 τε
485 610 707 649 υπερφυως
732 591 1024 647 ἕπεμελήσατο,
1053 595 1122 636 καὶ
1152 594 1248 645 τούς
1276 592 1430 650 νόμους
1455 597 1499 639 ἐν
1522 600 1582 654 τῷ

109 652 262 705 βεβαίῳ
283 648 522 692 διεσωσατο·
551 651 622 691 sed
639 657 678 690 et
697 651 839 703 Anony
841 665 928 690 mus
949 651 1194 692 valesianus.

226 710 318 759 Pag
348 708 447 751 605.
477 711 516 750 3.
574 713 727 759 Λψασα
753 705 933 762 κηρους]
965 709 1063 747 Cum
1093 709 1216 748 cereis
1246 709 1369 759 igitur
1402 708 1579 749 accensis

108 762 403 803 Theodericum
426 764 614 803 convenit
632 765 816 804 Senatrix
837 765 907 803 illa
922 796 933 812 ‚
963 778 1044 816 quo
1074 765 1310 817 ampliorem
1337 765 1432 817 Regi
1451 764 1581 805 hono-

107 833 191 859 rem
214 820 434 861 exhiberet.
491 821 695 874 Ejusmodi
714 827 844 861 autem
867 821 1001 869 cereis,
1032 823 1096 861 vel
1116 822 1232 862 etiam
1255 821 1379 861 taedis
1403 824 1580 862 accensis

106 878 296 930 praelatis
325 877 568 930 processisse
593 878 858 931 Imperatores
887 884 1056 917 testatur
1086 880 1127 917 in
1151 879 1289 930 primis
1321 878 1578 918 Herodianus

106 947 193 986 pag.
216 937 282 976 26.
301 934 369 976 34.
390 933 457 976 44.
477 935 543 976 84.
566 933 656 977 145.
679 941 721 973 et
743 935 833 977 153.
851 934 944 973 edit.
963 933 1124 974 Henrici
1144 935 1281 988 Steph.
1301 949 1578 975 an.M1)1.xxx1.

107 1004 209 1041 quos
235 991 393 1041 quidem
423 1004 562 1029 cereos
592 989 714 1044 πυρὸς
744 992 939 1030 duntaxat
961 992 1121 1031 nomine
1146 991 1295 1041 donat,
1327 992 1440 1043 quod
1468 999 1578 1031 recte

105 1046 263 1099 Lipsius
295 1047 337 1086 in
369 1047 579 1087 Excursib.
607 1047 658 1086 ad
689 1048 870 1087 Tacitum
903 1048 954 1086 ad
984 1062 1122 1087 cereos
1150 1055 1190 1087 et
1220 1048 1356 1088 taedas
1372 1047 1578 1089 traduxit:

105 1104 308 1154 quomodo
342 1104 566 1143 Gallienum
599 1106 690 1143 inter
719 1109 861 1155 togatos
885 1105 1012 1144 Patres
1029 1109 1063 1143 et
1082 1106 1292 1156 Equestrem
1311 1106 1491 1155 ordinem,
1521 1107 1580 1144 al-

103 1161 204 1198 batos·
223 1162 371 1210 milites,
406 1165 440 1199 et
462 1164 556 1199 omni
567 1162 699 1213 populo
717 1165 932 1213 praeeunte,
959 1164 1068 1200 servis
1086 1164 1193 1201 etiam
1206 1175 1315 1214 prope
1333 1164 1484 1200 omnium
1498 1193 1510 1212 ,
1544 1167 1579 1200 et

102 1217 327 1266 mulieribus,
356 1231 433 1256 cum
462 1220 569 1256 cereis
596 1222 630 1255 et
652 1218 801 1269 facibus
827 1222 860 1256 et
885 1218 1110 1270 lampadibus
1124 1219 1414 1269 praecedentibus
1434 1219 1579 1270 Capito-

102 1273 189 1312 lium
212 1276 358 1325 petiisse
387 1274 527 1313 scribit
558 1274 779 1312 Trebellius
807 1274 948 1314 Pollio.
1015 1275 1097 1314 Has
1124 1272 1335 1326 λαμπάδας
1365 1272 1577 1327 βασιλικάς

101 1337 223 1369 vocat
240 1331 426 1383 Scriptor
441 1331 482 1369 in
502 1331 682 1380 Julianu,
712 1331 783 1369 ubi
803 1330 851 1370 de
871 1330 955 1383 ejus
975 1344 1085 1371 nece.
1146 1331 1250 1370 Hinc
1267 1332 1309 1370 in
1328 1331 1475 1369 Notitia
1496 1331 1575 1370 Im-

99 1387 202 1438 perii
231 1387 398 1425 summis
427 1387 689 1438 Dignitatibus
717 1400 853 1426 cereos
874 1387 978 1426 inter
1001 1401 1136 1427 earum
1157 1388 1324 1440 insignia
1346 1387 1487 1427 referri
1507 1388 1577 1426 ad-

98 1443 316 1492 vertimus,
347 1444 455 1496 quod
482 1457 572 1483 cum
593 1445 642 1483 iis
665 1444 706 1482 in
731 1443 953 1483 Provinciis
974 1444 1237 1496 procederent
1267 1451 1307 1484 et
1334 1444 1576 1496 exciperen-

99 1506 189 1539 tur:
221 1500 269 1538 de
297 1513 376 1551 quo
409 1513 519 1539 more
548 1501 698 1552 egimus
720 1501 762 1539 in
782 1506 958 1553 utroque
978 1501 1203 1551 Glossario,
1235 1501 1302 1540 ubi
1331 1500 1381 1538 de
1402 1501 1574 1552 Lampa-

100 1557 221 1596 dariis
242 1563 280 1596 et
302 1557 536 1596 Dibambulo
558 1560 719 1608 egimus.
780 1559 920 1596 Petrus
947 1557 1137 1597 Siculus·
1126 1572 1166 1596 111
1187 1558 1289 1598 Hist.
1317 1556 1575 1595 Manichaeo-

96 1627 209 1653 r·um
246 1613 440 1681 Ασμένως
467 1630 578 1668 παρα
600 1630 681 1654 των
709 1614 751 1655 ἐν
771 1610 877 1681 αυτῇ
905 1610 1079 1670 (κωμῃ)
1108 1629 1408 1656 κατοικουντων
1429 1609 1574 1654 cinctis-

98 1675 202 1722 χθη·
236 1686 381 1718 παντες
402 1669 479 1725 γοὶρ
501 1667 713 1724 λαμπαόας
729 1666 960 1718 αναψαντες
979 1671 1024 1711 ἐν
1047 1668 1197 1725 μεγάλῃ
1216 1674 1314 1728 τιμῇ
1331 1666 1451 1711 αὐτὸν
1471 1669 1573 1712 ’ὕπο-

98 1726 291 1779 δέχονται.
350 1727 449 1766 Vide
477 1735 681 1780 praeterea
714 1727 793 1766 hoc
822 1727 1048 1766 Chronicon
1077 1727 1289 1777 Paschale,
1322 1726 1396 1765 sub
1424 1740 1572 1766 annum

99 1782 191 1822 Chr.
213 1797 380 1822 cccxxx.
404 1798 522 1825 cnxv.
547 1790 585 1823 et
607 1797 753 1823 annum
774 1797 839 1824 vn.
864 1784 1005 1834 Focae,
1035 1783 1321 1836 Theophanem
1345 1797 1435 1823 ann.
1459 1797 1572 1823 xvm.

97 1840 290 1890 Henaclii‚
339 1841 565 1879 Passionem
603 1842 643 1880 S.
675 1841 811 1879 savini
838 1840 1026 1892 Episcopi
1055 1847 1094 1880 et
1124 1841 1314 1893 Martyris
1346 1853 1386 1879 n.
1420 1853 1458 1878 v.
1493 1847 1567 1879 etc.
1593 1849 1625 1883 V
1651 1851 1722 1887 522

97 1899 228 1949 Atque
246 1896 338 1935 inde
359 1898 469 1949 origo
491 1911 698 1937 cereorum
722 1898 761 1935 in
782 1897 970 1936 Ecclesiis
991 1896 1308 1937 Christianorum
1329 1897 1512 1949 petenda.

212 1956 305 2004 Pag.
338 1955 433 1997 605.
464 1958 503 1998 9.
562 1954 643 1995 Καὶ
672 1954 835 2006 ἐποίησε
862 1949 1067 2005 διάταξιν,
1096 1954 1192 2007 etc.]
1225 1954 1313 1993 Hoc
1347 1960 1405 1992 est
1432 1954 1572 2006 prius-

95 2023 213 2061 quam
239 2011 359 2048 Roma
384 2011 618 2061 excederet,
649 2017 689 2049 et
710 2011 939 2050 Ravennam
967 2024 1010 2050 se
1032 2011 1254 2061 conferret,
1281 2010 1350 2050 ubi
1375 2010 1481 2049 vitae
1504 2023 1570 2049 re-

93 2066 248 2117 liquum
279 2067 422 2118 exegit.
480 2068 554 2106 Eas
579 2069 699 2118 Leges
720 2067 992 2120 promulgavit
1016 2068 1145 2107 Edicti
1169 2068 1312 2118 titulo,
1345 2080 1447 2118 quae
1479 2066 1570 2106 edi-

93 2128 159 2162 tae
188 2122 387 2162 habentur
414 2125 454 2162 in
484 2125 583 2165 Cod.
619 2125 766 2176 Legum
798 2125 1078 2176 antiquarum,
1106 2131 1253 2163 etcum
1276 2122 1480 2162 senatoris
1499 2136 1570 2162 seu

95 2179 327 2218 cassiodori
353 2181 565 2232 Epistolis:
607 2195 697 2219 nam
729 2181 826 2219 aliae
853 2187 943 2219 sunt
979 2181 1100 2229 Leges
1126 2179 1489 2229 Theodoricianae‚
1521 2179 1570 2218 de

95 2236 241 2287 quibus
267 2237 417 2275 savaro
442 2244 481 2276 et
501 2237 736 2276 Sirmondus
760 2237 809 2275 ad
827 2237 896 2275 lib.
918 2251 957 2275 11.
988 2236 1139 2276 Sidonii
1162 2237 1285 2288 Epist.
1308 2251 1348 2275 11.
1406 2235 1568 2275 Falsum

94 2305 188 2344 ergo
211 2294 321 2344 quod
341 2295 396 2331 ait
414 2293 631 2346 Procopius
644 2324 653 2342 ,
685 2294 816 2331 nullas
833 2292 1006 2331 edidisse
1028 2293 1150 2344 Leges
1170 2292 1479 2333 Theodericum.

211 2352 305 2400 Pag
336 2351 430 2393 605
464 2353 527 2392 10.
589 2346 846 2402 Ράβαινναν]
877 2348 1060 2400 Sigonius
1084 2349 1133 2390 de
1152 2349 1251 2403 Imp.
1269 2349 1407 2389 Occid.
1428 2348 1498 2388 lib.
1515 2362 1569 2387 w.

94 2406 253 2445 Rubeus
274 2404 414 2449 lib.111.
437 2407 773 2446 Ilist.Ravennat.

208 2462 305 2504 Ibid.
365 2460 491 2504 Πόλιν
514 2458 877 2534 παραθαλάσσιον]
907 2461 1090 2501 Zosimus
1111 2460 1183 2499 lib.
1203 2474 1243 2502 v.
1277 2461 1326 2500 de
1352 2462 1564 2500 Ravenna:

97 2515 210 2571 Ρήνη
235 2523 451 2572 κληθεῖσα,
482 2517 548 2560 dte?
574 2517 619 2561 τὰ
635 2515 890 2571 πανταχόθεν
921 2515 1040 2558 ὕδατι
1068 2518 1360 2587 περιῤῥεῖσθαι.
1418 2518 1565 2556 Contra

99 2575 320 2628 Procopius
343 2577 412 2616 lib.
431 2592 460 2616 1.
486 2576 664 2615 Gouhic.
691 2590 778 2628 cap.
801 2590 825 2614 1.
857 2574 1040 2628 Ραβέννα
1055 2590 1131 2628 γαρ
1156 2570 1259 2627 αὕτη
1281 2574 1325 2615 ἐν
1343 2575 1469 2644 πεδίῳ
1495 2571 1569 2626 μὲν

95 2634 220 2671 κεῖται
251 2632 406 2687 νηπίῳ,
436 2635 553 2674 δυοῖ1
585 2635 766 2675 σταδίοιν
799 2630 1049 2687 διειργομένη
1080 2631 1230 2694 μέτρῳ,
1259 2628 1304 2672 τὸ
1338 2647 1393 2684 μη
1426 2630 1569 2672 ἐπιθα-

97 2683 258 2736 iniectos
273 2675 389 2730 εἶναι.
449 2690 524 2728 Sed
550 2697 670 2729 notus
694 2691 906 2728 Ravennae
928 2688 1026 2727 situs
1049 2685 1281 2725 hodiernus.

208 2743 247 2783 P
244 2758 306 2795 ag
335 2747 430 2790 605
465 2742 884 2799 12.Αττα1άριχος]
913 2746 975 2784 Ex
996 2742 1304 2783 Amalasuentha
1324 2741 1405 2780 filia
1425 2741 1567 2781 Theo-

98 2798 226 2839 dorici
246 2815 384 2854 nepos.
443 2803 612 2856 Procop.
634 2803 723 2842 eod.
745 2803 813 2841 lib.
838 2815 926 2855 cap.
940 2815 993 2841 iv.
1014 2799 1204 2840 Jornand.
1226 2813 1315 2853 cap.
1334 2811 1417 2839 mx.
1435 2805 1510 2839 etc.

216 2859 307 2907 Pag
337 2859 533 2903 605.1.4
593 2861 799 2914 Λογγῖνον
817 2858 888 2902 καὶ
905 2857 1080 2911 Δεκίου]
1109 2856 1388 2909 Marcellinus,
1405 2855 1571 2908 Ltmgino
