1820 3276
421 198 479 242 IN
514 196 844 243 CHRONICON
875 197 1164 242 PASCHALE.
1445 192 1546 242 457

77 323 176 359 nus,
204 321 255 348 ex
285 304 395 348 illius
423 309 604 362 corporis
636 316 677 349 et
702 309 844 349 vultus
875 309 1167 374 descriptione,
1199 312 1318 360 quam
1335 307 1547 372 proferunt

79 367 280 405 Cedrenus
300 372 340 405 et
359 367 530 418 Symeon
554 366 796 417 Logotheta,
826 380 907 404 non
935 366 1195 433 percipimus.
1251 365 1475 418 Procopius
1503 364 1546 402 in

77 422 180 462 Hist.
201 423 358 461 Arcana
380 427 467 492 ca'p.
487 436 578 462 vm.
603 423 652 461 de
670 422 911 462 Justiniano:
943 418 1121 470 Ηλὶθιός
1145 437 1187 462 τε
1217 419 1294 489 γοῖρ
1326 420 1549 474 ὖπερφυως

77 473 157 531 ἦν,
186 478 255 519 καὶ
274 477 431 520 νωθεῖ’
421 477 498 535 όνῳ
518 477 696 532 ἐμφερὴς
713 476 903 532 μάλιστα,
933 496 1002 519 και
1034 474 1120 526 οἷος
1144 481 1201 534 τῷ
1220 494 1292 518 τον
1309 476 1467 530 χαλινὸν
1488 477 1546 518 ἕλ-

77 551 190 576 κοντι
229 534 421 586 menam,
453 521 578 589 συχνὰ
617 536 659 577 οἵ
693 534 908 588 σειομὲνων
941 538 1022 576 τῶν
1049 551 1172 575 ωτων.
1230 535 1379 573 Notum
1407 535 1547 573 Asinos

76 598 285 644 praeterea
306 599 473 631 vocatos
495 594 602 631 viros
617 593 762 631 salaces
783 599 822 631 et
839 592 940 631 bene
956 598 1140 641 vasatos,
1166 591 1215 630 de
1236 591 1379 642 quibus
1403 592 1550 630 Casan-

78 649 208 687 bonus
225 648 276 686 ad
294 650 605 702 Lampridium
591 664 635 688 in
654 650 893 688 Commodo:
924 650 997 697 sed
1015 655 1052 688 et
1071 649 1182 687 istud
1202 648 1327 686 Persii
1345 649 1395 687 de
1416 649 1549 687 Nero-
1572 649 1604 685 V
1625 649 1695 686 535

78 719 150 745 ne:
178 706 373 744 Auriculas
396 710 494 745 asini
511 706 625 745 Mida
646 707 729 745 Rex
746 708 862 745 habea
920 705 996 744 Ubi
1015 705 1273 744 scholiastes:
1307 705 1398 744 Tria
1420 719 1553 756 genera

77 775 292 800 sannarum.-
320 767 387 801 aut
407 777 517 802 mauu
538 765 743 816 significare
763 765 955 811 ciconiam,
984 767 1049 801 aut
1073 764 1227 814 opposito
1247 763 1458 814 temporibus
1470 763 1551 815 pol-

79 820 146 858 lice
164 820 351 858 auriculas
369 823 556 870 am'ninas,
586 825 651 858 aut
670 822 836 871 linguam
851 822 1005 858 sitientis
1024 833 1136 858 canas.

194 876 288 926 Pag·
319 878 414 919 624.
445 878 483 920 5
539 878 722 931 Τπατίῳ]
759 879 825 932 Τῷ
856 873 1018 931 ανεψιῷ
1045 892 1117 916 του
1148 873 1349 941 Βασιλέως
1364 878 1551 915 Αναστα-

79 931 192 982 σίου,
228 938 274 970 ut
309 939 369 971 est
397 933 505 985 apud
534 934 729 986 Cyrillum
759 918 1135 986 Scythopolitanum
1163 933 1206 970 in
1237 932 1325 971 Vita
1359 933 1399 971 S.
1425 932 1551 970 Sabae

80 1002 168 1040 cap.
198 1003 283 1028 va.
342 989 382 1028 Is
413 1004 538 1042 porro
567 997 607 1030 et
631 991 865 1042 Pompeius,
897 1003 987 1029 cum
1020 991 1186 1028 caeteris
1216 988 1475 1037 Proceribus‚
1506 994 1552 1027 ut

79 1045 373 1098 quamprimum
419 1060 460 1085 se
499 1047 662 1086 domum
698 1048 895 1085 referrent
930 1047 1032 1100 jussi
1071 1047 1231 1085 fuerant
1268 1061 1288 1084 a
1319 1045 1552 1095 Justiniano,

80 1101 188 1151 sive,
225 1102 359 1155 inquit
390 1104 629 1156 Procopius,
666 1104 715 1142 ab
741 1104 824 1142 illis
853 1105 958 1142 vitae
986 1104 1146 1143 timeret
1173 1116 1288 1152 suae,
1329 1104 1412 1142 sive
1443 1103 1552 1154 ipsos

80 1171 128 1198 eo
158 1159 376 1198 deduceret
406 1161 545 1199 satum.
604 1161 652 1199 Id
683 1161 821 1212 quinto
860 1161 1064 1199 seditionis
1102 1160 1166 1198 die
1197 1166 1356 1210 actum,
1393 1166 1553 1212 postero

80 1229 182 1254 vcro
219 1216 440 1269 Hypatium
478 1217 767 1270 Imperatorem
804 1218 1065 1256 acclamatum
1094 1217 1236 1256 scribit
1266 1217 1372 1255 idem
1402 1217 1556 1255 Proco-

78 1286 182 1325 pius.

195 1329 292 1380 Pag-
323 1329 420 1373 624.
452 1333 490 1373 8.
548 1327 779 1385 Ανοῖγοντες
809 1327 932 1372 αὐτόν
963 1331 1020 1379 εἰς
1048 1327 1187 1383 ὕψος]
1218 1330 1263 1368 Id
1300 1337 1382 1378 est,
1413 1331 1557 1368 elevan-

82 1391 132 1425 tes
163 1389 200 1425 iu
229 1388 406 1438 clypeum,
445 1394 492 1425 ut
524 1388 686 1428 solenne
717 1396 821 1427 erat:
859 1388 916 1427 ita
944 1390 1130 1429 Zonaras.
1189 1387 1294 1426 Hinc
1323 1401 1404 1426 vox
1439 1387 1556 1425 levare

80 1443 230 1496 passim
269 1450 460 1497 usurpata
500 1446 607 1497 apud
648 1445 872 1497 Scriptores
912 1446 1097 1494 Latinos,
1134 1450 1180 1482 ut
1220 1439 1404 1497 ἆναίρειν
1443 1443 1555 1496 apud

83 1501 280 1549 Graecos,
307 1515 382 1554 pro
412 1503 646 1552 inaugurare.
706 1503 806 1542 Vide
836 1509 1053 1553 utrumque
1084 1501 1345 1541 Glossarium.

195 1557 293 1607 Pag·
323 1557 419 1601 624.
451 1563 490 1602 9.
557 1562 640 1600 Τοῦ
664 1560 826 1610 κίονος]
870 1559 1213 1611 Constantinopol.
1255 1557 1400 1597 Christ.
1429 1556 1499 1597 lib.
1526 1571 1556 1595 1.

82 1620 178 1655 sect.
208 1627 323 1652 xxiv.
351 1629 389 1653 n.
419 1628 478 1655 vl.

198 1670 292 1721 Pag·
324 1671 419 1714 624.
452 1675 517 1715 10.
583 1673 784 1713 Παλατίου
813 1675 894 1713 τῶν
925 1671 1264 1724 Πλακιλλιανῶν]
1294 1671 1398 1710 lbid.
1420 1670 1490 1710 lib.
1507 1684 1557 1711 Π.

81 1733 177 1766 sect.
208 1741 248 1766 v.
278 1742 316 1766 n.
349 1741 406 1766 iv.

196 1785 293 1823 Ibid.
351 1785 480 1838 Σίγνα
507 1782 725 1838 Bascama]
756 1785 802 1824 Id
833 1791 904 1836 est,
933 1783 1128 1826 Βασιλικοῖ
1155 1780 1389 1840 παράσημα,
1419 1790 1466 1823 nt
1494 1784 1558 1822 lo-

83 1841 223 1894 quitur
252 1840 439 1892 Agathias
472 1841 541 1883 lib.
573 1857 633 1880 111.
663 1856 752 1895 pag.
782 1846 849 1885 90.
882 1841 977 1880 edit.
1007 1843 1101 1894 Reg.

197 1898 291 1948 Pag·
323 1897 420 1940 624.
451 1902 516 1940 12.
575 1896 836 1951 Μανιὰκιον]
878 1900 936 1938 lta
975 1913 1067 1938 cum
1097 1898 1253 1937 Radere
1291 1897 1559 1951 reposuimus,

83 1969 158 2007 pro
199 1955 407 2007 μανίκιον,
453 1955 502 1994 de
543 1969 621 2008 qua
663 1970 766 1995 voce
805 1956 981 1995 diximus
1010 1957 1054 1994 in
1094 1955 1224 1995 Gloss.
1254 1955 1357 1994 med.
1387 1955 1560 1993 Graecit.

85 2012 207 2060 Quod
235 2025 335 2050 vero
366 2013 548 2064 Scriptor
585 2013 642 2051 ait
669 2021 855 2065 torquem
897 2014 1004 2052 collo
1039 2019 1216 2065 aptatum
1246 2011 1412 2064 Hypani
1443 2027 1464 2049 a
1493 2025 1560 2049 se-

84 2068 264 2111 ditiosis
303 2070 344 2107 in
376 2083 422 2108 eo
456 2083 607 2108 errasse
641 2070 976 2141 deptehenditur,
1009 2085 1101 2109 cum
1131 2070 1250 2108 aliter
1277 2082 1444 2136 prorsus
1474 2082 1561 2106 rem

84 2139 180 2164 nari
183 2132 222 2163 et
250 2126 491 2184 Procopius.
530 2126 611 2167 Καὶ
641 2123 720 2180 (ου
750 2125 825 2182 γάρ
855 2122 909 2178 ἦν
937 2124 1075 2175 αὐτοῖς
1105 2125 1196 2167 οὔτε
1227 2122 1428 2177 διαδημα,
1468 2121 1562 2165 ου’τέ

85 2198 123 2222 τι
154 2180 273 2232 α’λλο,
317 2185 374 2222 ὠν
411 2180 461 2234 δὴ
493 2182 666 2223 Βασιλέα
703 2180 1019 2236 περιβαλλεσθαι
1048 2179 1200 2235 νόμος)
1239 2178 1431 2250 στρεπτόν
1470 2197 1562 2222 τινα

83 2241 261 2291 χρυσοῦν
301 2237 367 2279 ἐπι
402 2241 454 2294 τῇ
491 2243 651 2295 κεφαλῇ
689 2239 879 2292 θέμενοι,
923 2239 1097 2280 Βασιλέα
1139 2240 1333 2292 Ρωμαίων
1373 2234 1558 2279 ἀνεῖπον.

86 2297 137 2335 Et
167 2295 427 2334 Marcellinus
458 2295 618 2334 Comes:
660 2297 756 2334 Dum
786 2297 829 2334 de
850 2297 936 2348 soro
962 2297 1151 2348 Hypatius
1179 2297 1428 2335 sceleratorum
1457 2298 1563 2334 comi-

86 2357 162 2390 tum
191 2354 352 2390 manibus
381 2356 504 2404 torque
531 2353 718 2391 redimitus
746 2367 863 2402 aureo,
892 2357 958 2392 etc.
998 2355 1181 2405 Torques
1199 2354 1322 2404 igitur
1337 2367 1420 2392 non
1440 2354 1560 2403 collo,

88 2408 158 2448 sed
188 2409 311 2461 capiti
342 2409 508 2461 Hypatii
537 2409 749 2461 impositus
779 2415 849 2448 est.
907 2409 953 2448 In
992 2409 1104 2448 hisce
1145 2410 1295 2463 quippe
1337 2411 1563 2449 tumultua-

75 2466 159 2505 ‘riis
199 2466 490 2518 Imperatorum
530 2466 908 2516 acclamationibus,
958 2480 1050 2505 cum
1089 2467 1171 2506 fere
1211 2481 1368 2520 semper
1410 2467 1564 2506 deesset

89 2522 292 2571 diadema,
340 2523 605 2575 praecipuum
645 2525 841 2575 Augustae
877 2522 1080 2574 dignitatis
1123 2524 1296 2575 insigne,
1340 2530 1502 2575 arrepto
1541 2539 1565 2561 a

90 2579 235 2630 quovis
262 2586 433 2630 torque,
471 2580 623 2632 illoque
653 2580 693 2618 in
725 2579 887 2619 modum
917 2580 1152 2619 diadematis
1183 2581 1430 2633 composito,
1469 2580 1566 2619 novi

91 2636 287 2687 Principis
316 2636 436 2687 capiti
463 2637 498 2675 is
530 2637 766 2689 aptabatur,
804 2643 850 2675 ut
885 2635 964 2675 hoc
1000 2637 1092 2675 loco
1131 2637 1226 2675 satis
1263 2638 1419 2676 indicat
1458 2637 1566 2676 Pro-

93 2692 246 2743 copius.
305 2693 363 2730 Ita
402 2693 558 2732 Juliano
599 2695 763 2732 militari
802 2694 978 2732 tumultu
1018 2694 1059 2732 in
1096 2694 1379 2746 Imperatorem
1423 2693 1563 2745 electo,

93 2748 252 2786 Maurus
279 2751 413 2787 nomine
441 2751 586 2801 quidam
622 2753 841 2789 abstractum
879 2753 950 2789 sibi
976 2755 1149 2802 torquem,
1195 2765 1261 2802 quo
1296 2755 1337 2789 ut
1374 2750 1563 2790 Dracona-

92 2807 169 2843 rius
196 2807 383 2853 utebatur,
413 2809 528 2858 capiti
551 2809 697 2846 Juliani
722 2810 892 2860 imposuit
919 2809 1150 2861 confidenter,
1181 2814 1227 2846 ut
1253 2807 1308 2846 ait
1332 2807 1562 2847 Ammianus

93 2861 163 2900 lib.
192 2874 263 2902 xx.
325 2861 446 2911 Quod
476 2863 634 2915 quidem
665 2865 803 2917 ipsum
828 2871 1070 2904 notaverunt
1097 2865 1184 2918 ipse
1211 2864 1408 2917 Julianus,
1447 2864 1562 2903 Liba-
