1820 3276
431 191 490 234 IN
525 190 854 235 CHRONICON
887 188 1175 233 PASCHALE.
1453 184 1554 232 479

200 303 294 352 Pag.
324 300 419 345 695.
453 303 492 343 6.
550 298 732 353 Εκαύθη
767 300 799 354 ἦ
838 298 985 352 Μέση]
1026 298 1205 338 Alterius
1243 295 1442 348 incendii,
1479 297 1554 336 nisi

82 358 186 398 idem
213 358 357 408 fuerit,
386 358 573 410 populari
603 359 798 398 seditione
825 358 866 395 in
896 358 1042 395 Focam
1072 371 1094 394 a
1128 355 1298 394 Prasinis
1329 361 1448 403 mota,
1478 368 1554 393 an-

81 429 135 454 no
164 415 271 454 illius
302 429 374 454 vn.
409 414 590 454 meminit
631 414 884 468 Nicephorus
927 413 1270 465 Constantinopol.
1313 412 1356 450 in
1394 411 1553 450 Brevia-

80 473 168 520 rio,
202 477 241 510 et
270 471 546 524 Theophanes.

193 528 286 567 Ibid.
343 526 437 570 Ano
473 544 556 569 των
583 522 778 577 Λαύσου]
825 526 1172 579 constantinopol.
1214 524 1360 564 Christ.
1397 524 1468 565 lib.
1509 539 1552 564 11.

79 591 173 624 sect.
204 598 242 624 v.
273 599 312 624 n.
343 598 436 624 vm.

192 641 289 692 Pag.
319 642 415 684 695.
442 644 481 683 7.
541 642 637 687 Εως
663 641 736 690 τῆς
764 637 931 693 Αρκας]
965 639 1063 678 lbid.
1097 645 1190 678 sect.
1219 653 1276 677 ix.
1308 653 1348 678 n.
1376 653 1435 680 Χῖ.

193 697 290 748 Pag.
319 699 416 741 695.
451 701 489 741 9.
553 699 643 736 Τῶν
671 693 897 749 Αντιόχου]
927 696 1030 736 Ibid.
1060 703 1157 735 sect.
1182 709 1267 734 xvi.
1297 709 1338 736 n.
1367 709 1406 735 v.

192 754 288 805 Pag.
319 755 416 797 695.
452 757 515 797 10.
578 749 700 803 Τάξιν
727 755 802 794 τοῦ
838 751 1124 807 Πραιτωρίου]
1165 750 1334 803 Μεταξῦ
1368 751 1550 792 emendat

76 810 324 850 Holstenius.

192 868 289 918 Pag.
315 870 414 911 696.
444 870 486 909 2.
544 864 745 919 Κροῦκις]
775 865 894 904 Deest
925 879 1009 904 vox
1040 862 1209 919 ἐσφάγη.
1255 866 1293 904 Is
1323 880 1420 905 vero
1448 865 1550 918 ignis

77 924 277 977 supplicio
317 924 525 962 damnatus
565 928 646 972 est,
695 922 803 974 quod
843 922 884 960 in
923 937 967 961 ea
1007 923 1202 962 seditione
1244 923 1383 962 Veneti
1418 923 1548 962 Focae
1572 927 1694 966 V55o

76 981 279 1030 faverent,
323 980 478 1018 Prasini
515 993 613 1019 vero
651 979 980 1030 adversarentur,
1021 986 1070 1019 ut
1110 986 1171 1020 est
1207 980 1316 1032 apud
1343 979 1550 1033 Nicepho-

75 1051 166 1077 rum
195 1044 234 1076 et
261 1036 560 1089 Theophanem.

190 1094 287 1145 Pag.
318 1097 414 1137 696.
445 1092 484 1134 4.
543 1090 663 1133 Μετοῖ
704 1096 775 1132 Τπ.
817 1095 942 1133 Φωκᾶ
981 1089 1084 1147 Αὖγ.
1161 1093 1205 1131 In
1251 1091 1362 1132 hunc
1400 1107 1549 1133 annum

75 1150 226 1190 Christi
258 1164 368 1189 ncxv.
398 1150 657 1188 Consulatum
690 1150 720 1187 F
723 1163 819 1188 ocae
847 1149 1033 1202 rejiciunt
1062 1150 1168 1188 Fasti
1199 1150 1404 1199 vomani,
1445 1152 1547 1189 Pan-

73 1208 208 1247 vinius
249 1214 289 1247 et
328 1207 485 1259 Pagius.
544 1207 654 1245 Diem
692 1220 906 1258 processus
945 1207 1073 1245 Focae
1111 1212 1224 1245 notat
1263 1206 1546 1260 Theophanes,

74 1271 114 1304 et
142 1279 191 1304 ex
220 1278 268 1304 eo
299 1264 496 1315 Georgius
525 1262 771 1313 Monachus,
813 1264 1017 1303 Cedrenus
1046 1270 1086 1302 et
1124 1265 1296 1315 Symeon
1325 1263 1547 1316 Logotheta

72 1321 125 1360 ad
156 1335 304 1360 annum
332 1334 377 1360 11.
405 1317 533 1375 τούτῳ
562 1323 617 1376 τῷ
647 1319 722 1360 ἔτει
751 1319 849 1372 μηνὶ
878 1321 1110 1376 Δεκεμβρίῳ
1142 1316 1184 1368 ζ.
1216 1321 1296 1360 Ινδ.
1327 1317 1370 1369 ζ’.
1399 1325 1547 1374 προῆλ-

71 1383 150 1419 θεν
190 1379 271 1426 (sic
298 1378 374 1428 leg.
403 1391 480 1447 pm
508 1362 774 1431 προσῆλθεν)
817 1379 965 1425 Φωκᾶς
1002 1377 1046 1418 ἐν
1083 1381 1170 1425 ταῖς
1198 1376 1379 1431 ἑορταῖς,
1420 1379 1548 1432 ῥίψας

70 1434 268 1476 νπατείαν
295 1432 471 1486 πολλὴν,
503 1448 583 1473 non
619 1434 832 1473 observato
863 1434 1015 1472 scilicet
1042 1434 1173 1472 veteri
1202 1434 1420 1473 Consulum
1453 1449 1547 1474 mo-

70 1505 136 1538 re,
178 1505 268 1544 quos
286 1491 374 1529 Kal.
404 1491 564 1532 Januar.
595 1497 642 1529 ut
672 1491 891 1543 plurimum
930 1490 1149 1543 procedere
1186 1491 1391 1541 solebant,
1433 1492 1547 1544 quod

72 1549 190 1588 etiam
223 1548 478 1587 observatum
509 1562 530 1586 a
557 1548 714 1587 Justino
743 1547 927 1596 Juniore,
958 1553 1005 1586 ut
1029 1553 1200 1586 testatur
1229 1548 1443 1601 Corippus.
1492 1549 1546 1588 Ut

70 1619 194 1659 porro
231 1604 449 1644 Mauricius
489 1604 562 1644 sub
601 1604 807 1657 hyemem,
859 1604 1194 1657 quemadmodum
1232 1605 1372 1644 scribit
1413 1605 1545 1644 Simo·-

72 1669 202 1712 catta,
242 1675 312 1701 seu
340 1676 411 1701 xx.
442 1662 587 1701 mensis
621 1661 866 1711 Decembris,
904 1667 951 1700 ut
980 1661 1243 1714 Theophanes
1273 1669 1311 1701 et
1342 1661 1545 1701 cedrenus

69 1719 262 1769 tradunt,
302 1719 360 1757 ita
399 1719 526 1757 Focas
565 1718 702 1758 eodem
736 1732 870 1757 mense
907 1718 1135 1768 Decembri,
1175 1733 1280 1757 anno
1309 1719 1470 1771 Imperii
1497 1734 1545 1760 11.

71 1776 222 1816 Christi
261 1776 419 1827 vulgari
455 1789 567 1815 ncm.
609 1776 868 1814 Consulatum
906 1781 992 1814 tum
1031 1776 1207 1828 primum
1245 1776 1355 1814 iniit:
1403 1789 1424 1813 a
1463 1790 1544 1828 quo

71 1833 234 1886 quidem
270 1832 418 1872 caeteri
447 1833 636 1886 deinceps
668 1833 907 1871 Consulatus
937 1846 1007 1871 seu
1035 1833 1363 1872 Postconsulatus
1392 1839 1544 1885 putan-

69 1896 140 1930 tur
174 1891 215 1928 in
253 1888 334 1928 hoc
372 1888 596 1938 Chronico,
633 1889 790 1929 tametsi
827 1902 967 1929 revera
1005 1889 1160 1941 primus
1196 1890 1274 1929 iste
1304 1890 1544 1929 Consulatus

71 1953 185 1986 actus
229 1961 332 1986 anno
374 1945 534 1986 demum
573 1960 683 1987 Dc1v.
725 1946 807 1985 dici
845 1945 1010 1997 debeat,
1046 1946 1144 1986 lieet
1181 1946 1395 1999 incoeptus
1436 1961 1543 1987 anno

69 2003 327 2057 praecedenti
367 2003 442 2041 sub
482 2017 658 2042 mensem
696 2003 968 2043 Decembrem.
1025 2002 1240 2056 Imperium
1271 2004 1375 2043 enim
1405 2004 1543 2056 auspi-

70 2067 184 2100 catus
223 2067 284 2100 est
315 2074 436 2100 xxm.
473 2060 713 2100 Novembris
754 2061 841 2100 Ind.
869 2074 927 2101 V1.
970 2072 1050 2111 quo
1083 2066 1144 2099 est
1172 2074 1319 2100 corona
1354 2060 1542 2101 donatus.

69 2117 240 2167 Verum,
284 2123 330 2156 ut
363 2117 446 2170 jam
481 2131 601 2170 supra
640 2118 864 2169 attigimus,
906 2130 1034 2156 annus
1063 2130 1144 2169 quo
1174 2116 1371 2170 processit
1399 2117 1540 2168 Focas,

7 2198 10 2201 ι
66 2173 162 2214 licet
201 2173 276 2213 sub
317 2174 402 2227 ejus
438 2174 613 2224 exitum,
647 2181 758 2213 totus
794 2173 904 2212 illius
933 2173 1168 2212 Consulatui
1206 2173 1435 2226 adscriptus
1466 2179 1540 2214 est.

67 2231 125 2270 De
154 2230 220 2270 die
249 2245 350 2270 vero
378 2230 466 2269 initi
497 2245 544 2269 ac
574 2232 709 2284 coepti
739 2231 979 2269 Consulatus
1009 2229 1176 2268 dubium
1208 2244 1288 2270 non
1319 2230 1442 2270 modo
1471 2231 1541 2269 in-

66 2287 213 2341 jiciunt
242 2287 364 2326 verba
392 2287 674 2340 Theophanis,
705 2288 773 2340 qui
802 2287 847 2328 ἐν
874 2291 965 2336 ταῖς
990 2286 1150 2352 ἑορταῖς
1170 2287 1213 2326 id
1242 2293 1375 2326 actum
1399 2287 1537 2336 refert,

0 2350 1 2393 ξ
69 2344 141 2383 sed
180 2351 218 2383 et
260 2344 371 2396 quod
410 2345 451 2382 in
491 2344 676 2383 omnibus
717 2344 803 2383 aliis
831 2344 1048 2412 Scriptoris
1087 2344 1202 2383 istius
1230 2345 1539 2410 exemplaribus,

0 2401 1 2411 ¹
68 2401 131 2440 uti
160 2407 296 2440 monet
327 2401 506 2449 Gnarus,
544 2401 659 2440 litera
688 2401 901 2440 numeralis
931 2396 981 2449 ζ’.
1007 2401 1216 2440 Decembri
1244 2402 1370 2441 mensi
1400 2401 1539 2440 addita

70 2458 339 2504 desideratur,
377 2458 535 2497 tametsi
573 2457 770 2497 habeatur
804 2458 846 2496 in
875 2456 1074 2497 Chronico
1103 2458 1186 2499 MS.
1216 2459 1423 2511 Symeonis
1451 2459 1539 2495 Lo-

69 2514 266 2566 guthemae,
296 2515 363 2566 qui
392 2514 674 2568 Theophanem
702 2515 786 2554 fere
811 2514 855 2555 in
883 2528 930 2553 eo
959 2514 1182 2567 exscripsit.
1238 2516 1291 2555 Et
1320 2521 1426 2554 certe
1456 2514 1535 2552 Ce-

69 2571 230 2621 drenus,
260 2585 340 2609 non
370 2570 527 2624 adjecto
556 2572 674 2612 etiam
704 2585 851 2621 mense,
881 2571 925 2613 ἐν
952 2576 1040 2620 ταῖς
1067 2570 1221 2624 ἑορταῖς
1252 2571 1406 2625 pariter
1432 2583 1536 2622 pro-

70 2628 230 2667 cessisse
260 2627 404 2668 Focam
434 2628 579 2678 tradit,
620 2629 663 2668 id
692 2635 752 2668 est
785 2629 825 2667 in
854 2628 982 2668 Festis
1011 2629 1209 2668 Natalitiis
1226 2657 1238 2679 ‚
1280 2625 1535 2679 quandoqui-

71 2685 165 2724 dem
191 2684 236 2723 id
263 2698 398 2724 mense
430 2685 637 2725 Decembri
662 2685 875 2737 contigisse
894 2691 1032 2725 exerte
1053 2685 1110 2724 ait
1125 2684 1410 2736 Theophanes.
1438 2683 1536 2722 alias

72 2741 176 2781 enim
207 2741 261 2780 ita
290 2742 525 2794 praesertim
553 2742 819 2794 indigitantur
850 2742 1089 2782 festivitates
1116 2740 1337 2780 Paschales.

186 2798 280 2848 Pag-
310 2801 408 2841 696.
435 2801 475 2840 7.
535 2795 746 2870 Θεόδωρος
774 2799 796 2841 ὁ
825 2802 1005 2854 Τπαρχος
1033 2802 1112 2839 τῶι
1144 2796 1423 2850 Πραιτωρίων]
1453 2795 1533 2846 Qui

72 2853 308 2907 Theophani
337 2868 441 2894 anno
469 2869 526 2896 lv.
554 2854 576 2898 ὃ
600 2859 673 2910 τῆς
699 2859 912 2910 Λνατολῆς
943 2858 1126 2909 Ίπαρχος
1153 2853 1314 2893 dicitur.
