1884 3262
300 213 395 260 194
616 211 856 256 SELECTA
885 211 959 253 AD
993 209 1479 254 ILLUSTRATIONEM

947 469 1125 550 XVII

466 620 566 669 EX
611 616 1136 668 TEMPORIBUS
1184 613 1581 674 GALLIENL

372 724 510 773 QUIS,
539 720 790 771 QUANTUM
820 719 1076 759 TEMPORIS
1105 715 1516 757 PRAEFECTURAM
1543 713 1700 754 umus,

775 785 1260 835 Anmmls'raAvEmT,

465 876 526 913 AB
549 876 687 913 ANNO
711 875 907 911 CHRISTI
931 874 1083 910 ccmv.
1107 872 1169 908 AD
1192 871 1374 908 ANNUM
1397 869 1583 907 CCCLIV.

299 1001 394 1047 254.
450 1000 662 1041 Valeriano
687 1000 738 1040 11.
769 1005 808 1039 et
835 998 1028 1038 Gallieno.
1085 997 1288 1036 Lollianus
1317 997 1548 1036 Praefectus
1576 993 1692 1034 Urbi.

300 1057 396 1102 255.
454 1058 663 1097 Valeriano
692 1057 762 1096 ΙΙΙ.
791 1062 832 1095 et
855 1055 1036 1094 Gallieno
1064 1054 1112 1092 Π.
1169 1053 1351 1094 Valerius
1380 1053 1574 1092 Maximus
1602 1051 1646 1090 P.
1681 1048 1727 1091 V.

299 1114 398 1158 256.
454 1114 627 1153 Maximo
658 1120 695 1153 et
725 1111 952 1153 Glabrione.
1009 1109 1216 1149 Nummius
1245 1109 1412 1148 Albinus
1442 1111 1484 1152 P.
1512 1109 1560 1148 V.

299 1172 396 1213 257.
451 1169 661 1210 Valeriano
691 1169 756 1210 lv.
787 1175 826 1208 et
856 1167 1036 1206 Gallieno
1065 1167 1132 1207 ΠΙ.
1189 1166 1318 1204 Julius
1346 1167 1524 1205 Donatus
1552 1165 1594 1204 P.
1617 1162 1664 1204 V.

300 1226 396 1269 258.
453 1227 586 1265 Tusco
617 1232 657 1265 et
684 1226 818 1264 Basso.
878 1223 1086 1263 Cornelius
1111 1222 1331 1262 Saecularis
1360 1223 1402 1261 P.
1431 1222 1479 1263 V.

299 1283 394 1325 259.
450 1282 670 1321 Aemiliano
702 1288 740 1320 et
767 1282 903 1319 Basso.
962 1278 1168 1318 Cornelius
1198 1278 1422 1318 Saecularis
1451 1279 1494 1318 P.
1522 1277 1570 1317 V.

299 1341 397 1381 260.
453 1337 655 1377 Saeculari
682 1337 732 1376 11.
764 1343 803 1375 et
832 1337 1001 1374 Donato.
1058 1334 1266 1372 Cornelius
1294 1334 1516 1373 Saecularis
1546 1334 1587 1375 P.
1617 1332 1666 1373 V.

300 1401 396 1442 261.
454 1395 635 1433 Gallieno
663 1393 727 1432 IV.
758 1398 798 1432 et
828 1391 1058 1431 Volusiano.
1116 1389 1322 1428 Nummius
1350 1389 1517 1433 Albinus
1545 1390 1588 1429 P.
1608 1389 1658 1428 V.
1701 1423 1703 1425 ,

300 1457 399 1497 262.
458 1451 640 1489 Gallieno
670 1449 718 1488 V.
747 1455 786 1488 et
814 1447 1012 1487 Faustino,
1066 1446 1277 1486 Nummius
1309 1445 1476 1485 Albinus
1503 1447 1546 1488 P.
1576 1445 1626 1488 V.

301 1511 396 1555 263.
454 1507 601 1546 Albino
629 1505 678 1545 11.
711 1511 751 1544 et
782 1505 945 1545 Dextro.
1002 1502 1210 1542 Nummius
1239 1501 1408 1542 Albinus
1438 1502 1480 1542 P.
1510 1502 1558 1543 V.

300 1565 396 1609 264.
455 1563 637 1602 Gallieno
667 1562 732 1602 VI.
759 1568 799 1600 et
827 1560 1056 1600 Saturnino.
1113 1560 1307 1599 Paternus
1336 1559 1380 1598 P.
1410 1558 1460 1598 V.

300 1621 398 1666 265.
453 1619 662 1659 Valeriano
695 1617 741 1658 Π.
770 1623 809 1656 et
837 1617 1006 1656 Lucillo.
1063 1616 1261 1658 Paternus,
1288 1615 1332 1655 P.
1361 1614 1410 1655 V.

299 1680 396 1720 266.
456 1676 639 1715 Gallieno
666 1674 753 1714 VII.
785 1680 825 1713 et
852 1673 1057 1712 sabinillo.
1113 1673 1308 1712 Paternus
1338 1671 1379 1711 P.
1407 1670 1458 1710 V.

300 1737 396 1777 267.
453 1734 624 1772 Paterno
654 1737 692 1770 et
719 1730 961 1771 Harcesilao.
1019 1728 1228 1783 Petronius
1257 1726 1500 1768 Volusianus
1528 1727 1572 1766 P.
1600 1726 1648 1766 V.
1780 1774 1781 1777 Ἴ

300 1791 399 1832 268.
446 1790 628 1827 'Paterno
659 1787 709 1827 Π.
739 1793 780 1826 et
806 1787 1037 1827 mariniano.
1094 1785 1307 1825 Petronius
1339 1783 1582 1823 Volusianus
1609 1783 1652 1824 P.
1682 1781 1730 1823 V.

300 1848 398 1888 269.
455 1845 622 1883 Claudio
653 1850 691 1882 et
718 1843 900 1882 Paterno.
956 1842 1116 1881 Flavius
1144 1839 1434 1881 Antiochianus
1467 1840 1513 1880 P.
1542 1840 1589 1880 V.

301 1904 399 1951 270.
454 1899 718 1940 Antiochiano
750 1905 789 1938 et
818 1899 958 1939 Orfito.
1014 1895 1175 1937 Flavius
1207 1895 1498 1938 Antiochianus
1525 1896 1569 1936 P.
1597 1894 1646 1937 V.

302 1960 398 2000 271.
453 1957 667 1997 Aureliano
699 1961 738 1995 et
765 1956 899 1994 Basso.
955 1954 1181 1994 Postumius
1210 1954 1344 1994 Varus
1370 1954 1414 1992 P.
1433 1953 1494 1995 V..
1560 1972 1561 1975 ¹

301 2016 400 2056 272.
459 2013 604 2062 Quieto
637 2018 677 2052 et
704 2011 980 2051 Voldumiano.
1037 2011 1199 2050 Flavius
1228 2009 1516 2052 Antiochianus
1544 2010 1589 2050 P.
1617 2007 1665 2049 V.

302 2072 399 2111 273.
455 2070 592 2108 Tacito
622 2075 663 2108 et
689 2068 926 2107 placidiano.
981 2066 1114 2106 Virius
1145 2066 1297 2106 Orfitus
1327 2067 1371 2106 P.
1396 2066 1446 2108 V.

225 2161 232 2168 ,
300 2124 398 2167 274.
455 2126 667 2165 Aureliano
693 2124 744 2163 11.
777 2130 817 2163 et
845 2123 1080 2175 Capitolino.
1134 2123 1270 2163 Virius
1299 2122 1450 2162 Orfitus
1475 2122 1520 2164 P.
1550 2120 1599 2161 V.

301 2178 398 2222 275.
454 2182 667 2222 Aureliano
694 2180 763 2221 ΠΙ.
801 2185 840 2219 et
867 2180 1110 2219 Marcellino.
1165 2179 1394 2219 Postumius
1420 2177 1609 2230 Syagrius
1637 2176 1681 2217 P.
1708 2175 1758 2217 V.

302 2238 398 2281 276.
456 2239 596 2277 Tacito
624 2237 675 2276 11.
705 2243 743 2275 et
773 2235 1004 2275 Aemiliano.
1061 2235 1229 2276 Ovinius
1257 2236 1490 2275 pacatianus
1518 2235 1560 2275 P.
1592 2233 1638 2274 V.
1719 2235 1721 2237 ’

302 2294 400 2335 277.
459 2295 589 2334 Probo
616 2299 658 2332 et
685 2292 865 2332 Paulino.
923 2292 1092 2332 Ovinius
1122 2292 1356 2333 Pacatianus
1383 2292 1429 2332 P.
1459 2291 1511 2331 V.

302 2349 402 2391 278.
454 2351 585 2391 Probo
613 2349 661 2388 ΙΙ.
691 2355 732 2389 et
759 2349 889 2400 Lupo.
943 2348 1079 2388 Virius
1109 2349 1245 2402 Lupus
1274 2349 1317 2388 P.
1346 2348 1396 2388 V.

302 2406 402 2448 279.
460 2407 590 2446 Probo
616 2405 689 2446 III.
720 2411 760 2444 et
786 2406 968 2445 Paterno.
1023 2405 1156 2446 Virius
1184 2406 1321 2458 Lupus
1349 2405 1392 2445 P.
1420 2402 1468 2444 V.

304 2462 400 2503 280.
455 2463 623 2503 Messala
655 2468 694 2500 et
723 2462 857 2502 Grato.
914 2461 1049 2501 Virius
1075 2463 1212 2514 Lupus
1242 2462 1285 2502 P.
1313 2460 1363 2502 V-

305 2518 400 2558 281.
457 2520 587 2559 Probo
614 2518 683 2558 IV.
713 2524 752 2557 et
778 2517 999 2558 Tiberiano.
1058 2518 1226 2557 Ovinius
1255 2518 1448 2557 Paternus
1476 2515 1522 2556 P.
1549 2513 1598 2553 V.

306 2580 402 2621 282.
457 2575 589 2615 Probo
617 2574 664 2614 V.
694 2580 734 2613 et
761 2574 982 2614 Victorino.
1039 2574 1283 2626 Pomponius
1311 2572 1562 2614 Victorianus
1589 2569 1632 2609 P.
1660 2569 1707 2609 V.

304 2635 400 2676 283.
458 2632 557 2671 Caro
576 2637 628 2670 'et
649 2630 808 2671 carino.
865 2630 1037 2669 Titutius
1066 2631 1273 2669 Roburrus
1301 2631 1345 2670 P.
1373 2630 1421 2670 V.

306 2690 402 2732 284.
460 2689 608 2730 Carino
637 2688 686 2726 II.
721 2694 760 2727 et
787 2687 1039 2726 Numeriano.
1096 2687 1278 2725 Ceionius
1306 2686 1437 2726 Varus
1466 2684 1510 2723 P.
1538 2682 1587 2724 V.

158 2750 190 2782 V
212 2750 281 2787 8⁷6
305 2747 400 2790 285.
458 2745 704 2785 Diocletiano
734 2744 782 2783 Π.
814 2750 855 2783 et
882 2742 1122 2783 Aristobolo.
1181 2742 1365 2782 Ceionius
1393 2742 1522 2781 Varus
1550 2740 1594 2778 P.
1623 2737 1670 2779 V.

303 2804 398 2845 286.
455 2803 627 2842 Maximo
656 2801 708 2840 ΙΙ.
737 2806 776 2839 et
802 2798 1001 2852 Aquilino.
1058 2799 1196 2838 Junius
1225 2799 1420 2838 Maximus
1446 2798 1491 2836 P.
1524 2795 1570 2837 V.

302 2860 396 2902 287.
454 2858 700 2898 Diocletiano
726 2855 800 2897 ΙΙΙ.
828 2862 868 2895 et
893 2855 1144 2895 Maximiano.
1199 2854 1337 2895 Junius
1365 2854 1561 2895 Maximus
1588 2852 1630 2891 P.
1660 2850 1706 2891 V.
