1884 3262
319 204 414 249 108
640 201 883 246 SELECTA
912 202 984 242 AD
1013 201 1505 250 ILLUSTRATIONEM

427 314 541 353 Fiunt
567 326 703 351 omnes
723 313 815 351 anni
838 325 980 351 ccxnv.

428 372 514 410 Post
536 384 642 421 quos,
672 375 849 421 tempora
869 369 949 421 jam
970 368 1078 420 apud
1100 368 1260 406 Graecos
1275 382 1326 407 ex
1344 366 1641 406 constructione
1661 366 1787 419 Olym-

308 428 461 481 piadum
478 432 571 465 sunt
588 427 716 464 clara:
747 439 830 464 nam
850 439 959 477 usque
981 425 1032 464 ad
1049 425 1324 463 Alexandrum
1342 424 1601 463 Macedonem
1624 424 1788 462 fuerunt

169 491 200 525 V
223 491 293 527 336
317 483 579 536 Olympiades
599 496 705 524 cxw.
730 496 821 535 qaae
841 483 996 521 faciunt
1019 496 1145 521 annos
1169 495 1345 521 ccccnvn
1369 483 1414 520 ab
1434 482 1554 532 Iplu'to
1576 483 1640 533 qui
1656 483 1787 519 consti-

313 542 391 581 tuit
408 539 654 591 Olimpiades.

425 597 480 636 Ab
498 596 705 635 Alexandro
724 609 852 648 usque
874 595 923 634 ad
946 595 1147 634 Christum
1169 595 1402 648 Olympiades
1420 607 1544 634 Lxxx.
1561 592 1673 644 quod
1693 598 1788 630 sunt

314 668 408 694 anm
429 667 568 693 cccxx.

428 710 463 749 A
475 711 614 749 Christo
632 712 749 747 autem
766 721 879 761 usque
893 722 1039 746 annum
1062 722 1141 746 xu1
1152 709 1300 760 Imperii
1313 704 1786 757 ALEXANDRIOIym-

315 767 454 821 piades
475 781 591 806 Lvm.
615 766 707 817 quod
727 770 810 804 sunt
828 767 917 803 anni
932 778 1123 803 ccxxxvn

430 826 524 863 Sunt
553 836 636 873 ergo
664 835 779 860 omnes
803 823 1033 874 Olympiades
1059 834 1185 872 usque
1212 834 1347 859 annum
1369 833 1451 858 xm
1468 815 1791 858 ALEXANDRI

319 881 493 921 Caesaris
518 880 751 933 Olympiades
769 893 900 917 ccmn.
924 879 1017 931 quod
1032 883 1115 916 sunt
1132 880 1220 916 anni
1237 891 1344 916 Mxn.

592 935 771 969 Hactenus
801 934 886 968 Cod.
910 939 1010 968 vetus
1036 934 1170 979 Colleg.
1193 933 1270 966 Soc.
1291 933 1372 967 Jesu
1397 931 1510 967 Paris.

573 1027 917 1066 NOMINA
986 1023 1531 1073 CREATURAE.

429 1107 582 1157 Adam,
613 1106 732 1158 Seth,
764 1108 893 1156 Enos,
926 1108 1097 1157 cainan,
1126 1105 1331 1153 Malaleel,
1364 1103 1505 1152 Jared,
1536 1102 1670 1152 Enoc,
1700 1100 1789 1139 Ma·
1845 1106 1848 1109 '

315 1165 509 1214 tusalam,
539 1163 731 1214 Lamech,
771 1165 879 1214 Noe,
919 1164 1034 1213 Sem,
1075 1163 1266 1210 Arfaxat,
1309 1161 1426 1211 Sala,
1464 1159 1622 1207 Heben,
1658 1157 1790 1207 Falec,

318 1223 392 1262 sub
414 1236 494 1274 quo
525 1220 653 1259 divisa
681 1227 742 1259 est
761 1227 891 1269 terra,
924 1221 1076 1269 Ragau,
1108 1221 1253 1269 Seruo,
1285 1218 1442 1269 Nagor,
1473 1216 1626 1264 Thara,
1657 1214 1803 1255 Abra--

317 1279 434 1328 ham,
464 1279 597 1326 Isaac,
627 1277 771 1326 Jacob,
811 1276 935 1325 Juda,
977 1276 1120 1325 Fares,
1160 1277 1326 1323 Esrum,
1370 1275 1510 1322 Aram,
1554 1270 1790 1320 Aminadab‚

317 1337 514 1384 Naasson,
536 1335 717 1383 salmon,
748 1334 852 1384 Boz,
885 1332 1009 1382 Obet,
1040 1333 1168 1380 Jesse,
1201 1330 1351 1381 David,
1368 1331 1576 1379 Salomon,
1599 1329 1791 1377 Roboam,

316 1392 481 1442 Abiam,
512 1392 614 1440 Asa,
643 1389 856 1442 Josaphat,
888 1389 1044 1437 Joram,
1067 1388 1288 1436 Ochozias,
1312 1388 1424 1436 Joas,
1441 1387 1638 1436 Amasias,
1660 1385 1793 1435 Ozias,

317 1448 521 1497 Joatham,
551 1446 712 1495 Achaz,
741 1447 958 1496 Ezechias,
990 1446 1211 1495 Manasses,
1243 1445 1384 1488 Amos,
1417 1443 1559 1484 Josias.

430 1506 557 1543 Josias
578 1511 709 1543 autem
730 1504 864 1554 genuit
884 1503 1034 1541 Jonaan
1059 1509 1098 1541 et
1114 1502 1299 1541 Joachim'
1320 1508 1357 1540 et
1376 1501 1521 1539 fratres
1541 1498 1650 1552 ejus,
1679 1497 1794 1536 Elia-

319 1562 426 1601 chim
467 1561 536 1614 qui
576 1567 615 1600 et
655 1560 831 1599 Joachim
865 1566 904 1599 et
941 1559 1147 1599 Sedeciam
1187 1559 1258 1612 qui
1296 1565 1335 1597 et
1365 1557 1544 1597 Jeconias
1570 1556 1704 1595 dictus
1733 1559 1794 1594 est

318 1620 467 1660 Salum.

434 1676 481 1713 In
505 1674 850 1725 transmigratione
874 1679 1004 1712 autem
1031 1673 1275 1725 Babyloniae
1293 1671 1470 1711 Joachim
1490 1669 1626 1722 genuit
1644 1666 1794 1707 secho-

320 1734 426 1772 niam
460 1739 500 1773 et
529 1731 747 1770 Sedeciam.
805 1731 986 1769 Jeconias
1015 1737 1150 1769 autem
1181 1730 1317 1781 genuit
1351 1728 1563 1776 Salathiel,
1593 1726 1793 1765 Fanneam

321 1796 360 1828 et
380 1789 493 1838 Sale,
527 1790 624 1826 Saer
641 1794 679 1826 et
694 1788 922 1838 Joconiam,
953 1787 1148 1826 Ortamno
1171 1794 1209 1826 et
1231 1786 1353 1825 Deebi
1378 1792 1417 1824 et
1434 1783 1639 1832 Filisania‚
1661 1783 1794 1821 Zoro-

319 1846 436 1884 babel
460 1852 499 1884 et
516 1845 658 1884 fratres
679 1845 763 1897 ejus
783 1845 905 1883 Abiut
925 1851 963 1883 et
984 1845 1174 1883 Masolam
1197 1850 1235 1882 et
1252 1843 1443 1891 Ananias,
1467 1848 1506 1880 et
1521 1839 1655 1879 saladi
1675 1851 1792 1877 soror

321 1916 483 1948 eorum,
517 1908 556 1940 et
587 1902 733 1940 Sedbel
759 1909 797 1940 et
820 1900 977 1951 Thoul,
1009 1907 1048 1940 et
1070 1900 1243 1949 Archia,
1274 1907 1313 1939 et
1346 1898 1512 1948 Asadia,
1545 1904 1584 1936 et
1608 1895 1791 1934 Sobesec.

434 1958 699 1997 Aedificatum
733 1965 791 1997 est
833 1964 964 1996 autem
1001 1958 1272 1996 sanctuarium
1306 1964 1483 2009 tempore
1520 1951 1792 2001 zorobabelis,

322 2016 437 2067 cujus
461 2016 567 2054 filius
592 2015 745 2055 Abiud:
775 2014 920 2053 dehinc
940 2014 1158 2064 Eliachim,
1191 2016 1313 2064 Azor,
1345 2012 1498 2060 Sadoc,
1523 2009 1686 2058 Achim,
1716 2008 1793 2046 He-

319 2073 431 2122 liud,
477 2073 663 2122 Eleazar,
708 2071 894 2117 Maffian,
936 2072 1082 2120 Jacob,
1123 2069 1266 2123 Joseph
1287 2100 1300 2119 ,
1350 2070 1416 2108 cui
1452 2068 1686 2120 desponsata
1715 2065 1792 2104 fuit

320 2130 443 2181 Virgo
461 2130 620 2180 Manu,
652 2142 753 2181 quae
775 2128 913 2180 genuit
930 2129 1057 2167 JESUM
1077 2129 1290 2167 Cnffls‘rUM
1309 2140 1357 2165 ex
1378 2126 1530 2179 Spiritu
1549 2126 1712 2163 Sancto.

668 2218 1145 2258 PROPHETARUM
1186 2217 1444 2257 NOMINA.

436 2298 588 2348 Adam,
628 2300 731 2348 Noe,
773 2297 995 2347 Abraham,
1032 2297 1169 2344 Isaac,
1214 2297 1336 2335 Jacob
1358 2326 1369 2344 ,
1410 2296 1569 2346 Moyses
1591 2323 1604 2344 ‚
1646 2293 1790 2341 Aaron,

321 2357 432 2395 Jesus
456 2357 591 2406 Nave,
621 2355 774 2394 Heldab
797 2362 835 2393 et
854 2354 1013 2403 Modat,
1046 2355 1195 2404 Natan,
1226 2353 1379 2404 David,
1410 2352 1622 2400 Salomon,
1647 2350 1793 2390 Elmo-

323 2413 420 2460 dae,
461 2411 604 2450 Achias
641 2412 830 2461 Silonita,
871 2413 1028 2450 sameas
1062 2410 1167 2449 filius
1204 2411 1348 2459 Elam,
1392 2408 1565 2447 Ananias
1593 2438 1604 2458 ,
1643 2405 1791 2459 Helias,

315 2469 497 2508 'Micheas
516 2468 620 2507 filIus
639 2469 823 2517 Emblac,
856 2467 1012 2517 Abdiu,
1034 2467 1237 2517 Heliseus,
1255 2466 1461 2516 Abladan,
1485 2466 1624 2514 Amos,
1646 2462 1793 2508 Esaias,

324 2527 426 2565 Osee
447 2526 550 2564 filius
578 2525 710 2574 Beeri,
747 2526 912 2572 Joanns,
943 2522 1117 2562 Micheas
1136 2554 1146 2573 ,
1178 2523 1332 2572 Raban,
1363 2521 1478 2561 lohel
1509 2521 1614 2559 filius
1641 2519 1792 2569 Batuel,

325 2584 512 2622 Jeremias
546 2582 654 2620 filius
689 2581 853 2620 Helciae
884 2580 1132 2630 Sacerdotis,
1173 2579 1419 2632 Sophonias‚
1455 2578 1564 2629 Buz,
1595 2575 1792 2626 Ezechiel,

322 2641 454 2689 Urias,
487 2640 664 2688 Sameas,
694 2637 921 2686 Ambacuc,
949 2637 1098 2687 Naum,
1146 2637 1300 2685 Daniel,
1332 2633 1569 2685 Malachiae,
1599 2634 1790 2685 Aggaeus,

325 2696 557 2746 Zacharias,
589 2701 628 2734 et
648 2695 721 2733 sub
744 2694 902 2733 Christo
926 2693 1082 2732 Simeon
1103 2699 1141 2732 et
1161 2693 1330 2731 Joannes
1348 2692 1535 2744 Baptista.

441 2754 544 2792 ITEM
568 2752 751 2791 Mulieres
781 2749 1075 2803 Prophetissae‚
1118 2751 1258 2800 Sarra,
1289 2748 1491 2797 Rebecca,
1523 2746 1646 2785 Maria
1675 2758 1790 2784 soror

327 2810 478 2862 Moysi,
506 2810 712 2856 Debbora‚
743 2807 884 2859 Oliba,
916 2813 956 2847 et
978 2806 1052 2846 sub
1075 2806 1232 2847 christo
1251 2802 1621 2858 Anna,Elisabeth,
1651 2802 1790 2842 Mun

329 2880 429 2918 quae
452 2867 589 2919 genuit
606 2866 829 2905 CnmsrUM.
