1884 3262
291 193 387 240 136
610 192 852 236 SELECTA
880 192 953 234 AD
989 192 1397 237 ILLUSTRATION
1399 195 1479 237 EM

267 301 478 371 ·ἐγκρατης
508 305 585 344 τοῦ
607 319 706 344 κατα
735 302 928 343 Λικίνιον
952 301 1129 356 πολέμου
1157 302 1332 357 ἐγένετο,
1361 304 1430 345 καὶ
1460 300 1589 353 εύθύς
1611 303 1660 346 τοὶ
1665 308 1755 376 ’τῆς

266 384 270 396 ·
288 356 432 412 Ρώμης
450 361 632 412 βασίλεια
650 361 707 406 εἰς
728 376 773 400 το
797 356 1023 408 Βυζαντιον
1049 362 1336 413 μετατίθησιν,
1363 362 1532 413 τείχεσίν
1552 377 1594 401 τε
1623 358 1753 415 αὐτην

285 413 517 469 ὀχυρώσας,
554 416 623 456 καὶ
641 411 833 486 ὀρόφοις,
863 432 1042 470 παροχας
1064 432 1106 457 τε
1133 418 1317 469 δαψιλεῖς
1341 422 1427 466 τοῖς
1446 419 1626 467 πολίταις
1644 435 1752 472 χαρι-

283 485 477 524 σαμενος,
507 470 607 512 κατοέ
628 471 705 524 τήν
733 469 862 513 αὐτοῦ
893 473 1137 525 ἐπωνυμίαν.
1202 476 1337 514 Ταῦτα
1365 473 1390 515 o‘
1418 471 1644 543 πανᾶρετος
1662 479 1750 516 Am·

283 526 466 581 ρόθεος’
449 545 492 570 εν
522 532 749 581 Ρωμαϊκοῖς
773 526 1075 583 συγγράμμασιν
1097 530 1399 580 καταλέλοιπεν,
1428 527 1752 599 οἷντεβλήθήσαν

281 601 322 625 τε
350 585 419 625 καὶ
446 586 537 637 παρ’
564 585 685 638 ’ἡμῶν
716 586 760 627 ἐν
794 588 971 627 Τπατεία
997 586 1215 636 Φιλοξένου
1249 586 1318 627 καὶ
1348 584 1539 640 Πρόβου,
1578 589 1751 641 ὁπηνίκα

284 638 469 693 Ιωαννης
492 641 517 683 6
535 643 772 691 Επίσκοπος
787 640 929 696 Ρῶμης
947 628 1104 695 ἤλυθεν
1123 643 1165 685 ἐν
1179 641 1614 685 Κωνσταντινουπόλει.
1642 648 1750 699 Προ-

263 697 443 767 τραπεὶς
471 714 545 752 γαρ
577 697 657 740 υπό
686 702 760 740 τοῦ
788 703 860 752 τῆς
880 697 1034 748 πόλεως
1055 696 1380 769 Αρχιεπισκόπου
1402 704 1752 770 συλλειτουργῆσαι

281 751 391 810 αύτῷ
410 755 454 796 ἐν
472 760 557 804 τοῖς
574 757 799 809 γενεθλίοις
814 760 888 797 τοῦ
910 759 1106 810 Χριστοῦ,
1134 753 1424 829 ἀπηγόρευσεν
1428 761 1547 799 τοῦτο
1567 761 1750 811 ποιῆσαι,

280 809 352 852 ἕαν
374 809 428 864 μὴ
451 810 643 879 πρωτος*
655 816 729 854 τοῦ
745 816 817 864 τῆς
837 810 991 861 πόλεως
1011 810 1247 854 Επισκόπου
1271 810 1505 871 ἷερατεύσῃ,
1536 812 1613 855 όσα
1632 831 1674 855 τε
1697 813 1750 868 δη

281 871 354 920 τῆς
380 864 544 936 Ρῶμης
558 884 659 939 ςπρο
699 871 1009 911 Κωνσταντίνου
1049 867 1203 918 πόλεως
1238 872 1482 912 Επίσκοπον
1523 871 1751 939 δεξαμένης.

282 921 494 976 Κινήσεως
523 919 600 967 οῦν
619 925 663 967 ἐκ
691 922 839 967 τούτου
846 926 1111 994 γεναμένης,
1142 927 1185 968 ἐκ
1216 942 1299 967 των
1326 940 1644 999 συγγραμματων
1676 931 1752 970 τοῦ

280 978 456 1035 μεγάλου
470 981 694 1049 Δωροθέου
712 998 788 1036 την
806 979 998 1024 σύστασιν
1021 984 1063 1024 οἰ
1078 981 1585 1033 Κωνσταντινουπόλεως’
1566 989 1752 1026 εποιοῦν-

279 1054 344 1087 το,
375 1034 629 1088 δεικνύοντες
658 1039 970 1109 προγενεστέραν
993 1043 1067 1093 τῆς
1098 1036 1243 1092 Ρῶμης
1270 1057 1346 1093 την
1369 1038 1753 1084 Κωνσταντινουπό-

279 1098 378 1143 λεως
397 1092 501 1136 εἶναι
516 1093 795 1150 Επισκοπτήν.
834 1094 1021 1147 Ιωαννης
1038 1095 1123 1138 δὲ’
1100 1113 1122 1138 ο
1143 1099 1339 1149 Ρωμαίων
1360 1099 1596 1147 Επίσκοπος
1614 1096 1658 1140 τὰ
1678 1097 1753 1152 μὲν

279 1148 529 1220 σύγγραμμα
536 1152 762 1207 Δωροθέου
780 1151 933 1206 αληθὲς
961 1151 1065 1194 εἶναι
1086 1155 1384 1207 διεβεβαιοῦτο,
1414 1158 1689 1222 προτιμᾶσθαι
1708 1154 1754 1197 δὲ

279 1211 353 1249 τοῦ
373 1224 449 1276 της
474 1205 631 1258 πόλεως
657 1208 900 1251 Επισκόπου
934 1210 1087 1265 ε’λεγεν,
1118 1208 1185 1251 δια
1214 1213 1288 1251 τοῦ
1317 1227 1642 1264 κορυφαιοτατου
1669 1215 1753 1257 τῶν

277 1261 525 1306 Λποστόλων
543 1263 613 1307 τόν
639 1262 767 1307 τόπον
788 1266 966 1319 ἐπέχειν,
999 1266 1068 1307 καὶ
1092 1263 1236 1307 τούτου
1260 1266 1394 1308 ἕνεκεν
1416 1266 1465 1308 τὰ
1483 1273 1656 1335 πρωτεῖα
1681 1285 1751 1309 αυ-

276 1337 331 1361 τω
355 1318 658 1391 παραχωρήθη,
682 1319 734 1363 ου’
753 1339 836 1375 μην
856 1321 923 1363 δια
943 1339 987 1364 το
1013 1319 1290 1376 προϋπάρχειν
1307 1321 1382 1376 τὴν
1399 1328 1472 1377 τῆς
1487 1322 1630 1378 Ρώμης
1649 1329 1752 1366 ,En-a

280 1375 439 1430 σκοπην
467 1394 540 1430 της
562 1378 1037 1428 Κωνσταντινουπόλεως.
1102 1378 1339 1421 Τποκατιων
1371 1379 1415 1422 δὲ
1447 1381 1490 1422 ἐν
1513 1387 1599 1430 τοῖς
1625 1386 1751 1423 τελε--υ

279 1435 406 1482 ταίοις
421 1437 494 1475 τοῦ
514 1432 818 1503 συγγράμματος
839 1433 968 1477 αὐτοῦ
986 1436 1011 1478 ὅ
1039 1434 1146 1490 ἱερός
1165 1434 1404 1490 Δωρόθεος,
1423 1436 1607 1510 μνήμην
1627 1444 1751 1480 ποιεῖ-

276 1506 361 1540 ται,
391 1491 460 1531 καὶ
484 1494 565 1532 τῶν
585 1489 741 1534 δώδεκα
761 1489 1028 1545 Αποστόλων,
1060 1494 1270 1548 σημαίνων
1291 1494 1394 1536 ε’νθα
1414 1493 1436 1536 6
1454 1494 1599 1545 καθεὶς
1616 1492 1752 1542 αὐτων

278 1545 490 1602 ἐκήρυξεν,
522 1545 663 1600 εἰπών,

391 1659 438 1702 α’.
494 1661 655 1730 Πέτρον
675 1680 749 1716 μεν
766 1662 834 1706 τὸν
850 1661 1088 1707 Απόστολον
1110 1664 1153 1706 ἐν
1180 1666 1330 1706 Γαλλία
1349 1665 1418 1706 καὶ
1447 1665 1491 1707 ἐν
1518 1669 1604 1714 τοῖς
1635 1679 1751 1720 μεσο-

276 1734 408 1771 γαιοις
439 1715 624 1768 Πόντου,
647 1720 717 1761 καὶ
743 1724 880 1762 πᾶσαν
907 1738 983 1774 την
1014 1723 1335 1771 Καππαδοκίαν,
1366 1723 1435 1763 καὶ
1455 1724 1659 1764 Βιθυνίαν
1680 1740 1751 1777 κη-

277 1773 403 1843 ρύξας
433 1791 476 1816 το
499 1772 748 1829 Εύαγγέλιον
778 1793 874 1830 μετα
903 1777 947 1819 τὸ
969 1779 1233 1827 ἕπαναζεῦξαι
1259 1775 1382 1820 αύτὸν
1405 1775 1485 1820 απὸ
1504 1781 1752 1832 Λντιοχείας,

279 1829 446 1884 ὕστερον
469 1831 512 1872 δὲ
529 1832 597 1872 καὶ
618 1833 662 1873 ἐν
681 1837 733 1889 τῇ
752 1836 887 1875 Ιταλία
907 1847 1018 1890 παση
1040 1851 1107 1875 και
1130 1832 1272 1890 Ρώμη,
1304 1835 1407 1875 ε’νθα
1428 1835 1496 1876 καὶ
1512 1833 1595 1877 ‘vu-⁶6
1617 1836 1752 1890 Νέρω-

274 1903 348 1935 νος
371 1889 621 1942 σταυρωθεὶς
638 1889 681 1931 ἐν
702 1887 807 1947 αὐτῇ
834 1894 885 1945 τῇ
908 1888 1030 1946 Ρωμῃ
1052 1888 1251 1932 θαπτεται
1277 1889 1359 1945 πρό
1380 1895 1503 1947 τριῶν
1525 1895 1754 1935 Καλανδων

279 1945 463 1984 Ιουλίων.
1128 1970 1131 1971 ’
1426 1980 1430 1983 »

136 2000 167 2033 V
190 1999 259 2037 349
394 1997 445 2054 β’.
493 2000 677 2069 Ανδρέας
700 2001 725 2043 ὅ
745 1999 929 2054 αδελφος
950 2001 1077 2045 αυτοῦ
1101 2006 1238 2045 πᾶσαν
1265 2001 1341 2056 τὴν
1367 2005 1568 2057 παραλίαν
1592 2009 1671 2076 τῆς
1687 2010 1753 2047 Βι-

277 2057 429 2105 θυνίας
448 2071 488 2098 τε
508 2057 576 2098 καὶ
597 2054 763 2100 Πόντου
787 2057 947 2113 Θράκης
964 2077 1026 2112 τε,
1056 2061 1125 2101 καὶ
1153 2058 1325 2109 Σκύθας
1352 2062 1523 2113 διῆλθεν
1556 2059 1753 2131 εὐαγγελι-

216 2141 217 2144 =
281 2111 445 2182 ζόμενος
478 2130 550 2155 τον
580 2111 751 2168 Κύριον.
812 2117 1039 2158 Μετέπειτα
1069 2114 1294 2171 ἐπορεύθη
1308 2117 1351 2158 ἒν
1384 2115 1678 2171 Σεβαστοπόλει
1700 2122 1755 2177 τῇ

134 2181 163 2216 P
187 2181 255 2219 435
280 2166 455 2238 μεγαλῃ,
483 2167 591 2212 όπου
608 2189 634 2223 η
654 2172 888 2226 παρεμβολη
907 2178 1101 2228 Αψαρος,
1132 2174 1201 2214 καὶ
1225 2173 1249 2215 ό
1269 2170 1398 2222 Φασις
1417 2173 1618 2228 ποταμος,
1649 2175 1754 2218 ἔνθα

281 2227 324 2268 οἱ
341 2224 526 2280 ἕσοότεροι
537 2229 739 2277 Αἰθίοπες
753 2235 1024 2272 κατοικοῦσιν.
1057 2228 1206 2310 Εταφη
1228 2231 1271 2272 ἐν
1296 2229 1476 2286 Πατραις
1495 2235 1567 2285 τῆς
1583 2235 1751 2286 Αχαΐας,

282 2283 531 2351 σταυρωθεὶς
551 2283 632 2325 ύπό
647 2284 878 2341 Αἰγειατου.

394 2336 441 2392 γ’.
503 2337 684 2412 Ιοὲκωβος
720 2342 764 2384 δὲ
795 2343 816 2386 ὁ
846 2347 921 2384 τοῦ
959 2344 1181 2398 Ζεβεδαίου
1216 2359 1289 2391 τας
1326 2341 1483 2385 δώδεκα
1511 2341 1644 2396 φυλας
1676 2349 1752 2387 τοῦ

287 2394 435 2448 Ῑσραηλ
460 2393 551 2464 μεθ’
574 2414 631 2438 ων
662 2395 1009 2469 εὐαγγελιζόμενος
1031 2399 1103 2442 τόν
1132 2398 1307 2454 Χριστόν
1329 2397 1554 2455 αναιρεῖται
1572 2403 1751 2459 μαχαίρα

282 2450 364 2494 ὑπὸ
379 2449 556 2522 Ηρωδου
576 2458 650 2495 τοῦ
674 2454 896 2527 Τετραρχου
918 2458 960 2499 ἐν
986 2459 1210 2528 Καισαρεία
1228 2460 1301 2510 τῆς
1328 2458 1607 2527 Παλαιστίνης.

395 2506 444 2550 δ’.
503 2507 687 2563 Ιωαννης
715 2530 736 2554 ο
764 2510 910 2554 τούτου
941 2510 1135 2565 αδελφος,
1163 2512 1209 2562 ὃς
1238 2514 1306 2554 καὶ
1313 2510 1578 2583 Εῦαγγέλιον
1604 2530 1752 2568 γεγρα-

283 2581 414 2618 φηκεν
436 2566 479 2607 ἐν
497 2570 549 2623 τῇ
568 2567 717 2635 Εφέσῳ
737 2567 913 2623 κηρύξας
930 2569 998 2612 τὸν
1018 2568 1210 2638 Χριστὸν,
1239 2586 1320 2610 υπο
1347 2573 1550 2623 Τραϊανοῦ
1574 2574 1651 2612 τοῦ
1669 2575 1749 2612 Βα-

285 2622 423 2677 σιλέως
443 2623 500 2671 εἰς
518 2621 688 2691 Πατμον
706 2643 782 2678 την
803 2630 952 2679 νῆσον,
971 2625 1038 2668 δια
1057 2643 1127 2668 τον
1153 2624 1274 2696 λόγον
1294 2630 1368 2668 τοῦ
1386 2629 1565 2694 Χριστοῦ
1583 2627 1751 2695 ἐξορίζε-

285 2694 359 2719 ται.
417 2683 482 2719 Εκ
509 2676 655 2733 ταύτης
684 2679 908 2736 μετάρσεως
934 2699 1126 2738 γεγονως,
1166 2681 1229 2724 διό
1262 2683 1331 2724 καὶ
1359 2681 1479 2751 λόγος
1510 2680 1751 2738 κεκράτηκεν

287 2732 364 2776 συν
383 2739 442 2790 τῷ
461 2735 581 2790 Ενωχ
602 2738 672 2779 καὶ
687 2741 745 2795 τῷ
762 2740 905 2780 Ηλία’
893 2739 948 2780 ε’τι
969 2740 1013 2781 ἐν
1036 2739 1154 2794 σαρκὶ
1175 2736 1297 2780 αῦτὸν
1321 2755 1530 2792 υπαρχειν.

403 2777 444 2833 έ’.
505 2794 706 2845 Φίλιππος
716 2782 774 2837 δὲ
791 2782 1024 2844 Απόστολος
1052 2796 1095 2837 ἐν
1119 2797 1276 2852 Φρυγία
1305 2793 1481 2850 κηρύξας
1503 2793 1549 2837 vd
1571 2793 1749 2866 Εὐαγγέ-

287 2850 397 2899 λιον,
426 2845 632 2893 θαπτεται
658 2851 702 2894 ἐν
734 2850 942 2908 Ιεραπόλει
982 2868 1079 2908 μετα
1104 2868 1187 2895 των
1215 2851 1312 2896 ἑπτα
1341 2852 1578 2908 θυγατέρων
1610 2849 1748 2904 αυτοῦ,
