1884 3262
451 191 536 234 AD
569 188 899 236 CHRONICON
925 188 1236 241 PASCHALE.
1514 196 1579 243 63

108 307 286 358 cedenti,
313 320 457 360 nempe
480 307 619 345 mundi
640 307 764 349 5838.
794 311 839 343 ut
869 311 908 344 et
933 305 1095 358 notavi,
1121 305 1310 359 idemque
1327 312 1464 360 postea
1482 306 1579 346 ubi-

108 378 186 416 que
213 365 414 416 praestiti‚
445 377 534 402 cum
561 364 707 415 Cyclus
732 361 875 400 solaris
906 369 1008 400 esset
1032 367 1097 405 14.
1128 371 1167 402 et
1187 365 1302 403 litera
1327 364 1580 403 Dominicalis

107 421 153 458 Ι).
173 421 266 459 item
286 435 389 459 anno
417 420 554 459 mundi
573 420 696 463 5846.
715 433 758 471 p.
777 421 873 460 286.
895 415 934 455 ἅ.
965 418 1034 457 ubi
1056 420 1140 459 dies
1159 424 1225 464 22.
1250 420 1339 459 Maii
1366 421 1498 459 dictus
1521 426 1580 459 est

105 491 190 516 esse
212 478 311 516 feria
330 491 356 516 1.
388 484 427 516 et
448 478 700 525 Pentecoste,
728 474 863 513 verius
883 480 944 512 est
973 480 1013 513 et
1034 477 1156 515 scribi
1186 478 1324 516 debuit
1344 476 1466 520 5845.
1497 491 1579 528 quo

106 534 254 586 Cyclus
273 535 416 573 solaris
440 540 525 572 erat
556 537 625 576 21.
656 539 696 572 et
721 531 837 570 litera
870 531 1125 571 Dominicalis
1144 533 1188 570 B.
1219 541 1265 572 ut
1291 541 1332 573 et
1352 535 1455 573 insta
1475 547 1579 573 anno

105 591 244 629 mundi
273 591 343 643 qui
372 597 533 629 notatus
561 596 624 628 est
653 590 778 632 6118.
805 601 901 640 pag.
932 590 1027 630 381.
1060 603 1094 628 e.
1138 602 1219 642 quo
1250 590 1401 630 dicitur
1428 591 1580 643 Aprilis

105 647 190 686 dies
213 662 239 686 1.
271 649 394 686 fuisse
420 647 518 686 seria
549 649 585 688 3.
620 658 778 684 sursum
804 642 1067 683 retrahendus
1097 652 1156 684 est
1175 647 1226 685 ad
1247 661 1393 686 annum
1412 662 1581 700 praece-

102 703 280 753 dentem,
311 717 454 756 nempe
473 703 615 741 mundi
634 705 758 745 6117.
815 700 890 738 Illo
915 702 1017 739 enim
1040 708 1126 740 tum
1153 714 1258 741 anno
1281 708 1404 747 6117.
1431 705 1579 757 Cyclus

107 761 249 799 solaris
271 761 348 799 suit
371 764 436 803 13.
458 767 496 799 et
519 761 635 798 litera
666 757 920 796 Dominicalis
949 757 1006 806 E,
1038 771 1140 809 quae
1170 759 1322 798 indicat
1351 760 1454 798 diem
1485 761 1581 814 pri-

106 830 215 856 mum
240 818 390 869 Aprilis
417 823 597 856 notatum
626 815 740 855 litera
768 815 817 854 G.
849 826 934 852 esse
960 813 1100 853 feriam
1129 818 1167 857 3.
1199 829 1270 856 seu
1299 816 1403 855 diem
1428 817 1578 866 Martis,

106 874 222 912 etsie
249 874 290 912 in
317 874 586 926 sequentibus.
645 873 750 923 Ergo
779 870 827 909 ab
858 883 965 908 anno
993 871 1134 910 mundi
1160 874 1283 916 5588.
1305 889 1396 926 pag.
1421 874 1518 917 249.
1542 890 1580 915 a.

105 931 176 969 ubi
207 932 342 969 monui
372 930 639 969 emendandos
666 941 750 967 esse
790 926 865 965 hos
897 939 1105 975 numeros,
1143 931 1415 981 unusquisque
1453 944 1581 970 annus

106 988 246 1026 mundi
265 989 328 1026 vel
349 988 460 1039 Cycli
477 986 628 1026 lunaris
647 984 868 1035 solarisque
889 983 1127 1022 minuendus
1158 992 1217 1024 est
1237 1000 1315 1025 una
1337 988 1488 1025 unitate
1511 1002 1581 1026 us-

105 1058 184 1096 que
214 1044 263 1082 ad
295 1044 412 1082 finem
442 1043 645 1082 Chronici.
702 1041 816 1079 Feria
843 1041 934 1078 item
963 1048 1074 1079 recte
1105 1047 1238 1081 notata
1263 1043 1379 1082 estin
1401 1058 1504 1082 anno
1522 1045 1578 1084 M.

105 1100 228 1143 5490,
243 1116 284 1154 p,
311 1103 404 1144 193,
433 1116 467 1140 c,
498 1100 568 1139 ubi
598 1100 684 1138 dies
708 1101 746 1140 8,
766 1097 1012 1148 Septembris
1039 1097 1187 1136 dicitur
1208 1113 1293 1139 esse
1323 1100 1407 1138 dies
1436 1101 1577 1140 lunae:

107 1157 253 1209 Cyclus
275 1158 377 1196 enim
397 1157 493 1196 solis
528 1163 614 1196 erat
641 1161 682 1199 2.
713 1160 753 1193 et
778 1154 894 1192 litera
916 1154 1173 1193 Dominicalis
1193 1157 1238 1195 E.
1293 1156 1374 1195 Sed
1394 1156 1492 1196 haec
1514 1172 1579 1197 re-

104 1214 198 1264 gula
230 1215 416 1253 seriarum
443 1227 526 1252 non
553 1215 593 1252 in
624 1211 806 1252 omnibus
834 1211 1040 1262 procedit,
1085 1218 1155 1250 aut
1179 1213 1254 1251 sibi
1287 1219 1463 1263 constat,
1508 1216 1579 1253 sed

104 1271 342 1323 plerumque
362 1271 479 1310 fallit.
538 1271 636 1309 Nam
656 1284 699 1321 p.
722 1271 817 1310 307·
841 1265 880 1307 ἅ.
909 1280 1034 1306 annus
1065 1269 1203 1306 mundi
1227 1271 1352 1314 5912.
1384 1284 1474 1308 cum
1498 1272 1579 1323 Cy·

106 1327 193 1366 clus
221 1328 315 1366 solis
345 1335 404 1366 est
430 1328 470 1370 4.
496 1327 611 1365 litera
643 1323 904 1363 Dominicalis
929 1325 975 1362 B.
996 1324 1081 1362 dies
1109 1328 1148 1367 6.
1174 1326 1263 1364 Kal.
1295 1327 1372 1364 Jul.
1400 1340 1484 1365 slve
1507 1331 1576 1370 26.

103 1383 211 1423 Junii
245 1385 392 1423 dicitur
418 1397 502 1423 esse
539 1384 637 1422 feria
667 1379 936 1421 Hebdomadis
975 1384 1014 1422 2.
1045 1393 1136 1419 cum
1173 1388 1306 1420 tamen
1342 1383 1394 1421 sit
1424 1384 1579 1435 prima:

105 1442 174 1492 qui
198 1455 312 1480 error
330 1442 450 1493 culpa
481 1440 737 1479 librariorum
766 1437 960 1475 admissus
982 1442 1056 1476 est.
1114 1438 1214 1476 Nam
1240 1438 1280 1477 in
1311 1439 1451 1478 eodem
1476 1454 1579 1479 anno

103 1498 190 1536 dies
217 1498 348 1551 pridie
371 1499 503 1536 Nonas
525 1497 691 1536 Octobr.
723 1495 806 1533 sive
832 1497 872 1536 6.
894 1493 1060 1534 Octobr.
1087 1501 1199 1533 recte
1233 1496 1383 1534 dicitur
1411 1497 1509 1535 feria
1540 1500 1580 1541 5.

102 1554 329 1607 ibidemque
357 1555 441 1592 dies
470 1555 508 1597 4.
538 1554 654 1603 idus,
695 1553 780 1590 sive
813 1554 878 1593 12.
907 1549 1071 1588 Octobr.
1098 1558 1210 1589 recte
1236 1552 1387 1591 dicitur
1413 1554 1511 1592 feria
1542 1555 1582 1595 4.

102 1618 212 1651 recte
233 1612 325 1650 item
348 1611 495 1649 ibidem
514 1610 658 1649 indict.
678 1611 742 1651 13.
767 1622 807 1660 p.
830 1609 925 1649 309.
945 1605 983 1646 b.
1013 1607 1098 1645 dies
1121 1611 1160 1649 3.
1177 1609 1266 1649 Kal.
1289 1612 1386 1659 Aug.
1409 1610 1495 1649 sive
1515 1614 1581 1652 30.

103 1668 196 1706 Julii
215 1668 364 1707 dicitur
382 1682 466 1706 esse
487 1668 583 1706 seria
614 1671 651 1710 6,
682 1664 806 1717 Cyclo
831 1663 929 1701 Solis
962 1663 1027 1706 15.
1059 1664 1176 1702 litera
1202 1664 1439 1704 Dominicali
1471 1668 1512 1706 C.
1542 1674 1582 1706 et

104 1724 190 1763 dies
211 1728 250 1767 8,
282 1725 374 1764 Kal,
402 1724 564 1764 Octobr,
596 1724 680 1762 sive
709 1721 779 1763 24.
814 1721 924 1772 Sept.
955 1719 1055 1758 feria
1082 1724 1123 1763 6.
1151 1720 1247 1759 ibid.
1279 1722 1386 1762 unde
1413 1723 1581 1762 discitur

102 1782 260 1820 literam
280 1781 564 1819 Dominicalem
587 1781 669 1819 sive
692 1778 858 1830 Cyclum
886 1776 982 1814 solis
1007 1790 1088 1815 non
1117 1777 1264 1816 mutari
1293 1780 1335 1817 in
1364 1780 1478 1818 initio
1503 1782 1581 1819 Se-

103 1839 276 1890 ptembr.
307 1838 414 1889 quod
442 1844 574 1876 tamen
607 1842 724 1890 putat
754 1834 929 1880 Scaliger
957 1834 984 1873 Ι.
1011 1838 1049 1875 7.
1079 1834 1129 1872 de
1155 1835 1369 1879 Emendat.⁴
1386 1843 1507 1889 temp.
1537 1853 1578 1890 p.

101 1898 198 1937 711.
216 1910 255 1935 a.
315 1895 392 1934 Sed
412 1908 556 1933 nomen
582 1893 728 1933 mensis
746 1891 949 1929 interdum
971 1890 1082 1928 aliud
1104 1904 1180 1943 pro
1198 1892 1278 1930 alio
1295 1894 1461 1944 ponitur
1481 1894 1580 1946 μηνὶ

103 1952 310 2006 Γορπιαίῳ
327 1949 405 2004 πρὸ
428 1948 470 1998 ς’.
499 1952 599 1991 ἰδαῖν
621 1950 863 2001 Οκτωβρίων
882 1946 1012 2002 ἡμέρᾳ
1030 1952 1216 2004 κυριακῇ,
1247 1962 1338 1987 eum
1362 1953 1581 2003 Γορπιαῖος

103 2007 155 2046 sit
183 2008 434 2060 September,
462 2021 543 2045 non
577 2006 765 2045 October.
823 2004 937 2042 Feria
965 2010 1099 2042 tamen
1124 2012 1234 2044 recte
1261 2011 1394 2044 notata
1426 2013 1485 2045 est
1513 2021 1581 2045 se-

102 2064 280 2103 cundum
301 2064 541 2114 Octobrem,
573 2070 612 2102 et
638 2063 798 2102 videtur
824 2059 892 2099 hic
918 2067 1062 2099 auctor
1090 2062 1239 2113 ubique
1258 2065 1476 2114 Γορπιαῖον
1499 2077 1576 2115 pro

103 2121 272 2160 Octobri
305 2121 510 2174 accipere:
551 2120 659 2159 verbi
690 2131 831 2166 causa,
860 2115 956 2157 ibid.
985 2133 1026 2170 p.
1056 2120 1150 2160 310.
1184 2117 1220 2158 b.
1253 2118 1352 2170 μηνὶ
1375 2123 1413 2157 Γ
1406 2121 1578 2175 ορπιαίῳ

101 2174 181 2229 πρὸ
198 2175 228 2224 ς’
233 2210 242 2219 .
276 2181 449 2218 Νοννῶν
467 2177 750 2229 Σεπτεμβρίων
769 2173 898 2228 ἡμέρᾳ
919 2171 1128 2228 σαββάτῳ,
1157 2188 1248 2212 nam
1285 2176 1325 2212 in
1355 2176 1578 2228 Septembri

102 2234 239 2273 nullus
259 2241 320 2273 est
347 2235 430 2273 dies
452 2237 490 2276 6.
513 2234 645 2271 Nonas
674 2230 939 2283 Septembris,
970 2231 1011 2267 in
1043 2231 1208 2280 Octobri
1238 2244 1334 2270 vero
1362 2235 1401 2275 6.
1431 2234 1576 2283 Nonas,

104 2291 187 2329 sive
207 2294 246 2332 2.
269 2291 351 2330 dies
374 2298 432 2330 est
455 2290 552 2328 feria
569 2294 610 2332 7.
640 2289 711 2327 illo
731 2301 834 2325 anuo
857 2286 954 2324 bolis
981 2287 1045 2328 15.
1104 2288 1156 2325 At
1173 2303 1214 2340 p.
1237 2291 1333 2329 313.
1357 2303 1393 2329 c.
1423 2289 1509 2328 Ind.
1533 2291 1577 2333 4.

105 2350 321 2399 Γορπιαῖος
343 2362 416 2400 pro
446 2346 667 2398 Septembri
698 2345 914 2396 accipitur,
946 2349 984 2380 et
1012 2345 1231 2382 secundum
1255 2356 1343 2383 eum
1365 2353 1472 2384 recte
1496 2360 1581 2383 no-

103 2409 214 2442 tatur
234 2404 331 2442 feria
352 2408 390 2446 3.
415 2407 454 2447 8.
507 2404 565 2442 ld.
596 2402 814 2455 Septembr.
844 2399 968 2451 Cyclo
999 2400 1095 2437 solis
1112 2403 1180 2443 21.
1205 2402 1320 2440 litera
1343 2402 1580 2440 Dominicali

103 2461 148 2501 B.
208 2461 285 2499 Sed
311 2461 456 2500 ibidem
481 2475 596 2500 error
621 2466 699 2509 est,
730 2471 822 2496 cum
842 2456 925 2507 dies
945 2459 984 2498 6.
1006 2456 1064 2494 td.
1086 2457 1163 2498 Jul.
1192 2458 1276 2498 sive
1311 2461 1374 2499 10.
1397 2459 1487 2498 Julii
1517 2460 1580 2497 di-

105 2517 211 2554 citur
242 2517 339 2556 seria
368 2522 407 2560 7.
440 2525 525 2557 erat
554 2517 657 2557 enim
682 2514 903 2561 Dominica‚
932 2512 1009 2550 nisi
1043 2514 1075 2552 si
1104 2515 1251 2565 Cyclus
1279 2520 1457 2553 mutetur
1488 2522 1580 2554 ante

105 2574 401 2625 Septembrem,
436 2581 474 2614 et
496 2588 571 2628 pro
593 2577 630 2616 3.
650 2576 717 2615 21.
740 2572 788 2610 sit
812 2569 942 2608 adhuc
959 2573 1028 2611 20.
1061 2576 1105 2609 ut
1127 2571 1212 2610 dixi
1231 2583 1350 2622 supra
1381 2585 1430 2609 ex
1449 2572 1580 2610 Scali-

105 2642 224 2680 gero:
253 2637 348 2669 tunc
367 2631 468 2670 enim
496 2645 588 2670 cum
609 2631 661 2668 sit
689 2630 804 2668 litera
827 2626 1081 2665 Dominicalis
1113 2628 1154 2667 C.
1181 2629 1264 2667 dies
1287 2632 1350 2671 10.
1382 2628 1474 2666 Julii
1505 2629 1581 2667 fuit

105 2686 204 2724 seria
234 2690 276 2729 7.
334 2687 413 2725 Sed
440 2702 520 2727 non
549 2694 672 2739 puto,
704 2693 751 2724 ut
779 2685 863 2723 dixi
894 2697 1040 2735 supra,
1070 2687 1327 2724 mutationem
1360 2684 1471 2735 Cycli
1503 2684 1580 2723 nisi

103 2743 147 2780 in
175 2756 310 2781 mense
342 2744 519 2784 Januarii
546 2744 655 2793 fieri,
685 2742 794 2793 quod
819 2747 980 2793 praeter
1009 2743 1232 2795 exemplum
1266 2754 1387 2792 supra
1415 2742 1579 2780 citatum

105 2806 274 2850 apparet
293 2799 336 2837 in
356 2800 445 2840 Ind.
470 2802 534 2844 14.
562 2816 604 2854 p.
624 2803 721 2842 310.
742 2797 778 2837 b.
809 2805 848 2837 et
865 2798 952 2836 Iud.
969 2801 1007 2839 2.
1026 2815 1066 2852 p.
1088 2803 1183 2842 310.
1212 2814 1245 2839 c.
1271 2804 1438 2849 apparet
1457 2798 1577 2837 etiam

100 2870 140 2907 p.
169 2855 264 2897 384.
288 2854 326 2895 ὂ.
356 2856 443 2896 1nd.
475 2857 542 2900 15.
600 2858 697 2895 Nam
723 2869 813 2893 cum
841 2854 898 2893 ibi
922 2861 964 2894 et
989 2856 1076 2894 dies
1098 2859 1134 2898 3.
1164 2856 1256 2894 Maii
1286 2861 1393 2893 recte
1417 2855 1577 2894 dicatur
