1820 3276
258 196 358 244 378
519 221 521 225 ν
821 199 1140 241 NOTAE

259 310 395 363 φυγῇ,
419 306 644 346 addidimus
674 322 752 359 μη,
781 307 837 346 ita
867 314 912 348 ut
939 310 1032 361 fuga
1060 315 1240 361 arrepta,
1268 322 1357 347 cum
1379 322 1492 348 nemo
1515 320 1605 347 eum
1624 322 1719 348 con-

258 371 513 415 sequeretur,
552 364 716 403 domum
760 367 1032 417 concesserit,
1070 366 1224 405 tametsi
1261 365 1494 418 Theophani
1533 366 1718 409 concinat

258 421 453 471 Georgius
482 421 746 463 Hamartolus.

370 476 408 516 Ρ
407 491 467 527 ag
499 479 593 521 539.
625 482 662 520 2
724 474 861 519 Ουαλα
863 477 1002 533 γέσου]
1055 479 1155 517 Cum
1185 478 1253 517 hic
1289 478 1507 529 vologesus
1536 485 1716 531 tempore

255 533 368 572 istius
398 534 617 573 obsidionis
646 497 884 573 Nisibensisy
893 542 995 575 esset
1024 536 1242 587 Episcopus
1260 565 1270 583 ,
1308 535 1400 573 inde
1426 534 1717 576 hallucinatum

255 589 542 630 Theodoritum
581 592 790 631 contendit
827 592 946 632 Henr.
978 592 1158 630 Valesius
1189 592 1240 630 ad
1280 591 1616 642 Philostorgium,
1646 593 1716 642 qui

254 646 444 685 Jacobum
482 661 527 686 ea
555 654 639 686 tum
678 648 865 699 dignitate
902 649 1082 687 functum
1123 648 1274 686 scribit.
1333 649 1479 688 Verum
1508 647 1605 687 huic
1637 647 1717 687 ob-

254 703 421 756 jectioni
455 703 566 743 haud
599 717 712 756 aegre
750 706 891 758 reponi
922 711 1078 757 potest,
1133 718 1214 743 non
1250 705 1344 744 inde
1385 705 1547 743 omnino
1585 703 1716 749 evinci

254 760 514 812 Vologesum,
544 774 634 800 cum
663 760 761 800 haec
790 762 941 801 obsidio
975 761 1160 800 Nisibena
1188 762 1382 812 contigit,
1422 761 1536 800 istius
1564 760 1717 800 civita-
1752 788 1755 791 s

254 815 306 855 tis
335 817 455 856 fuisse
485 818 750 871 Episcopum,
784 819 850 858 cui
881 820 983 858 forte
1013 818 1264 869 interfuerit,
1297 825 1510 870 antequam
1539 817 1715 862 extincto

254 873 423 921 Jacobo,
450 873 554 913 hanc
583 881 685 913 esset
711 875 881 928 adeptus
911 875 1156 926 dignitatem.

369 931 462 981 Pag·
492 933 590 973 539.
624 934 663 974 6.
721 932 1009 985 Βετρανίωνα]
1056 932 1113 970 De
1145 931 1405 978 Vetranione‚
1445 944 1515 969 seu
1545 930 1715 970 Vetera-

253 986 394 1036 nione,
434 987 492 1026 uti
521 988 747 1040 appellatur
776 989 824 1027 ab
852 989 1048 1040 Eutropio
1089 994 1129 1027 et
1168 987 1321 1039 aliquot
1361 987 1469 1037 aliis,
1509 988 1636 1026 multa
1665 1000 1715 1026 ex

253 1043 523 1095 scriptoribus
552 1045 805 1084 commentati
835 1052 928 1084 sunt
957 1043 1243 1084 Gotthofredus
1273 1044 1324 1083 ad
1352 1043 1611 1095 Philostorgii
1639 1043 1712 1084 lib.

253 1113 316 1140 111.
347 1113 431 1151 cap.
458 1114 561 1139 xxu.
589 1107 632 1140 et
658 1102 955 1140 Santamantius
982 1101 1023 1140 in
1054 1101 1316 1140 Commentar.
1348 1101 1497 1139 Histor.

369 1159 463 1207 Pag·
493 1160 590 1201 539.
620 1161 658 1200 7.
716 1161 780 1200 Ev
803 1159 946 1212 Ναΐσῳ
975 1160 1046 1210 τῆς
1070 1157 1249 1208 Italiac]
1280 1158 1380 1198 cod.
1410 1156 1539 1197 vatic.
1570 1157 1716 1198 Ναὶσω

252 1215 327 1265 τῆς
345 1214 512 1261 Ιταλίας.
569 1213 646 1252 Sed
673 1214 750 1265 leg.
780 1217 853 1267 τῆς
878 1215 1072 1267 Ιλλυρίας
1130 1215 1200 1252 Est
1230 1214 1334 1252 enim
1365 1212 1504 1252 Nai'sus
1533 1212 1630 1251 urbs
1659 1211 1716 1251 11-

252 1269 404 1321 lyriae‚
444 1270 622 1321 quinque
651 1270 807 1308 dierum
838 1271 979 1309 itinere
1014 1270 1207 1322 expedito
1245 1269 1398 1308 homini
1440 1270 1489 1308 ab
1517 1269 1624 1308 Istro
1653 1268 1719 1306 di-

253 1332 384 1372 stans,
413 1325 456 1364 in
485 1327 754 1365 Romanorum
778 1333 818 1366 et
846 1325 1086 1378 Scytharum
1113 1326 1259 1375 limite,
1302 1332 1350 1365 ut
1390 1332 1450 1365 est
1485 1325 1595 1378 apud
1631 1325 1721 1365 Pri-

253 1395 366 1420 scum
394 1382 436 1421 in
467 1384 597 1434 Legat.
628 1397 650 1422 a
675 1397 755 1435 quo
789 1379 970 1431 Νοὲϊσσος
998 1383 1247 1435 appellatur,
1291 1388 1338 1420 ut
1373 1388 1413 1420 et
1452 1396 1474 1420 a
1513 1380 1720 1433 Stephano

252 1439 470 1490 Byzantio,
518 1445 558 1479 et
591 1440 634 1478 in
672 1440 773 1479 Cod.
811 1440 962 1480 Theod.
1000 1439 1100 1478 locis
1142 1454 1164 1477 a
1203 1438 1467 1478 Gotthofredo
1519 1438 1720 1479 indicatis.

255 1495 379 1543 Quod
409 1496 570 1548 quidem
598 1496 795 1549 oppidum
825 1497 863 1536 in
894 1496 1184 1535 Mediterranea
1208 1496 1327 1534 Dacia
1357 1494 1494 1534 statuit
1515 1494 1721 1534 Hiemcles

257 1553 547 1591 Grammaticus
576 1553 619 1590 in
647 1553 796 1592 Notitia
826 1553 1087 1604 Provinciae:
1127 1559 1172 1591 ut
1211 1559 1251 1592 et
1287 1551 1539 1591 Itinerarium
1568 1550 1721 1590 Burde-

252 1609 435 1659 galense,
466 1610 715 1648 Constantini
747 1610 800 1651 Μ.
831 1616 942 1660 ortu,
987 1616 1032 1648 ut
1064 1609 1294 1661 Anonymus
1323 1608 1557 1648 Valesianus
1585 1614 1625 1646 et
1653 1607 1722 1647 alii

254 1665 415 1717 quidam
445 1667 609 1716 volunt,
641 1667 916 1717 nobilitatum,
944 1665 1135 1718 quodque
1169 1665 1362 1718 oppidum
1393 1671 1532 1717 postea
1559 1665 1594 1703 is
1624 1668 1722 1704 'ma-

253 1722 395 1772 gnifice
426 1723 595 1761 ornavit.
639 1720 795 1771 Ναῖσός
822 1737 918 1762 vero
948 1723 1104 1762 dicitur>
1126 1722 1324 1774 Procopio
1355 1722 1424 1760 lib.
1441 1735 1500 1760 111.
1531 1721 1583 1760 de
1607 1721 1718 1761 Bello

111 1781 139 1814 V
164 1778 232 1817 488
248 1778 394 1824 ,Gotttt
423 1793 511 1832 cap.
535 1793 603 1819 xz.
631 1780 789 1821 Zosimo
818 1780 887 1818 lib.
916 1794 977 1820 111.
1009 1786 1049 1819 et
1078 1778 1312 1832 Theophani
1341 1792 1445 1817 anno
1462 1791 1564 1818 xnu.
1585 1777 1720 1817 Theo-

255 1834 353 1873 dosii
384 1835 471 1873 Jun.
501 1849 552 1874 ex
581 1836 679 1875 Cod.
707 1837 974 1875 Peiresciano:
1002 1849 1212 1889 perperam
1240 1849 1338 1875 vero
1368 1832 1538 1876 Νασσᾶν
1565 1834 1607 1873 in
1635 1834 1720 1874 edi*

189 1909 191 1911 ·
253 1898 316 1930 to:
354 1890 536 1940 Naessus,
575 1892 679 1931 Julio
717 1892 887 1931 Firmico
923 1893 994 1932 lib.
1026 1906 1069 1933 11.
1100 1891 1266 1931 Mathes.
1294 1891 1526 1938 Marcellino
1561 1890 1718 1941 Comifi,

253 1948 481 1994 Ammiano,
513 1948 721 2000 Anonymo
752 1949 984 1999 Valesiano‚
1019 1955 1058 1988 et
1087 1949 1187 1987 aliis.
1229 1947 1401 1995 Νέσσος,
1426 1946 1596 1997 Georgia
1616 1948 1719 1999 Syn-

254 2004 356 2043 cello
387 2019 423 2056 p.
457 2007 551 2048 382.
581 2007 763 2044 Socrates
792 2018 891 2044 vero
915 2006 984 2043 lib.
1012 2019 1057 2043 11.
1087 2019 1173 2056 cap.
1202 2018 1297 2043 xxv.
1335 2006 1376 2042 in
1413 2003 1580 2055 Illyrico
1608 2002 1719 2056 apud

254 2061 441 2100 Sirmium
467 2076 487 2100 a
517 2062 708 2100 militibus
738 2062 911 2101 levatum
936 2062 1216 2100 vetranionem
1248 2061 1414 2110 scribit,
1445 2067 1490 2100 ut
1511 2066 1550 2100 et
1568 2060 1719 2098 Auctor

255 2117 468 2156 Chroniei:
510 2118 551 2156 in
581 2118 744 2171 Illyrico
773 2119 923 2171 pariter
960 2118 1138 2157 Orosius.
1197 2118 1273 2156 Alii
1313 2123 1465 2166 autem,
1493 2122 1539 2155 ut
1565 2116 1720 2166 Victor,
1773 2152 1777 2155 ,

253 2174 548 2226 Hieronymus,
595 2181 634 2214 et
670 2176 868 2226 Prosper,
910 2174 1018 2226 apud
1064 2175 1233 2213 Mursam
1267 2175 1309 2213 in
1349 2173 1570 2212 Pannonia:
1609 2172 1720 2225 apud

253 2231 437 2269 Naissum
467 2244 562 2269 vero
594 2246 614 2269 a
645 2232 876 2270 Constantio
914 2232 1064 2282 regium
1110 2232 1263 2282 insigne
1296 2232 1330 2270 ei
1372 2228 1720 2281 detractumflio-

255 2300 468 2339 ronymus‚
501 2293 540 2326 et
568 2301 618 2326 ex
648 2302 694 2328 eo
725 2289 916 2341 Prosper:
947 2289 1053 2340 apud
1083 2288 1269 2341 Sirmium
1299 2288 1540 2325 Sozomenus
1567 2286 1635 2324 lib.
1660 2298 1718 2324 Ν.

256 2356 342 2394 cap.
375 2357 429 2381 1v.
463 2344 656 2383 scribunt.
715 2345 777 2382 Ex
813 2345 863 2383 iis
893 2345 1033 2384 saltem
1061 2345 1182 2384 liceat
1208 2345 1391 2395 colligere
1427 2343 1555 2382 hocce
1589 2341 1721 2386 Chro-

252 2400 374 2439 nioon
414 2413 464 2438 ex
500 2400 621 2440 variis
655 2401 950 2452 Scriptoribus,
1000 2401 1076 2440 sibi
1108 2401 1282 2440 invicem
1316 2414 1399 2439 non
1435 2411 1721 2450 usquequaque
1787 2417 1791 2422 ·

254 2455 549 2502 consentaneis,
580 2469 666 2495 esse
695 2458 1030 2498 consarcinatum.
1073 2458 1278 2496 Caeterum
1309 2453 1489 2497 Ναϊσσόν
1516 2455 1565 2493 ab
1596 2454 1720 2493 Attila

257 2525 438 2554 eversum
470 2512 592 2550 fuisse
620 2519 661 2551 et
690 2512 791 2551 solo
805 2521 1040 2565 aequatum,
1069 2514 1208 2552 scribit
1235 2513 1341 2552 idem
1371 2511 1528 2551 Priscus
1556 2512 1597 2549 in
1623 2511 1722 2551 Gob-¹

255 2568 397 2619 thicis,
424 2574 465 2608 et
494 2582 544 2607 ex
574 2581 621 2608 eo
651 2569 912 2622 Theophanes
939 2571 1031 2609 loco
1059 2570 1234 2611 laudato.

373 2626 698 2676 Pag.539.11
770 2629 833 2666 Εν
871 2629 929 2679 τῷ
968 2623 1128 2681 ,Κάμπῳ
1178 2621 1466 2677 Τριβουναλιον
1515 2620 1717 2676 ποιήσας]

258 2682 454 2732 Georgius
487 2682 740 2721 Hamartolus
775 2682 817 2720 in
848 2682 996 2721 Chron.
1026 2683 1104 2720 MS.
1135 2678 1328 2730 Εξελθων
1357 2679 1399 2721 δὲ
1431 2679 1475 2721 ἐν
1503 2681 1719 2734 Τριβουνα-

258 2738 331 2794 λίῳ
352 2735 512 2795 Κάμπῳ
523 2767 534 2788 ,
559 2738 628 2780 καὶ
644 2736 740 2787 στὰς
757 2738 800 2779 ἐν
819 2738 924 2793 μέσῳ
942 2736 1006 2790 ἐφ’
1023 2734 1179 2790 ν’ψους,
1211 2733 1492 2791 συμπαρόντος
1508 2739 1583 2779 τοῦ
1602 2748 1717 2789 στρα-

256 2778 452 2846 τοπέδου,
481 2802 558 2835 etc.
592 2795 663 2834 ubi
692 2795 938 2835 observanda
975 2794 1076 2834 haec
1113 2795 1306 2846 loquendi
1335 2794 1523 2834 formula.
1583 2793 1717 2844 Cogo-

257 2850 405 2893 bantur
432 2866 569 2908 porro
586 2852 732 2893 milites
757 2852 799 2892 in
833 2853 1006 2906 Campo,
1036 2865 1082 2891 ac
1101 2857 1255 2892 structo
1273 2850 1497 2900 Tribunali,
1525 2849 1619 2914 inde
1647 2861 1714 2890 eos
