1820 3276
450 184 510 228 IN
545 183 876 229 CHRONICON
908 184 1200 228 PASCHALE.
1478 181 1580 231 485

104 308 176 334 rus
205 293 552 348 constantinopol.
582 293 869 347 Theophanes,
908 300 951 333 et
987 295 1142 346 aliquot
1170 293 1238 333 alii
1268 293 1432 333 Priscam
1460 294 1581 334 etiam

30 394 34 395 ⁷
103 356 275 400 vocant,
318 364 438 405 quem
478 351 623 390 caeteri
658 351 853 404 Crispum.
911 350 1012 390 Vide
1048 350 1187 391 Famil.
1216 351 1384 402 August.
1412 350 1581 404 Byzant.

102 408 144 448 in
180 408 312 458 Foca,
351 407 470 460 cujus
505 407 574 446 ille
610 406 732 445 filiam
771 407 1022 447 Dementiam
1058 421 1224 447 uxorem
1253 407 1440 447 duxerat.
1499 407 1582 446 Cur

102 470 237 504 autem
267 464 454 518 Crispus,
483 477 555 503 seu
584 463 766 514 Priscus,
807 464 987 503 Clericus
1016 464 1147 503 sactus
1180 464 1253 514 sit,
1291 477 1387 517 prae
1416 464 1583 503 caeteris

101 528 239 561 narrat
267 521 373 560 idem
401 519 679 573 Nicephorus‚
719 519 788 572 qui
819 520 910 559 inde
940 516 1134 572 πάππαν,
1173 520 1284 573 quod
1316 519 1422 560 idem
1459 520 1581 571 valet,

101 578 154 618 ab
181 577 370 617 Heraclio
401 577 686 629 compellatum
716 576 878 616 scribit:
911 590 1029 629 quam
1060 591 1202 616 vocem
1235 590 1308 630 per
1330 591 1462 629 parens
1490 591 1582 630 per-

100 648 238 688 peram
267 634 449 674 reddidit
478 634 660 673 eruditus
690 633 905 686 Interpres.
962 637 995 673 A
1024 634 1254 687 Nicephoro
1286 647 1387 686 quae
1410 633 1462 673 de
1492 635 1581 673 Cri-

99 706 175 745 spo
211 697 351 731 narrat
388 691 604 744 exscripsit
641 691 841 742 Zonaras,
883 705 906 730 a
945 705 1026 743 quo
1067 693 1185 731 etiam
1225 691 1391 744 Crispus
1431 691 1580 744 appel-

99 749 220 789 latur.

215 805 311 856 Pag.
338 807 439 847 703.
471 807 538 846 10.
602 805 636 844 Ο
666 799 810 856 Κόμης
837 806 920 844 ταῖν
949 799 1286 858 Εξκουβιτόρων]
1328 803 1387 842 lta
1418 802 1508 841 alii:
1538 808 1580 842 at

101 861 300 914 Georgius
338 859 560 900 Monachus
599 860 641 899 in
678 859 823 899 Chron.
855 860 934 900 MS.
964 861 1020 899 ait
1059 860 1202 899 Focum
1235 860 1504 898 Dementziam
1534 859 1581 897 fi-

98 918 194 958 liam
234 918 444 970 copulasse
489 917 656 973 Πρίσκῳ
703 920 762 973 τῷ
800 919 1008 972 Πατρικίῳ
1050 913 1209 970 Κόμητι
1245 919 1328 957 τῶν
1367 917 1576 968 Μαρίνης.

98 975 176 1014 Ubi
208 975 326 1015 comes
352 973 458 1014 idem
488 974 596 1012 valet
626 987 672 1012 ac
699 975 895 1023 Curator,
932 974 1135 1026 quomodo
1165 973 1478 1024 indigitabantur
1509 973 1580 1025 qui

98 1032 164 1070 isti
193 1031 371 1071 Marinae
400 1030 512 1080 aedi,
553 1031 595 1069 in
633 1044 711 1083 qua
751 1030 1063 1070 asservabantur
1089 1029 1283 1070 Thesauri
1313 1030 1579 1083 imperatorii,

99 1095 333 1142 praeerant:
386 1101 489 1141 quos
539 1086 698 1139 quidem
741 1088 954 1127 Curatores
993 1085 1197 1142 Λογιστοῖς
1237 1093 1360 1125 vocat
1397 1087 1482 1125 Lex
1517 1100 1578 1127 111.

98 1144 196 1183 Cod.
226 1146 276 1184 de
304 1144 426 1184 Modo
458 1144 619 1185 multar.
678 1144 781 1184 Vide
821 1144 1209 1197 Constantinopolim
1252 1143 1398 1182 Christ.
1430 1143 1499 1183 lib.
1532 1157 1578 1182 11.

97 1208 196 1244 sect.
224 1215 296 1241 vn.
333 1216 373 1241 n.
402 1216 448 1241 11.
493 1201 668 1240 Priscum
706 1207 838 1240 autem
879 1214 950 1240 seu
983 1201 1168 1254 Crispum
1204 1201 1395 1239 Comitem
1434 1201 1579 1239 Excu-

95 1258 274 1298 bitorum
314 1258 472 1297 dixerat
509 1258 637 1297 Focss
678 1272 783 1297 anno
814 1272 842 1297 1.
878 1258 1062 1311 Imperii:
1101 1271 1288 1309 generum
1322 1269 1419 1296 vero
1456 1270 1494 1295 v.
1532 1262 1580 1295 ut

97 1322 158 1355 est
187 1315 297 1368 apud
326 1314 624 1370 Theophanem.
685 1315 777 1354 Post
806 1328 946 1354 necem
978 1314 1125 1353 deinde
1155 1315 1308 1363 Focae,
1354 1315 1427 1366 τῆς
1465 1316 1576 1354 Καπ-
1598 1313 1631 1349 V
1662 1313 1733 1353 554

95 1373 294 1422 παδοκίας
332 1369 549 1427 στρατηγὸν
586 1371 682 1412 fecit
719 1371 951 1419 Heraclius,
999 1377 1045 1410 ut
1082 1377 1142 1410 est
1179 1371 1224 1410 in
1254 1369 1395 1412 eodem
1426 1369 1576 1410 ebron.

210 1485 332 1539 [Pag.
361 1489 458 1529 703.
491 1489 557 1529 11.
616 1481 774 1539 αὐτοῦ]
804 1484 967 1536 Corrige
994 1497 1171 1523 errorem
1201 1490 1286 1538 typ.
1317 1479 1478 1536 αότοῦ.]

209 1543 306 1582 Ibid.
366 1538 550 1595 Νικήτας
595 1542 840 1596 Πατρίκιος]
891 1541 1062 1581 Consule
1099 1541 1238 1580 Famil.
1278 1540 1375 1592 Aug.
1412 1541 1578 1593 Byzant.

9 1652 12 1653 γ
94 1598 138 1638 in
166 1598 303 1638 Famil.
334 1598 508 1639 Heraclii
539 1600 613 1639 sub
642 1599 711 1638 fin.

210 1655 309 1707 Pag·
337 1659 433 1699 703.
465 1657 531 1700 15.
597 1660 679 1710 Τῆς
726 1654 978 1708 Βασιλικῆς]
1034 1653 1379 1707 constantinopol.
1428 1652 1575 1692 Christ.

94 1712 167 1752 lib.
192 1727 239 1751 11.
270 1718 368 1753 sect.
398 1727 456 1756 1x.
485 1726 527 1751 n.
556 1727 584 1753 1.
1361 1736 1364 1738 v

211 1767 308 1820 Pag-
337 1772 434 1812 703.
467 1772 532 1812 17.
594 1765 733 1825 Τούτῳ
763 1771 821 1824 τῷ
850 1766 953 1820 ἔτει]
995 1766 1144 1806 Scribit
1187 1765 1452 1819 Theophanes
1491 1764 1578 1804 He-

93 1825 263 1866 raclium
301 1825 604 1866 Constantinum
641 1831 874 1866 coronatum
914 1825 1201 1878 Imperatorem
1229 1837 1251 1862 a
1281 1823 1419 1874 Sergio
1448 1822 1580 1861 Patri-

95 1881 218 1922 archa
247 1895 347 1921 xxv.
378 1883 609 1923 Decembris
639 1883 725 1934 die,
762 1882 907 1922 Indict.
939 1895 966 1920 1.
1002 1880 1081 1920 boc
1111 1887 1171 1920 est
1200 1893 1306 1919 anno
1329 1886 1455 1919 ncxn.
1487 1879 1579 1918 vul-

95 1939 194 1992 gari.
262 1939 344 1978 Nec
383 1940 541 1980 abludit
577 1939 829 1994 Nicephorus
868 1938 911 1977 in
950 1938 1184 1988 Breviario,
1238 1937 1309 1975 ubi
1345 1936 1576 1976 Heraclium

97 1996 404 2036 Constantinum
433 1993 664 2050 (διώνυμος
691 1995 766 2053 γιὶρ
795 1990 1004 2049 ἐτύγχανε,
1034 1994 1167 2047 inquit
1195 1994 1289 2045 ille)
1319 1994 1453 2032 statim
1483 2000 1578 2046 post

95 2053 344 2106 Baptismum
376 2068 399 2092 a
428 2061 543 2108 patre
577 2068 725 2094 corona
762 2053 980 2103 donatum,
1025 2058 1066 2092 et
1097 2052 1382 2104 Imperatorem
1414 2051 1577 2103 procla-

95 2117 246 2149 matum
277 2110 430 2162 scribit,
458 2111 616 2151 tametsi
643 2125 727 2150 vox
757 2105 915 2160 (mirina,
945 2122 1025 2161 qus
1056 2108 1196 2157 utitur,
1229 2121 1312 2146 non
1342 2106 1447 2145 obsit
1477 2107 1577 2157 quin

98 2180 203 2207 anno
234 2166 328 2206 dein
356 2168 543 2220 proximo
580 2173 798 2207 coronatus
834 2166 1093 2217 intelligatur.
1151 2165 1291 2204 Potior
1333 2164 1437 2203 enim
1475 2163 1576 2202 fides

95 2223 260 2263 videtur
293 2223 423 2263 danda
462 2224 661 2278 Scriptori
703 2222 913 2271 Chronici‚
954 2227 1000 2261 ut
1039 2222 1108 2274 qui
1138 2221 1325 2261 Heraclio
1355 2221 1576 2274 imperante

94 2279 258 2321 vixerit.

209 2335 303 2387 Pag·
333 2338 431 2380 703.
463 2340 527 2380 18.
588 2335 728 2394 Ημὲρᾳ
756 2334 945 2393 δευτέρᾳ]
975 2335 1062 2375 Hoc
1093 2334 1199 2374 enim
1228 2347 1334 2374 anno
1355 2333 1471 2373 litera
1495 2333 1573 2372 Do-

95 2393 294 2433 minicalis
323 2393 401 2432 fuit
428 2394 476 2432 G.
1452 2437 1455 2445 ¹

211 2449 306 2500 Pag-
336 2450 431 2493 704.
465 2449 530 2492 14.
589 2451 686 2490 Htw
715 2448 785 2490 καὶ
816 2445 1091 2502 Ιερουσαλὴμ]
1134 2447 1304 2487 sarbara
1340 2447 1464 2486 Duce.
1524 2444 1573 2483 Id

96 2507 138 2546 in
170 2519 316 2545 annum
343 2520 384 2545 v.
413 2506 588 2546 Heraclii
619 2507 841 2559 conjiciunt
863 2505 1126 2560 Theophanes
1155 2511 1196 2545 et
1225 2503 1441 2543 Cedrenus.

211 2563 307 2613 Pag-
335 2563 433 2606 704.
464 2563 528 2605 15.
586 2563 670 2604 Καὶ
699 2559 919 2615 σφάζονται
945 2561 1091 2604 πολλαὶ
1118 2558 1314 2615 χιλιάδες,
1344 2557 1446 2610 etc.]
1479 2556 1572 2595 Εᾶὶ-

97 2619 159 2658 dit
189 2619 446 2659 Combefisius
474 2619 588 2659 istius
616 2620 742 2660 cladis
769 2619 1158 2672 Hierosolymitanae
1182 2616 1399 2656 Historiam
1432 2613 1480 2653 ab
1500 2613 1573 2652 in-

99 2683 210 2715 certo
238 2676 414 2716 Auctore
445 2675 709 2731 descriptam,
741 2677 782 2716 in
815 2691 895 2730 qua
926 2677 1137 2716 Persarum
1162 2670 1439 2714 crudelitatem
1454 2670 1497 2709 in
1513 2672 1571 2709 ci-

97 2746 168 2772 ves
194 2732 331 2772 multis
361 2733 550 2785 exagitat.

213 2789 309 2840 Pag.
339 2789 434 2833 704.
462 2793 530 2834 ΞΟ.
590 2790 672 2831 Καὶ
694 2791 896 2845 Ζαχαρίας
913 2788 1058 2843 Han-Q]
1089 2788 1149 2827 Ita
1167 2786 1286 2825 etiam
1305 2782 1568 2836 Theophanes

101 2851 141 2886 et
169 2845 383 2886 Cedrenus.
443 2846 578 2887 Edidit
618 2847 770 2900 pariter
804 2847 909 2888 idem
947 2843 1203 2885 combefisius
1239 2840 1453 2881 Zachariae
1483 2845 1569 2879 tum
