1820 3276
248 189 347 238 400
819 189 1145 234 NOTAE

246 303 439 345 Balbecum
466 314 550 341 esse
578 299 662 339 duo
692 299 850 339 diversa
879 300 1040 340 nomina
1069 300 1246 354 ejusdem
1276 299 1368 339 ubis
1394 299 1437 339 in
1467 298 1594 352 Syria.
1632 297 1711 338 Sed

246 361 324 400 hoc
352 361 520 398 fortasse
555 357 669 397 nimis
699 358 920 397 taediosum
948 364 1070 407 esset,
1103 364 1143 397 et
1173 357 1242 396 hic
1270 357 1422 396 inutile.

361 416 430 456 ΙΙΙ.
487 415 584 455 Ideo
621 415 784 454 unicum
819 421 972 454 tantum
1010 416 1150 467 Josephi
1185 415 1319 455 locum
1360 413 1524 463 addam,
1558 413 1600 452 in
1631 425 1714 464 quo

244 473 468 526 Heliopolis
508 473 550 511 in
591 472 660 510 illa
700 478 813 524 parte
853 472 997 510 montis
1035 473 1214 518 locatur,
1255 483 1356 522 quae
1383 472 1425 509 iu
1457 470 1717 522 Coele-Syria

245 538 326 577 est,
355 537 395 568 et
424 528 608 582 opposita
639 528 755 568 alteri
784 528 910 581 parti,
940 529 1156 567 Damascum
1184 527 1436 580 respicienti,
1466 533 1506 566 et
1534 527 1591 565 sic
1621 539 1717 565 exa-

249 594 312 626 cte
343 587 436 625 situi
465 586 634 633 Balbeci,
678 592 723 624 ut
751 586 801 624 ab
830 585 1035 624 hodiernis
1065 584 1295 623 auctoribus
1326 591 1365 622 et
1392 583 1580 622 itinerum
1609 583 1716 636 scri-

249 643 434 698 ptoribus
465 642 719 692 describitur,
748 642 1018 696 respondcret.
1059 642 1148 680 Hoc
1176 655 1223 680 eo
1253 636 1441 679 libentius
1473 640 1590 688 facio,
1619 638 1716 691 quia

247 701 472 752 indigemus
508 699 767 738 Emendatione
802 700 881 749 ejus
919 700 991 738 loci
1023 699 1184 750 Joseplu',
1226 699 1294 750 qui
1325 696 1527 736 invenitur
1556 696 1597 734 in
1631 695 1716 747 ejus

248 757 479 797 narratione
518 756 569 794 de
602 756 775 810 Pompeji
815 757 959 795 itinere
988 770 1060 808 per
1090 755 1372 807 Coele-Syriam
1401 754 1620 797 Damascum
1647 750 1717 806 ¹);

247 815 319 854 ubi
348 820 559 866 postquam
589 811 768 862 dixerat,
812 812 1045 866 Pompejum
1082 825 1213 851 arcem
1242 812 1414 863 Apamiae
1449 809 1636 859 diruisse,
1677 814 1718 848 et

248 872 387 924 Lysiae
414 869 699 909 munimentum
729 870 813 908 solo
843 870 1097 922 aequavisse‚
1127 868 1238 923 addit
1261 865 1449 908 Διελθών
1478 864 1521 907 δὲ
1549 863 1619 916 ule
1646 861 1718 907 πό-

248 932 330 977 λεις
360 923 434 980 τήν
463 941 504 967 τε
537 922 768 967 Ἡλιόπολιν
795 926 864 967 καὶ
893 923 967 979 τήν
1000 925 1202 975 Χαλκίδα,
1229 924 1312 965 ,καὶ
1350 921 1394 965 τὰ
1422 925 1598 977 διεῖργον
1625 920 1719 976 ὄρος

247 981 490 1038 ὑπερβαλών
529 979 606 1035 τήν
649 984 790 1035 κοίλην
836 980 1238 1037 προσαγορευομένην
1287 982 1464 1036 Συρίαν,
1518 976 1600 1021 ‹int›
1644 981 1720 1032 τῆς

234 1043 512 1090 ΠΕΛΛΗΣ,
544 1039 603 1087 εἰς
630 1036 845 1093 Δαμασκὸν
872 1034 986 1092 ἧκεν.

362 1096 504 1136 Omnia
530 1095 632 1134 bene
662 1110 703 1135 se
730 1095 893 1146 habent,
922 1102 1090 1148 excepta
1119 1093 1368 1143 vocePella,
1394 1091 1561 1145 Πέλλης.
1618 1091 1718 1130 Nam

249 1154 351 1195 haec
378 1154 475 1193 urbs
504 1152 553 1191 ab
585 1152 709 1191 altera
738 1160 854 1206 parte
883 1152 1028 1191 montis
1058 1157 1157 1199 erat,
1183 1151 1348 1190 inferius
1369 1163 1511 1189 versus
1531 1149 1720 1198 Iudaeam,

247 1212 291 1250 in
330 1211 422 1259 via,
460 1222 561 1261 quae
598 1209 778 1248 Damasco
816 1208 866 1247 ad
903 1209 1092 1255 ,Iordanem
1130 1208 1266 1254 ducit,
1305 1208 1347 1245 in
1382 1206 1546 1256 regione
1575 1211 1719 1244 vocata

248 1267 533 1320 Decapolitana‚·
570 1271 612 1304 et
641 1265 698 1303 sic
725 1265 844 1317 longe
872 1272 1022 1304 remota
1052 1279 1073 1303 a
1098 1266 1164 1303 via
1194 1263 1377 1315 Heliopoli
1402 1263 1524 1303 Dama
1553 1276 1631 1302 cum
1658 1262 1721 1300 se-

248 1331 374 1364 rente.
431 1323 567 1373 Neque
607 1321 795 1374 Pompejus
832 1321 971 1361 Pellam
1003 1317 1351 1375 proficiscebatur,
1392 1325 1600 1372 antequam
1640 1318 1722 1357 Da-

250 1395 367 1421 masco
395 1379 644 1431 Hierosolyma
673 1379 874 1428 tenderet,
905 1385 951 1417 ut
978 1379 1146 1430 Iosephus
1174 1378 1216 1416 in
1247 1375 1507 1428 sequentibus
1537 1381 1687 1416 narrat.

365 1438 415 1476 Et
452 1443 584 1475 tamen
625 1449 706 1474 vox
747 1435 850 1475 Pella
887 1435 930 1474 in
969 1434 1153 1474 omnibus
1189 1435 1333 1485 Josephi
1366 1432 1615 1472 Editionibus
1647 1437 1721 1482 ent,

251 1501 420 1547 excepta
449 1491 613 1544 antiqua
643 1491 782 1531 Latina
809 1492 1015 1541 versione,
1046 1505 1161 1546 cujus
1190 1497 1332 1530 auctor
1359 1497 1564 1543 praeterea
1595 1489 1723 1529 Grae-

250 1565 343 1591 cum
374 1556 527 1590 textum
558 1549 733 1601 perfecte
762 1562 844 1588 non
871 1548 1093 1598 intellexit,
1133 1554 1173 1587 et
1211 1546 1318 1600 apud
1361 1559 1479 1598 quem
1511 1545 1722 1598 pompejus

253 1608 524 1660 Coele-Syriam
551 1611 638 1645 tum
667 1606 825 1645 demum
846 1605 983 1656 intrat,
1013 1619 1104 1645 cum
1130 1610 1303 1644 montem
1332 1603 1412 1654 jam
1431 1609 1658 1656 superasset
1671 1600 1723 1655 ²).

251 1666 438 1706 Hudsom'i
463 1661 595 1701 versio
624 1662 917 1714 aliquantulum
949 1662 1089 1701 melior
1119 1667 1204 1710 es't,
1253 1667 1294 1700 et
1327 1661 1467 1699 Gelenii
1501 1659 1617 1711 longe
1649 1671 1722 1698 ιιι-

253 1727 380 1775 perat.
447 1720 600 1770 Cumque
628 1719 796 1772 (inquit)
826 1722 929 1759 urbes
957 1719 1172 1771 Heliopolim
1200 1721 1234 1757 et
1265 1717 1439 1757 Chalcida
1463 1718 1725 1769 pertransisset,

253 1783 289 1817 et
315 1781 460 1817 montem
487 1780 683 1827 superasset
715 1776 1009 1830 Coele-Syriam,
1038 1780 1080 1816 ut
1099 1775 1321 1828 appellatur,
1348 1775 1669 1823 disterminantem,
1699 1786 1725 1813 a

257 1835 359 1874 Pella
378 1833 593 1872 Damascum
610 1846 647 1871 se
666 1833 828 1873 contulit.
1026 1871 1028 1873 ,

369 1890 428 1929 Ex
458 1888 604 1942 quibus
634 1895 815 1941 apparet,
848 1888 1100 1928 Hudsonium
1127 1887 1228 1928 bene
1257 1886 1586 1935 animadvertere,
1615 1883 1725 1938 quod

255 1946 477 1987 secundum
515 1945 701 1998 Josepbum
730 1946 928 1997 Heliopolis
964 1946 1007 1984 in
1035 1958 1115 1983 una
1143 1950 1262 1998 parte
1293 1944 1401 1982 illius
1431 1943 1574 1982 montis
1607 1948 1724 1993 esset,

254 2010 297 2044 et
324 2004 525 2043 Damascus
555 2002 599 2041 in
626 2002 777 2052 altera,
815 2003 991 2055 itemque
1021 2001 1131 2053 quod
1159 2014 1274 2040 mons
1305 2000 1578 2053 Coele-Syriam
1604 2012 1726 2052 sepa-

255 2066 374 2101 raret.
443 2058 521 2098 Sed
559 2073 582 2097 a
619 2072 697 2111 qua
738 2072 784 2098 re
825 2057 893 2098 hic
933 2072 1048 2098 mons
1095 2064 1193 2097 tunc
1232 2063 1391 2110 separat
1431 2055 1728 2108 Coele-Syriam?
1780 2090 1783 2093 .

255 2117 345 2157 Hoc
371 2116 414 2157 in
442 2114 600 2170 Joseplii
629 2120 841 2168 contextu,
869 2115 929 2156 uti
957 2128 1066 2155 nunc
1094 2128 1185 2155 eum
1213 2113 1425 2167 habemus,
1452 2127 1535 2154 nou
1563 2112 1741 2166 dicitur,

306 2286 354 2331 1)
401 2284 517 2330 Autiq.
539 2285 582 2320 L.
605 2284 701 2320 XIV.
724 2296 756 2321 c.
779 2285 815 2321 5.
838 2285 894 2321 vel
915 2285 951 2322 3.
975 2284 1024 2321 N.
1047 2284 1081 2320 2.
1105 2285 1215 2320 Amst.
1241 2283 1339 2321 Edit.
1360 2282 1452 2331 quod
1476 2284 1582 2329 eaput
1601 2281 1654 2317 sie
1672 2280 1730 2318 iu-

351 2331 456 2376 cipit:
488 2329 580 2366 Μετ’
605 2328 652 2367 οὗ
675 2330 770 2367 πολύ
796 2328 838 2367 δὲ
863 2331 1062 2377 Πομπηΐου
1085 2332 1138 2373 εἰς
1162 2330 1367 2376 Δαμασκόν
1390 2327 1641 2374 ἀφικομένου,
1662 2327 1728 2364 ml

347 2380 476 2422 κοίλην
499 2377 645 2422 Συρίαν
671 2376 844 2419 ἐπιόντος
866 2383 933 2412 etc.
957 2378 994 2412 id
1017 2381 1072 2412 est
1090 2379 1198 2422 paulo
1219 2383 1308 2423 post,
1335 2377 1493 2420 Pompejo
1512 2386 1632 2410 versus
1653 2374 1727 2409 Da-

350 2435 505 2458 mascum
527 2424 707 2466 tendente,
733 2429 768 2458 et
796 2425 1070 2468 Coele-Syriam
1091 2424 1275 2465 visitante,
1301 2423 1430 2468 Legati
1452 2422 1501 2456 ad
1523 2432 1599 2455 cum
1622 2431 1728 2455 vene-

351 2474 434 2505 runt
458 2474 526 2503 etc.
577 2469 622 2503 Et
644 2473 759 2504 tamen
782 2470 1006 2511 Hudsonius,
1041 2469 1230 2503 versionem
1257 2469 1391 2503 Gelenit‘
1412 2478 1582 2512 sequens,
1616 2466 1651 2500 id
1675 2466 1727 2501 sic

351 2514 480 2551 vertitz
506 2515 585 2549 Non
613 2520 730 2549 autem
752 2517 861 2550 multo
873 2521 963 2560 post,
987 2526 1065 2550 cum
1086 2515 1265 2560 Pompeius
1283 2515 1491 2548 Damascum
1508 2513 1670 2553 venisset,
1692 2517 1727 2548 d

356 2561 636 2604 coelemsyriam
654 2562 779 2595 obiret.-
812 2573 854 2595 ae
870 2561 901 2596 si
913 2562 1100 2607 Pompe'us
1110 2561 1309 2596 Damascum
1317 2560 1388 2605 jam
1406 2559 1584 2600 intrasset,
1608 2569 1728 2604 quan-

353 2607 407 2641 vis
429 2606 595 2651 Josephus
618 2606 691 2650 ejus
715 2607 900 2642 adventum
922 2611 1006 2642 tuuc
1054 2618 1161 2641 emum
1183 2611 1323 2647 narret,
1359 2617 1432 2640 cum
1458 2605 1729 2648 coele-Syriam

353 2652 563 2695 visitaverit,
586 2657 622 2686 et
645 2657 790 2687 montem
812 2651 1041 2698 superaverit.
1086 2651 1287 2686 Hudsonius
1309 2657 1411 2686 antea
1434 2663 1465 2686 c.
1490 2653 1524 2686 2.
1552 2663 1584 2685 n.
1607 2651 1644 2686 3.
1671 2661 1728 2685 re·-

354 2704 411 2734 cte
434 2702 587 2733 verterat
610 2695 837 2743 ἀφικόμενος
860 2699 914 2740 εἰς
937 2696 1161 2742 Δαμασκὸν,
1188 2697 1398 2732 Damascum
1419 2700 1606 2742 profectus.

307 2767 362 2812 2)
412 2768 560 2811 Cumque
593 2767 751 2802 civitates
786 2767 989 2812 Heliopolim
1025 2771 1060 2801 et
1085 2766 1283 2800 Chalcidem
1316 2765 1516 2806 transisset,
1554 2764 1592 2798 in
1614 2763 1727 2798 media

351 2813 510 2893 positumt
532 2817 680 2849 montem
711 2814 888 2858 ascendit,
927 2817 961 2847 et
992 2813 1042 2848 ad
1071 2812 1270 2857 inferiorem
1292 2813 1430 2858 Syriam
1455 2812 1729 2856 Damascumque

351 2870 494 2904 perveni
512 2884 521 2893 .
