1884 3262
316 209 418 255 302
905 208 1228 252 NOTAE

316 319 424 359 Fasti
441 318 607 357 [datiani
628 327 680 358 ex
699 318 796 359 Cod.
818 317 898 360 MS.
919 315 1103 360 Λούκιον
1129 325 1271 370 vocat,
1302 333 1536 373 perperam,
1561 327 1608 361 ut
1637 321 1778 361 obser-

317 383 388 416 vat
411 376 615 415 Petavius:
645 389 735 414 nam
761 375 907 414 Lucius
925 375 1006 415 Caii
1035 376 1157 415 frater
1179 378 1266 417 Cos.
1288 377 1536 427 designatus,
1567 385 1780 430 antequam

317 433 593 483 Mag1st1atum
613 432 750 481 iniret,
778 432 978 471 extinctus
1000 439 1071 471 est.
1131 433 1231 471 Vide
1252 433 1562 473 Grandamicum
1585 436 1634 474 de
1651 435 1781 473 Natali

318 489 470 528 Christi
487 502 573 540 pag.
600 491 692 532 169.
710 489 780 527 ubi
800 489 850 528 de
872 489 956 542 ejus
978 489 1297 528 circumcisione.

435 548 529 595 Pag.
557 540 654 589 882·
686 546 750 587 15-
810 545 893 586 Καὶ
919 545 1004 586 υἱοὶ
1034 543 1186 598 αυτοῦ]
1217 546 1318 585 Vide
1339 545 1536 598 Epiphan.
1558 547 1600 585 in
1618 546 1780 586 Hseresi

316 602 723 655 Harpocratianorum
739 615 871 643 xxvu.
892 616 931 642 n.
955 616 1026 641 vu.
1057 609 1096 642 et
1113 604 1154 641 in
1176 602 1340 641 Haeresi
1363 602 1783 643 Antidicomarianita—

316 673 407 699 rum
427 672 602 697 Lxxvm.
625 672 666 700 n.
684 672 759 698 v11.
776 672 866 701 vm.
890 660 1049 698 Petrum
1075 660 1284 698 Siculum
1274 674 1314 698 in
1335 659 1435 698 Hist.
1457 659 1783 699 Manichaeorum

316 731 356 769 p.
376 718 439 758 18.
462 714 581 754 Mieh.
608 715 775 767 Glycum
794 716 835 754 in
858 715 1039 754 Annalib.
1060 730 1099 768 p.
1121 719 1217 759 208.
1239 718 1334 759 209.
1361 722 1400 754 et
1420 715 1488 754 hic
1505 716 1610 754 infra
1629 731 1667 769 p.
1685 716 1782 760 438.

315 779 522 826 praeterea
542 772 756 811 Baronium
775 772 816 810 in
840 772 1046 825 Apparatu
1067 772 1118 810 ad
1143 772 1282 814 Annal.
1302 773 1408 812 Eccl.
1427 772 1497 823 qui
1514 772 1592 812 istu
1612 786 1662 812 ex
1683 787 1784 826 apo-

317 828 483 881 cryphis
514 828 724 881 desumpta
753 829 937 881 pluribus
971 818 1167 879 ostendit,
1209 829 1434 883 cujusmodi
1466 836 1558 868 sunt
1593 843 1695 882 quae
1733 829 1785 870 de

317 885 446 924 hocce
477 891 707 936 argumento
736 885 876 924 damus
907 900 957 925 ex
976 885 1175 925 Chronico
1196 886 1277 928 MS.
1301 885 1510 938 Symeonis
1529 885 1784 942 Logothetae,

318 942 393 982 sub
420 943 567 981 calcem
590 942 705 981 istius
724 943 870 995 operis.

433 1001 655 1049 Pag.382.
687 1002 751 1042 16.
811 996 977 1052 Σιμων]
1008 997 1205 1066 Epiphan.
1226 995 1422 1051 Συμεών.

435 1057 528 1105 Pag.
557 1058 653 1099 382.
683 1059 751 1099 20.
808 1059 873 1096 En
893 1057 969 1095 τοῦ
988 1051 1159 1108 μεγάλου
1178 1053 1416 1108 Βασιλείου]
1448 1055 1595 1095 Totum
1623 1054 1704 1094 hoc
1732 1069 1784 1095 ex

316 1114 360 1150 S.
380 1112 530 1151 Basilio
548 1118 783 1166 excerptum
802 1112 958 1163 lemma,
988 1125 1116 1163 usque
1133 1111 1184 1150 ad
1199 1125 1340 1152 vocem
1357 1109 1490 1165 Αμην,
1521 1112 1672 1152 omittit
1689 1111 1784 1152 cod.

316 1168 524 1207 Holstenii.

433 1228 527 1275 Pag.
555 1224 652 1267 385.
682 1225 723 1267 5.
781 1221 1001 1277 Γενήσεταί
1019 1239 1099 1273 τις,
1128 1223 1233 1276 οἱα]
1263 1223 1370 1262 Haec
1390 1224 1582 1263 sententia
1600 1223 1810 1279 damnata&

317 1287 388 1320 est.
447 1281 547 1320 Vide
582 1282 744 1318 Soarem
779 1281 830 1320 ad
859 1283 898 1319 S.
929 1280 1121 1319 Thomam
1148 1286 1204 1319 to.
1223 1294 1266 1318 11.
1287 1294 1328 1333 p.
1347 1280 1416 1323 42.
1435 1287 1474 1319 et
1489 1280 1557 1325 48.
1586 1281 1657 1320 ubi
1673 1280 1785 1320 hunc

317 1337 457 1376 Basilii
486 1338 620 1376 locum
647 1337 806 1387 laudat,
838 1343 876 1376 et
902 1338 1078 1376 refutare
1100 1341 1267 1375 conatur
1287 1350 1338 1376 ex
1360 1338 1399 1376 S.
1423 1336 1601 1379 Thoma:
1632 1333 1704 1378 sed
1721 1338 1785 1377 le-

316 1395 421 1446 gisse
441 1394 660 1446 Epistulam
679 1407 720 1433 se
738 1400 872 1446 negat,
904 1407 1022 1445 quam
1044 1393 1112 1432 hic
1129 1392 1250 1432 habes
1268 1407 1318 1432 ex
1339 1393 1507 1436 Radere.

435 1453 529 1500 Pag.
560 1453 656 1494 386.
690 1454 756 1492 10.
817 1450 1019 1503 Ινδικίου]
1061 1450 1138 1488 Hic
1166 1451 1325 1490 variant
1350 1450 1470 1490 Fasti.
1537 1449 1786 1503 Epiphanius

317 1512 359 1546 et
379 1507 555 1556 Idatius,
595 1508 796 1547 Vindicium
814 1512 848 1547 et
873 1507 1025 1546 Varum:
1051 1508 1220 1546 Senator
1232 1539 1244 1557 ,
1274 1508 1459 1547 'Vinicium
1476 1510 1511 1546 et
1527 1507 1697 1559 Alfenum
1713 1508 1787 1547 lta·-

317 1564 408 1603 bent.
466 1564 545 1603 Sed
562 1563 641 1603 hoc
657 1564 749 1604 loco
766 1564 978 1616 legendum
1003 1559 1242 1605 Οὕϊννικίου
1259 1563 1328 1605 καὶ
1349 1560 1540 1617 Ου’ἄρουλ,

172 1627 203 1663 V
225 1627 295 1666 438
435 1623 529 1670 Pag.
561 1623 660 1663 386.
693 1624 758 1664 17.
814 1622 1002 1673 Λαμίου]
1033 1622 1204 1673 Λαμμία
1223 1621 1291 1662 καὶ
1312 1622 1550 1673 Σερουϊλίου
1570 1619 1787 1673 Νουμμίου

318 1676 460 1716 scribit
488 1676 758 1729 Epiphanius,
790 1678 900 1730 apud
932 1691 1072 1729 quem,
1102 1683 1147 1716 ut
1178 1677 1267 1725 hic,
1301 1683 1341 1717 et
1368 1678 1411 1716 in
1433 1676 1560 1716 Fastis
1582 1676 1787 1727 Idatianis,

317 1734 518 1773 omittitur
540 1734 778 1772 Consulatus
800 1734 886 1773 Cati
900 1738 944 1772 et
953 1733 1157 1772 Saturnini.

435 1793 527 1840 Pag.
558 1793 653 1832 386.
687 1793 753 1834 18.
812 1788 1009 1846 Μάγνου]
1029 1790 1153 1829 Addit
1170 1788 1419 1842 Epiphanius
1440 1789 1673 1841 Πομπηΐου,
1691 1802 1787 1842 per-

315 1860 477 1900 peram,
506 1846 641 1898 inquit
667 1846 875 1886 Petavius·
905 1847 984 1885 suit
1006 1847 1111 1885 enim
1139 1847 1174 1885 is
1194 1847 1256 1886 Cn.
1276 1846 1460 1885 Cornelius
1477 1847 1591 1885 Cinna
1608 1845 1787 1897 Magnus,

318 1910 365 1944 ut
383 1909 442 1943 est
461 1903 569 1955 apud
594 1903 770 1942 Dionem.
829 1903 1018 1942 Schottus
1037 1903 1178 1955 Magno
1196 1902 1376 1955 adjungit
1391 1899 1608 1944 Βόλουσον

436 1961 654 2010 Pag.386.
685 1963 751 2003 19.
809 1957 1006 2012 Ηρωδης]
1039 1961 1100 1999 Ex
1132 1959 1329 1998 Chronico
1354 1959 1534 2010 Eusebii‚
1565 1957 1636 1998 ubi
1661 1957 1787 1999 Scali-

317 2030 401 2070 ger.
460 2015 575 2055 Adde
597 2016 762 2067 Gregor.
783 2016 934 2054 Turon.
952 2017 1020 2054 lib.
1037 2030 1063 2057 1.
1088 2016 1189 2056 Hist.
1211 2029 1298 2068 cap.
1314 2030 1436 2055 xxm.

435 2076 529 2123 Pag.
558 2075 654 2115 387.
684 2073 725 2116 5.
787 2071 870 2113 Καὶ
888 2068 1096 2126 Πλαγκου]
1115 2072 1311 2126 Epiphan.
1331 2072 1401 2114 καὶ
1420 2072 1667 2126 Αρουγκίου.
1696 2071 1788 2123 Dio,

320 2129 522 2182 Αἶμυλίου
542 2130 726 2170 Λεπίδου
745 2128 814 2169 καὶ
832 2130 1015 2171 Λουκίου
1035 2130 1301 2196 Αῤῥουντίου.
1357 2129 1466 2169 Fasti
1488 2129 1680 2180 Matiani,
1695 2129 1788 2169 Le-

315 2187 404 2239 pido
422 2191 455 2225 et
471 2186 751 2224 Aruntio.1ta
773 2185 855 2224 alii.

435 2245 530 2293 Pag.
560 2244 656 2285 387.
687 2244 725 2285 6.
788 2241 999 2295 Τιβερίου]
1038 2242 1159 2282 Deest
1198 2241 1267 2281 hie
1307 2242 1545 2282 Consulatus
1572 2242 1617 2282 in
1645 2241 1787 2281 Fastis.

319 2297 442 2351 Apud
473 2298 740 2351 Epiphaniam
768 2298 916 2349 legitur
950 2299 1157 2351 Καίσαρος
1185 2298 1254 2340 καὶ
1279 2300 1528 2348 Καπίτωνος.
1584 2299 1649 2337 In
1657 2297 1786 2339 Fastis

318 2369 416 2394 vero
435 2355 625 2394 Idatianis
645 2356 752 2394 Mss.
777 2355 927 2394 Caesare
946 2360 979 2394 et
996 2356 1174 2407 Capitone.
1220 2356 1321 2395 Nam
1340 2355 1416 2395 hos
1437 2355 1571 2395 omisit
1588 2354 1782 2396 Labbeus.

318 2411 420 2452 Vide
442 2412 649 2455 Petavium
669 2411 721 2451 ad
740 2412 908 2452 eundem
930 2412 1127 2464 Epiphan.
1147 2425 1235 2464 pag.
1258 2414 1326 2456 95.

436 2471 529 2519 Pag.
559 2471 656 2512 387.
687 2472 727 2512 7.
784 2468 1014 2522 Αρχέλαον]
1043 2471 1104 2508 Ex
1127 2469 1273 2508 Chron.
1289 2467 1470 2516 Eusebii‚
1501 2466 1574 2506 ubi
1596 2467 1785 2518 Scaliger.

169 2539 197 2573 p
226 2539 296 2575 523
437 2527 530 2576 Pag.
558 2528 655 2568 387.
684 2527 726 2568 9·
779 2525 1021 2578 Λυσανίαν]
1053 2527 1136 2577 Neg
1115 2532 1179 2565 oat
1198 2525 1387 2578 Scaliger,
1417 2523 1526 2577 quod
1545 2524 1686 2564 scribit
1708 2525 1785 2562 Eu-

323 2580 478 2632 sebius,
508 2588 550 2622 et
566 2595 617 2622 ex
643 2595 690 2621 eo
714 2581 908 2634 Georgius
926 2583 1102 2635 Syncell.
1124 2589 1163 2622 et
1183 2582 1398 2630 Cedreuus,
1429 2581 1638 2634 Lysaniam
1657 2581 1785 2619 ullum

322 2639 447 2678 fuisse
483 2638 609 2678 filium
636 2638 830 2688 Herodis,
860 2639 955 2678 licet
978 2645 1117 2678 testem
1146 2638 1364 2692 Josephum
1385 2638 1577 2685 adducat,
1606 2639 1676 2690 qui
1696 2637 1786 2676 nul·

324 2695 401 2734 lius
437 2695 592 2749 uspiam
620 2695 691 2734 filii
723 2695 896 2735 Herodis
932 2696 1129 2744 meminit,
1168 2697 1234 2734 cui
1260 2710 1405 2735 nomen
1433 2695 1624 2745 Lysaniae
1652 2693 1785 2735 fuerit.

290 2751 485 2847 Itilysitjm
519 2759 641 2793 vocat
681 2752 786 2793 idem
828 2752 1021 2793 Eusebius
1058 2759 1099 2793 et
1128 2751 1274 2793 chron.
1301 2753 1383 2793 MS.
1411 2750 1620 2805 symeonis
1649 2751 1787 2803 Logo-

374 2821 394 2848 e
437 2822 458 2849 e
