1832 3276
448 189 521 230 AD
558 187 886 231 CHRONICUM
917 187 1369 230 ALEXANDRINUM.
1539 183 1639 233 563

172 311 248 351 per
285 297 353 341 50.
394 297 576 347 dividas,
617 311 697 336 non
735 296 899 348 colliges
935 296 1011 336 nisi
1051 296 1212 348 triginta
1247 309 1392 336 novem
1429 295 1637 348 jubilaeos,

173 369 277 394 cum·
295 354 460 394 Contius
493 361 620 406 ponat
648 354 909 406 quadraginta
942 367 1101 394 novem.
1159 353 1310 394 Deinde
1338 352 1530 392 Eusebius
1558 366 1637 392 non

171 411 287 464 ponit
315 411 575 463 quadraginta
606 424 774 460 novem,
804 416 849 448 ut
878 410 1044 450 Connus
1073 409 1264 456 affirmat,
1294 409 1366 448 sed
1388 409 1489 449 duos
1514 423 1637 448 annos

175 468 284 507 addit
313 467 364 506 ad
397 467 517 510 1948.
546 473 591 505 ut
617 466 714 506 fiant
744 467 866 510 1950.
895 467 963 519 qui
993 481 1044 506 ex
1082 467 1181 505 falsa
1210 466 1420 519 putatione
1458 473 1638 506 numerat

175 523 439 577 qnadraginta
468 523 689 573 jubilaeos,
719 537 808 563 cum
831 529 987 562 tantum
1019 523 1286 574 sint'triginta
1313 536 1470 564 novem.

286 581 493 619 Praeterea
524 580 714 632 periodus
742 579 914 621 Jubilaei
943 586 1098 619 constat
1125 579 1271 633 septies
1309 579 1482 632 septenis
1511 579 1640 628 annis,

175 636 245 689 qui
274 637 454 676 efficiunt
480 637 550 680 49.
578 650 659 676 non
688 636 755 678 50.
785 636 819 674 si
848 636 1005 676 dividas
1035 637 1159 680 1950.
1189 650 1264 690 per
1292 636 1362 680 49.
1391 636 1553 688 colliges
1581 636 1642 688 ju-

172 693 324 732 bilaeos
353 693 477 747 3923.

285 750 423 802 Itaque
446 750 482 788 si
503 763 597 789 vera
625 748 781 793 ratione
804 756 923 802 putes
951 764 1074 789 annos
1101 748 1320 799 Jubilaeos,
1347 747 1427 788 hoc
1455 755 1537 798 est,
1566 761 1639 800 per
1662 755 1707 789 28

175 806 318 859 septies
346 812 520 859 septem,
550 806 634 845 sive
662 819 736 858 per
764 806 1050 858 quinquaginta
1078 820 1203 845 annos
1232 819 1436 857 nunquam
1465 804 1643 858 prodibit

176 864 497 915 quadragesimus
524 863 736 902 Jubilaeus.
791 863 952 902 Erravit
980 877 1074 914 ergo
1104 862 1270 901 Contius
1293 862 1388 901 totis
1416 862 1554 901 decem
1569 862 1641 900 Ju—

174 920 322 960 bilaeis.
379 919 574 958 Eusebius
603 933 706 967 uno,
746 919 780 957 si
810 919 1097 971 quinquaginta
1131 918 1282 958 solidos
1310 932 1435 957 annos
1462 919 1641 958 Jubilaeo

175 975 467 1029 complectitur.
503 976 536 1014 si
565 976 752 1028 proprie,
783 975 1043 1015 nihilominus
1072 975 1280 1015 decennio.

283 1032 417 1072 Editio
448 1032 641 1071 Hebraica
669 1033 841 1079 (inserta
871 1039 1000 1071 tamen
1032 1047 1082 1072 ex
1110 1031 1277 1072 Mariani
1307 1031 1416 1070 Scoti
1445 1030 1642 1069 sententia

173 1090 343 1128 Cainana
373 1087 548 1143 familia)
593 1088 670 1127 hoc
699 1096 778 1138 est,
820 1092 912 1133 130.
941 1090 1076 1138 annis,
1115 1094 1299 1128 numerat
1326 1087 1376 1126 ab
1407 1087 1559 1126 Adamo
1590 1087 1641 1126 ad

173 1147 438 1188 abrahamum
472 1160 594 1184 annos
622 1159 887 1184 MMCLxxvnl.

287 1203 406 1255 Apud
445 1203 720 1255 septuaginta,
758 1209 803 1241 ut
838 1202 958 1241 hodie
994 1202 1204 1254 leguntur,
1243 1213 1505 1240 mcccxiv.
1581 1200 1643 1238 Ex

175 1259 356 1312 Origenis
391 1260 678 1299 emendatione.

285 1316 375 1358 XII,
438 1317 554 1355 Unica
592 1317 658 1355 lux
686 1320 762 1353 erat
791 1313 1025 1366 intelligens]
1067 1313 1238 1352 Librarii
1278 1313 1378 1352 vitio
1422 1313 1536 1351 locus
1575 1311 1641 1350 hic

172 1373 333 1437 penitus
371 1379 427 1411 est
466 1372 728 1424 depravatus,
773 1386 890 1423 quem
920 1379 1052 1410 tamen
1080 1370 1301 1422 exprimele
1332 1370 1552 1417 voluimus,
1599 1374 1644 1406 ut

113 1447 115 1449 ’
174 1431 216 1468 in
246 1430 343 1471 Cod.
374 1430 453 1470 MS.
483 1429 604 1468 hodie
631 1428 790 1480 legitur.
849 1428 926 1467 Sed
964 1427 1031 1466 hic
1065 1427 1182 1479 juvat
1210 1426 1489 1477 Aesculapium
1519 1423 1643 1462 adhi-

171 1487 286 1535 bere,
320 1492 361 1525 et
389 1486 528 1524 affecta
559 1486 783 1538 scripturae
811 1485 899 1523 loca
929 1499 978 1522 ex
1009 1484 1098 1522 aliis
1128 1482 1416 1535 sciiptonibus‚
1449 1482 1642 1530 Cedreno,

174 1544 358 1595 inquam,
397 1543 540 1591 Suida‚
578 1549 617 1582 et
649 1542 819 1580 maxime
849 1555 900 1580 ex
929 1542 974 1582 D.
1007 1540 1175 1592 cyrillo,
1216 1539 1322 1578 unde
1352 1538 1429 1577 hoe
1458 1552 1508 1577 ex
1538 1538 1643 1576 Tris-

174 1600 342 1651 megisto
376 1600 646 1638 testimonium
686 1598 973 1650 transcriptum
1016 1604 1097 1646 est,
1136 1609 1362 1648 persanare.
1422 1594 1642 1633 Audiamus

176 1657 396 1708 Cyrillum,
429 1657 500 1695 sed
531 1657 735 1704 Latinum,
764 1669 854 1693 nam
887 1654 1028 1693 Graeci
1060 1653 1211 1691 codicis
1239 1654 1546 1691 instrumentum
1576 1652 1643 1690 de-

174 1714 265 1754 fuit.
329 1713 411 1751 Una
438 1714 515 1751 sola
543 1717 618 1751 erat
647 1713 713 1751 lux
741 1712 907 1750 mentalis
934 1715 1015 1750 ante
1043 1711 1154 1748 lucem
1182 1710 1386 1758 mentalem,
1415 1713 1449 1746 et
1477 1712 1529 1746 est
1555 1721 1644 1746 sem-

169 1784 236 1822 per
274 1782 369 1808 mens
408 1772 530 1808 mentis
561 1770 741 1822 fulgida,
777 1774 810 1806 et
848 1769 941 1806 nihil
979 1767 1082 1805 aliud
1108 1770 1208 1814 erat,
1249 1779 1355 1816 quam
1382 1766 1492 1814 hujus
1520 1767 1644 1803 unitas

175 1839 305 1878 semper
333 1828 370 1864 in
397 1829 515 1878 seipsa
541 1828 714 1864 existens:
740 1838 869 1876 semper
897 1838 964 1862 sua
992 1828 1114 1871 mente,
1142 1828 1176 1860 et
1204 1823 1292 1870 luce,
1319 1827 1353 1860 et
1372 1823 1503 1873 spiritu
1527 1824 1643 1860 omnia

175 1885 348 1931 continet,
378 1880 443 1935 (et
471 1889 565 1934 post
593 1882 668 1920 alia
699 1879 822 1932 dicit)
854 1880 978 1919 Extra
1006 1881 1108 1918 illum
1137 1893 1206 1917 non
1239 1879 1354 1927 Deus,
1382 1891 1454 1916 mm
1482 1879 1644 1928 angelus,

175 1954 245 1988 nen
274 1940 442 1989 daemon,
468 1953 536 1977 non
563 1940 763 1977 substantia
792 1938 918 1988 aliqua
946 1938 1036 1975 alia.
1099 1936 1248 1974 Omnino
1275 1938 1366 1973 enim
1393 1938 1444 1973 esl
1472 1935 1647 1973 Dominus

176 2000 210 2035 et
234 2000 356 2047 pater,
389 2000 422 2034 et
450 1996 568 2045 Rem,
597 2000 631 2035 et
651 1995 761 2046 fons,
790 1999 824 2032 et
854 1997 954 2043 vita,
983 1997 1017 2031 et
1045 1995 1200 2042 veritas,
1231 1996 1264 2030 et
1287 1992 1374 2039 lux,
1401 1994 1436 2029 et
1463 2004 1581 2039 mens,
1610 1995 1646 2029 et

176 2054 346 2119 spiritus,
388 2056 422 2091 et
449 2054 565 2090 munia
591 2057 630 2091 in
655 2054 750 2104 ipso,
786 2056 820 2090 et
855 2053 919 2089 sub
951 2053 1026 2101 ipso
1056 2053 1149 2088 sunt.
1208 2047 1286 2099 (Et
1314 2048 1461 2099 supra)
1497 2048 1644 2086 Verbum

176 2112 264 2148 em'm
293 2110 372 2158 ejus
395 2110 584 2160 procedens
607 2109 804 2160 perfectum
823 2111 972 2146 existens
990 2110 1024 2145 et
1044 2106 1254 2157 secandum,
1282 2108 1316 2142 et
1337 2104 1471 2155 opifex,
1500 2107 1540 2142 in
1559 2103 1645 2155 fae-

177 2166 326 2204 cundam
364 2169 531 2204 naturam
567 2166 715 2214 cadens,
751 2169 784 2202 et
805 2164 994 2216 faecunda
1022 2175 1118 2213 aqua
1141 2161 1362 2213 saecundum
1389 2173 1520 2212 aquam
1539 2160 1644 2211 feeit.

178 2223 241 2261 Ex
275 2221 354 2260 hoc
395 2222 536 2274 Cyrilli
574 2223 664 2260 loco
703 2221 822 2259 facile
862 2220 938 2260 erit
975 2219 1211 2258 mendosum
1253 2217 1410 2255 librarii
1448 2217 1644 2255 calamum

178 2278 410 2317 emaculare.
468 2278 566 2317 Nam
607 2292 725 2316 unam
765 2291 907 2316 vocem
943 2276 1053 2314 illam
1090 2270 1306 2327 πρόφωτος
1334 2287 1496 2326 separo,
1536 2279 1575 2312 et
1602 2273 1642 2311 in

180 2335 279 2374 duas
319 2335 519 2385 distinguo
563 2333 640 2387 πρὸ
679 2332 832 2386 φωτός,
877 2333 934 2371 uti
964 2339 1005 2371 et
1030 2331 1136 2383 apud
1166 2330 1328 2368 Suidam
1356 2330 1516 2382 legitur.
1575 2331 1639 2368 Se
1665 2342 1712 2376 29

180 2391 338 2444 quitur:
374 2396 408 2430 et
446 2397 496 2430 est
531 2405 661 2443 semper
694 2390 831 2442 (apud
868 2389 1032 2428 Suidam
1069 2388 1216 2438 legitur
1253 2381 1308 2438 ἦν
1337 2400 1413 2439 pro
1443 2385 1552 2434 ἐστι)
1590 2386 1646 2425 Et

180 2453 257 2487 erat
284 2461 378 2487 mens
406 2450 528 2487 mentis
551 2449 732 2500 fulgida,
771 2447 937 2485 tollatur
965 2458 1058 2496 ergo
1099 2442 1220 2497 (και)
1258 2443 1513 2495 interjectum
1540 2443 1646 2481 intel

182 2507 281 2553 νοῦς
321 2511 360 2543 et
402 2503 518 2553 νοὸς,
566 2505 623 2542 uti
661 2510 699 2542 et
736 2503 804 2541 hic
834 2502 943 2555 apud
973 2502 1166 2553 Cyrillum
1197 2513 1278 2538 non
1307 2499 1530 2557 reperitur,
1569 2512 1645 2537 nec

184 2561 291 2613 apud
320 2560 492 2603 Suidam.
553 2561 653 2611 Ergo
684 2559 887 2599 emendate
915 2558 1065 2598 scribes
1092 2557 1175 2597 hoc
1202 2555 1345 2595 modo}
1388 2554 1470 2595 Καὶ
1497 2557 1551 2607 ἡν
1582 2551 1645 2596 αἐὶ

183 2620 281 2665 νοῦς
317 2634 410 2666 νοος
451 2633 656 2682 φωτεινιις.
714 2617 825 2665 Quae
862 2621 1083 2667 sequuntur
1118 2614 1277 2666 penitus
1316 2617 1507 2664 corrupta
1536 2618 1642 2658 sunt,

185 2673 254 2712 sed
282 2674 453 2714 retinent
482 2674 662 2726 vestigia,
691 2687 766 2726 per
779 2686 894 2744 3‘quae
922 2671 974 2711 ad
1004 2685 1137 2712 veram
1166 2669 1405 2741 scripturam
1433 2668 1646 2737 pervenia-

186 2743 286 2768 mus.
345 2730 427 2771 Καὶ
455 2728 577 2772 ουδὲν
606 2731 738 2797 ἕτερον
768 2746 821 2782 ην
848 2728 878 2780 ἦ
904 2724 1048 2770 τούτου
1077 2727 1120 2768 ἐν
1151 2721 1184 2781 ᾧ
1213 2729 1306 2778 τῆς,
1335 2726 1442 2777 lege,
1472 2724 1539 2765 καὶ
1569 2721 1646 2765 οὗ·

188 2784 256 2827 δὲν
297 2785 428 2839 ἕτερον
464 2781 538 2840 ἦν,
581 2784 610 2840 ἢ
646 2783 790 2828 τούτου
829 2781 969 2837 ἑνότης
1006 2781 1070 2825 ἆει
1108 2783 1150 2825 ἐν
1186 2781 1316 2838 ἓοιυτιιῖ
1345 2797 1415 2823 ων.
1470 2781 1526 2820 Et
1555 2782 1646 2820 ηιΙιὶἰ

132 2893 133 2896 ¹
188 2843 291 2883 aliud
318 2847 395 2882 erat
435 2844 614 2897 (nempe
628 2842 751 2896 νοῦς)
792 2856 895 2895 quam
922 2843 1032 2891 hujus
1059 2843 1182 2880 unitas
1210 2853 1341 2891 semper
1370 2841 1409 2878 in
1433 2840 1544 2892 seipso
1570 2840 1648 2877 exi-
