1820 3276
271 238 373 287 452
830 237 1150 280 NOTAE

272 350 395 398 KAS,
437 347 505 386 ubi
530 345 741 385 observare
771 352 831 385 est
874 345 973 385 haec
1008 345 1155 398 partim
1195 345 1380 396 Graecis,
1409 346 1558 399 partim
1590 345 1738 384 Latinis

273 403 572 445 characteribus
601 416 686 442 esse
716 409 888 441 exarata.
935 404 994 441 lta
1023 402 1131 454 apud
1163 403 1398 454 scriptorem
1421 402 1607 441 Chroniei
1632 416 1737 441 anno

272 477 329 504 vx.
359 459 595 508 Justiniani,
632 459 675 498 in
707 465 834 498 terrae
876 467 984 498 motu
1015 459 1127 511 plebs
1157 460 1389 498 inclamasse
1419 460 1589 508 dicitur,
1629 459 1739 499 Νίκα

271 518 301 571 ἦ
328 514 427 570 τύχη
461 519 544 556 τῶν
568 518 843 567 Χριστιανῶν·
884 522 923 554 et
953 513 1159 569 Αὔγουστε
1191 513 1437 556 Ιουστινιανὲ
1472 518 1545 555 τοῦ
1586 516 1738 568 βίγκας.

272 577 404 627 Atque
431 573 529 611 haec
559 572 850 611 acclamationis
880 573 1032 624 species
1063 587 1085 611 a
1116 572 1369 611 Circensibus
1398 571 1613 624 profluxit,
1643 571 1739 624 qui-

270 633 346 670 bus
377 629 584 669 Factiones
611 629 823 667 victoriam
856 629 1114 668 Factionariis
1146 629 1228 666 suis
1258 628 1517 679 agitatoribus
1546 628 1740 680 adpreca-

272 689 442 734 bantur,
484 686 550 724 vel
580 686 689 736 quod
721 692 764 724 ut
794 699 878 724 eam
908 685 1099 736 consequi
1128 692 1396 734 conarentur,
1433 683 1543 723 hisce
1572 684 1739 723 stimulis

271 745 363 783 illos
399 743 632 781 incitarent:
674 742 742 780 sed
783 748 821 781 et
858 743 1058 781 interdum
1096 740 1199 779 hanc
1238 747 1471 780 consecutos
1509 740 1737 782 innuebant.

271 801 376 840 Hinc
406 802 447 838 in
475 799 627 850 aliquot
656 799 852 847 nummis,
878 812 978 850 quos
1011 798 1255 836 Contorniatos
1286 804 1457 846 vocant,
1487 798 1556 835 ubi
1587 796 1740 850 Euthy-

271 857 375 896 mius
406 855 569 908 quidam
599 856 774 894 famosus
805 855 916 906 pugil
945 854 1178 900 exhibetur,
1217 854 1438 894 EVTYMI
1471 852 1603 892 NIKA
1638 853 1739 905 legi-

270 921 359 953 tur:
393 920 432 952 et
461 914 503 950 in
524 913 686 964 antiquo
710 911 842 965 lapide
873 924 990 963 quem
1021 925 1070 949 ex
1098 911 1328 961 Bullingero
1358 910 1427 948 hic
1456 909 1738 958 describemus,

274 971 366 1021 quia
398 970 506 1008 deest
535 970 645 1021 apud
680 969 896 1006 Gruterum
929 967 1150 1019 [Bulengero
1175 968 1349 1007 voluisse
1377 968 1637 1018 Ducangium‚
1666 980 1740 1005 nec

274 1027 409 1066 deesse
442 1025 609 1078 lapidem
645 1024 752 1077 apud
788 1025 1024 1074 Gruterum,
1061 1031 1175 1063 notat
1209 1023 1522 1076 Hagenbuchius
1553 1023 1738 1076 Inscript.

273 1084 398 1123 Orelli
420 1083 499 1121 vol.
517 1081 547 1121 I.
569 1097 608 1134 p.
629 1080 773 1133 546.]:

493 1137 525 1175 A
640 1138 692 1175 M.
725 1135 948 1174 AURELIO
979 1135 1167 1173 LIBERO
1485 1135 1521 1174 G

492 1195 526 1231 R
641 1193 796 1231 PATRI
824 1192 887 1230 ET
916 1192 1184 1230 MAGISTRO
1486 1193 1519 1231 E

492 1251 527 1288 A
634 1250 700 1287 ET
730 1248 884 1287 SOClO
917 1247 1119 1286 DOMINO
1485 1248 1520 1286 N

494 1305 533 1344 M
638 1305 702 1344 ET
733 1303 1018 1343 AGITATORI
1049 1304 1077 1341 F
1082 1304 1318 1343 ACTIONIS
1487 1304 1522 1342 Τ

495 1363 529 1399 Α
867 1360 1130 1400 PRASINAE.
1493 1361 1511 1399 l

494 1418 528 1455 N
644 1416 895 1455 AURELIUS
929 1417 1123 1456 CAECIL.
1156 1417 1388 1455 PLANETA
1474 1417 1528 1466 NI

494 1475 527 1512 T
640 1474 983 1512 PROTOGENES
1014 1474 1081 1511 OB
1109 1473 1180 1514 ΙΙΙ.
1213 1474 1308 1511 PAL
1489 1474 1519 1511 C
1561 1472 1565 1475 ’

506 1531 518 1568 Ι
641 1530 746 1568 MAS
775 1530 880 1568 HOC
911 1530 1095 1568 DONUM
1124 1529 1286 1570 VOVIT
1486 1528 1523 1568 A

474 1588 528 1625 NI
641 1587 872 1625 NATIONE
901 1587 1014 1625 AFR.

128 1705 159 1741 P
181 1705 250 1742 594
273 1700 350 1739 Ubi
379 1700 633 1751 Bullingerus
661 1714 744 1739 non
774 1700 949 1740 advertit
976 1700 1049 1739 has
1078 1714 1221 1750 voces,
1246 1700 1439 1738 Aramantz·
1456 1701 1561 1747 nica,
1581 1701 1614 1735 et
1634 1697 1744 1735 Genti

271 1760 374 1807 nica,
405 1757 708 1796 acclamationes
740 1771 824 1796 esse
854 1758 978 1795 factas
1008 1759 1217 1796 Aramantio
1246 1763 1284 1794 et
1307 1757 1432 1794 Gentio
1462 1753 1741 1806 agitatoribus:

270 1814 501 1866 cujusmodi
529 1820 733 1865 praeterea
765 1813 1047 1853 describuntur
1075 1815 1140 1852 lib.
1173 1828 1210 1854 v.
1242 1812 1402 1851 Anthol.
1433 1812 1568 1865 Epigr.
1598 1823 1742 1849 Lxxm.

271 1870 315 1908 in
344 1870 614 1923 Porphyrium
647 1869 845 1920 aurigam:

124 1934 154 1968 V
179 1935 249 1972 532
270 1951 273 1954 ·
499 1925 669 1978 Τέτραχα
692 1924 765 1978 μὲν
786 1921 1008 1978 τοπάροιθε
1034 1921 1245 1977 διάκριδον
1265 1924 1350 1977 ἰἀχε
1370 1925 1511 1977 δῆμος,

556 1986 592 2022 T
588 1980 636 2023 ὁν
658 1981 965 2035 Καλχαντιάδην
989 1978 1231 2035 Πορφύριον
1255 1979 1434 2022 ποθέων.

272 2051 415 2090 nempe
444 2044 490 2077 ut
516 2039 709 2078 vinceret.
768 2039 847 2077 Sed
882 2039 932 2077 de
966 2038 1162 2091 ejusmodi
1200 2038 1367 2076 vocibus
1408 2043 1446 2076 et
1476 2034 1741 2075 acclamatio-

276 2095 393 2133 nibus
418 2095 495 2133 alia
521 2095 719 2145 attigimus
749 2095 789 2133 in
819 2095 981 2134 Dissert.
1009 2094 1059 2133 de
1087 2094 1288 2133 inferioris
1318 2095 1406 2133 aevi
1427 2091 1740 2132 Numismatibus

275 2152 323 2190 N.
341 2165 457 2191 wa.
489 2159 527 2191 et
559 2152 602 2190 in
628 2152 800 2190 Glossar.
829 2152 931 2192 med.
965 2152 1138 2190 Graecit.
1166 2151 1209 2189 in
1238 2165 1278 2191 v.
1302 2151 1438 2200 Νίκα,
1468 2156 1508 2189 et
1535 2149 1577 2188 in
1605 2147 1738 2187 Addit.

385 2208 479 2246 Ibid.
539 2207 748 2262 Αμαρτία]
798 2209 1026 2259 Ανταρσία,
1066 2215 1104 2246 et
1144 2204 1286 2257 ἀταξία
1321 2207 1430 2259 apud.
1457 2204 1739 2257 Theophanem

274 2270 312 2302 et
346 2265 387 2302 in
430 2264 629 2303 Chronico
659 2265 738 2304 MS.
772 2264 820 2302 ab
862 2265 1012 2304 Adamo
1052 2265 1104 2303 ad
1149 2265 1317 2303 Leonem
1358 2264 1596 2317 Sapientem.
1661 2260 1740 2301 Hic

274 2334 397 2373 porro
437 2322 539 2359 sorte
578 2321 789 2372 legendum
835 2317 1055 2375 ἆνταρτία,
1110 2321 1312 2373 quomodo
1360 2320 1521 2371 conjicit
1559 2318 1739 2358 Holsten.

274 2389 393 2428 quam
437 2378 599 2428 quidem
637 2378 849 2428 utriusque
895 2378 1094 2416 Factionis
1140 2378 1376 2417 seditionem
1423 2378 1490 2416 vel
1529 2373 1739 2415 dissidium

273 2433 622 2485 Πρασινοβένετον
659 2433 724 2472 hic
762 2440 882 2472 vocat
929 2435 1123 2485 Georgius
1163 2434 1419 2473 Hamartolus
1457 2434 1498 2472 in
1539 2430 1738 2471 Chronico

272 2489 353 2530 MS.
389 2489 471 2530 Καὶ
498 2488 519 2531 ὅ
547 2491 674 2541 δῆμος
713 2486 887 2542 ἀντάρας
926 2489 970 2532 τὸ
1002 2487 1215 2544 λεγόμενον
1243 2490 1634 2543 Πρασινοβαίνετον,
1664 2493 1737 2527 etc.

272 2545 360 2584 Hac
389 2546 492 2584 enim
522 2552 778 2597 tempestate,
817 2546 913 2585 licet
936 2561 991 2587 1v.
1026 2553 1156 2585 essent
1187 2547 1413 2595 Factiones,
1451 2546 1553 2584 duae
1581 2550 1738 2584 tantum

270 2609 319 2641 ut
349 2602 558 2655 primariae
589 2602 671 2642 fere
697 2608 911 2652 notantur,
949 2603 1057 2654 quod
1087 2603 1136 2640 iis
1167 2603 1266 2642 aliae
1307 2603 1409 2641 forte
1440 2601 1649 2655 adjunctae
1679 2615 1738 2640 es-

272 2664 383 2710 seut,
414 2673 516 2711 quae
546 2665 603 2698 est
632 2659 826 2697 sententia
854 2659 1073 2709 Bullingeri
1101 2659 1169 2698 lib.
1202 2660 1251 2698 de
1280 2659 1398 2697 Circo
1429 2673 1515 2711 cap.
1546 2670 1691 2697 XLvur.

386 2716 481 2755 Ibid.
538 2712 801 2767 Ανελθόντα]
838 2715 897 2753 Ab
926 2714 1037 2754 hisce
1067 2715 1199 2754 verbis
1229 2730 1276 2754 ac
1305 2715 1433 2768 prima
1462 2716 1538 2754 ista
1567 2713 1736 2767 periodo

275 2772 485 2812 exordium
525 2772 638 2811 ducit
673 2778 871 2823 gestorum
910 2771 950 2810 in
991 2770 1068 2810 hac
1107 2771 1302 2810 seditione
1340 2774 1516 2810 narratio
1548 2785 1598 2810 ex
1627 2770 1737 2809 Actis

273 2828 446 2880 publicis
475 2829 582 2882 apud
611 2827 911 2881 Theophanem,
942 2841 1086 2880 quam,
1115 2835 1325 2880 antequam
1346 2827 1379 2867 is
1400 2829 1604 2878 ederetur,
1622 2826 1737 2866 Notis

269 2884 356 2924 ‘suis
386 2886 438 2925 ad
470 2886 658 2940 Procopii
686 2885 891 2926 Aneedota
907 2886 1130 2926 inseruerat
1150 2885 1415 2936 Alemannus‚
1447 2884 1582 2925 addita
1595 2883 1737 2924 Latina
1776 2915 1780 2920 ,
