1832 3276
287 167 387 216 560
760 172 1282 215 ANIMADVERSIONES
1825 139 1832 223 l

403 280 545 332 Legisti
591 280 765 319 secunda
809 280 981 319 chiliade
1024 281 1182 334 expleta
1221 282 1369 320 factum
1408 295 1492 321 esse
1534 282 1745 330 diluvium,

72 337 368 378 'miccnxmhoc
398 343 480 386 est,
518 336 578 380 bis
609 337 834 387 millesimo,
874 335 1143 376 ducentesimo
1164 337 1182 357 *
1222 338 1519 390 quadragesimo
1555 339 1747 387 secundo,

289 402 335 433 ut
363 394 470 445 apud
500 394 748 445 septuaginta
776 394 896 433 hodie
926 394 1091 445 legitur,
1120 402 1159 433 et
1189 394 1283 433 olim
1310 395 1536 446 legebatur,
1566 402 1605 434 et
1632 394 1750 434 chro-

290 449 483 501 nographi
513 451 835 501 praestantissimi
864 451 1053 492 scribunt.
1096 464 1333 502 quamquam
1361 451 1529 490 Hebraei
1559 458 1597 490 et
1629 451 1750 490 hodie

290 507 419 546 Latini
454 507 586 556 legant
613 520 777 547 MDcLVI.
805 506 1027 546 Methodius
1058 521 1152 558 ergo
1185 508 1317 546 minus
1348 508 1480 560 potius
1511 521 1629 559 quam
1659 507 1750 560 plus

222 571 269 605 23
295 577 367 616 pro
399 565 570 601 Graecae
600 563 796 602 Ecclesiae
826 563 1110 603 consuetudine
1149 569 1188 602 et
1216 564 1368 602 ratione
1399 564 1532 616 ponit,
1581 577 1671 602 cum
1707 563 1750 602 in

289 621 447 672 expleta
475 620 647 658 secunda
677 619 867 670 chiliade,
907 620 985 659 hoc
1016 627 1096 668 est,
1137 620 1196 658 bis
1227 621 1434 660 millesimo
1463 619 1656 658 accidisse
1686 619 1751 659 di-

289 676 441 715 luvium
471 675 618 714 scribit.
676 676 877 728 [interpres
905 676 1098 716 Methodii
1127 676 1238 722 rudis
1264 684 1302 715 et
1329 677 1522 716 barbarus
1551 675 1649 726 fuit;
1678 689 1753 715 nu-

290 733 390 771 meri
419 732 713 771 mendosissime
743 733 863 779 editi,
903 734 1069 772 fortasse
1106 734 1222 771 etiam
1252 733 1300 772 ab
1331 733 1547 785 interprete
1578 733 1755 779 nonju-

292 790 451 829 tellecti.
510 791 662 828 Auctor
690 789 919 829 Methodius
943 791 1007 828 vir
1034 789 1206 840 ingentis
1232 789 1392 841 ingenii,
1423 789 1637 834 doctrinae,
1666 802 1757 828 san·
1826 823 1828 826 ,

293 847 464 894 cuiatis,
503 846 596 897 qui,
626 852 726 884 teste
756 846 901 896 Suida,
930 846 1092 898 Olympi
1122 846 1251 894 filius,
1282 844 1433 884 Pataris
1458 848 1511 884 Ξίιι
1539 846 1657 898 Lycia
1686 859 1769 889 na-,
1827 838 1832 877 ἶ

292 911 380 952 tus,
421 903 514 954 Tyri
546 902 623 940 fuit
652 902 895 955 EpiscopuS‚
937 910 976 941 et
1007 903 1125 940 Decio
1163 917 1209 941 ac
1242 903 1452 941 Valeriano
1491 904 1534 941 in
1564 901 1754 941 Christis*
1826 907 1832 916 ‘

293 974 365 999 nos
401 959 683 1008 saevientibus,
722 972 795 1010 pro
827 959 986 998 Christo
1017 958 1206 998 Chalcide
1242 959 1443 998 occubuit.
1499 958 1703 998 Laudatur
1730 973 1752 997 a

295 1019 338 1055 Ι).
367 1016 625 1068 Hieronymo,
656 1013 811 1064 Phoda,
847 1015 978 1055 Suida.
1035 1015 1082 1053 ln
1111 1015 1219 1054 hunc
1252 1015 1445 1055 Methodii
1473 1015 1652 1054 libellum
1681 1028 1754 1054 ca-

293 1074 376 1126 pita
407 1072 582 1123 quinque
621 1072 858 1124 conscripsit
890 1072 971 1123 jam
1001 1071 1096 1109 olim
1130 1072 1386 1123 Wolfgangus
1415 1071 1592 1123 Aitinger
1622 1073 1754 1123 Augu-

292 1136 375 1169 stae
406 1129 561 1168 Vindel.
592 1128 774 1177 clericus,
805 1134 850 1166 ut
873 1129 959 1179 ipse
987 1127 1030 1165 in
1059 1127 1136 1166 fine
1163 1128 1257 1167 libri
1285 1142 1400 1167 suum
1422 1132 1569 1167 nomen
1597 1127 1754 1168 adscri-

293 1186 381 1239 psit.
440 1185 519 1223 Sed
558 1184 606 1222 de
644 1184 774 1222 causis
807 1184 950 1223 diluvii
991 1197 1125 1223 omnes
1162 1190 1242 1223 tam
1283 1184 1426 1224 Graeci
1463 1194 1581 1236 quam
1625 1184 1753 1223 Latini

293 1244 403 1290 fuse,
442 1247 485 1280 ut
513 1240 580 1279 hic
609 1254 753 1291 operae
781 1254 862 1279 non
891 1239 944 1280 sit
971 1241 1138 1279 verbum
1169 1240 1325 1280 addere.
1381 1241 1443 1280 An
1479 1254 1602 1293 porro
1631 1241 1756 1280 libel-

294 1300 356 1338 lus
384 1297 452 1336 hic
482 1297 534 1336 sit
562 1296 753 1336 Methodii
783 1311 991 1348 germanus
1020 1304 1174 1349 partus,
1204 1311 1283 1336 non
1311 1297 1487 1350 disputo,
1521 1303 1674 1337 tantum
1705 1297 1755 1336 de

290 1356 424 1407 iniqua
456 1354 696 1393 Comestoris
729 1354 1054 1407 interpretatione
1082 1359 1241 1406 questus
1270 1359 1371 1404 sum,
1401 1362 1479 1407 qua
1509 1354 1607 1394 alios
1638 1354 1754 1405 etiam

291 1415 332 1450 iu
364 1425 537 1450 errorem
564 1411 737 1452 induxit.

406 1468 510 1507 Vlll.
566 1469 598 1506 A
620 1468 754 1506 diluvio
776 1481 884 1519 usque
904 1467 1161 1507 admolitionem
1179 1471 1287 1507 turris
1307 1472 1486 1508 censentur
1501 1470 1588 1507 anni
1602 1466 1753 1519 neum]

293 1524 542 1578 Nicephorus
574 1524 674 1563 duos
707 1524 829 1562 addit.
887 1531 981 1576 post
1010 1524 1224 1573 diluvium,
1257 1525 1410 1577 inquit,
1449 1527 1551 1562 anno
1581 1523 1755 1563 secundo

295 1584 431 1620 Senius
471 1581 576 1620 filius
613 1581 699 1619 Noe
728 1587 844 1619 natus
874 1595 998 1619 annos
1032 1588 1190 1619 centum
1222 1582 1357 1631 genuit
1390 1580 1620 1633 Arphaxad.
1680 1580 1755 1619 Sed

293 1638 545 1690 Nicephorus
577 1651 656 1675 non
686 1644 842 1676 constat
871 1637 972 1688 sibi,
1012 1650 1103 1676 cum
1140 1651 1262 1690 supra
1294 1637 1439 1676 dixerit
1467 1639 1623 1676 Semum
1653 1650 1756 1675 anno

297 1694 610 1747 quingentesimo
641 1693 786 1732 No'ethi
822 1699 958 1732 natum
989 1707 1095 1742 esse,
1136 1700 1176 1732 et
1204 1694 1488 1733 sexcentesimo
1516 1694 1665 1732 factum
1695 1693 1756 1732 di-

295 1752 470 1800 luvium,
512 1765 591 1801 quo
632 1765 734 1788 anno
771 1752 909 1788 Semus
947 1751 1026 1802 egit
1054 1751 1319 1791 centesimum.
1376 1762 1456 1789 non
1490 1764 1584 1800 ergo
1622 1749 1757 1800 genuit

296 1822 398 1846 anno
429 1807 643 1846 centesimo
675 1806 983 1859 Arphaxadum,
1014 1807 1084 1846 sed
1114 1807 1327 1846 centesimo
1355 1807 1542 1846 secundo.
1580 1806 1651 1858 qui
1682 1819 1755 1845 an—

296 1878 370 1902 nus
409 1862 470 1902 est‘
502 1878 634 1902 nemu.
693 1865 906 1902 Enimvero
936 1877 985 1901 ex
1015 1863 1146 1902 Contii
1174 1864 1385 1902 tralatione
1415 1864 1550 1903 Codex
1581 1864 1756 1901 Graecus

295 1919 509 1971 Nicephori
546 1921 649 1972 juste
683 1919 804 1959 habet
839 1926 996 1958 centum
1035 1934 1172 1960 annos.
1229 1917 1348 1961 Metti
1386 1917 1457 1961 τόν
1484 1916 1758 1971 κατακλυσμὸν

295 1974 389 2028 Σήμ
426 1974 516 2023 υἷός
555 1979 652 2016 Νῶε
687 1973 901 2029 γενόμενος
941 1971 975 2028 ρ’
1004 1975 1104 2017 ἐτῶν
1133 1979 1256 2031 γεννᾷ
1290 1973 1362 2017 τὸν
1391 1974 1599 2030 Αρφᾶξαδ.
1659 1975 1756 2015 Eod.

296 2032 414 2071 modo
459 2032 541 2072 MS.
579 2031 785 2071 Athanasii
831 2031 958 2070 codex
997 2032 1128 2083 ipsum
1168 2034 1438 2071 centesimum.
1465 2032 1570 2071 Semi
1610 2037 1756 2070 annum

229 2093 276 2130 24
300 2090 424 2142 ponit.
474 2095 520 2127 ut
557 2089 678 2127 mirer
715 2088 796 2127 hoc
823 2089 914 2127 loco
944 2089 1128 2127 contium
1160 2088 1305 2129 addere
1335 2089 1437 2128 duos
1465 2103 1598 2128 annos.
1656 2089 1757 2127 Cum

297 2161 347 2185 ex.
379 2147 475 2187 Gen.
508 2159 595 2198 cap.
624 2160 678 2186 xi.
709 2145 866 2197 Moyses
904 2144 1072 2184 affirmet
1111 2145 1271 2196 quidem
1311 2160 1331 2184 a
1371 2147 1508 2194 Semo,
1546 2159 1650 2184 anno
1686 2157 1758 2184 se-

298 2202 429 2241 cundo
461 2209 551 2254 post
588 2202 786 2240 diluvium
824 2202 997 2252 genitum
1033 2200 1337 2253 Arphaxadum‚
1379 2202 1448 2241 sed
1486 2204 1644 2241 Semum
1677 2214 1758 2240 non

296 2259 352 2297 ait
381 2258 502 2308 egisse
525 2265 608 2296 tum
641 2272 707 2297 cn.
739 2258 810 2297 sed
841 2258 1094 2298 centesimum
1117 2265 1284 2308 tantum,
1315 2271 1553 2311 quamquam
1576 2270 1678 2297 anno
1694 2270 1758 2295 nc.

298 2315 379 2353 Noe
409 2314 529 2352 fuisse
561 2315 755 2354 diluvium
785 2323 947 2354 narrent
975 2329 1109 2354 sacrae
1135 2315 1313 2366 litterae,
1342 2328 1423 2366 quo
1453 2328 1555 2354 anno
1583 2314 1663 2366 jam
1683 2314 1758 2352 Se-

297 2385 385 2410 mus
416 2377 500 2408 erat
529 2377 688 2409 centum
718 2386 934 2420 annorum,
972 2385 1065 2422 ergo
1099 2371 1259 2410 biennio
1291 2377 1381 2424 post
1412 2385 1482 2411 cu.
1538 2370 1600 2409 An
1628 2370 1759 2409 Moses

299 2427 486 2478 neglectis
515 2427 670 2465 duobus
700 2429 813 2466 annis
840 2428 1056 2467 rotundum
1085 2442 1293 2468 numerum
1323 2433 1384 2468 est
1410 2427 1593 2467 secutus?

411 2483 514 2522 Illud
542 2483 620 2521 hoc
648 2484 729 2522 loci
759 2485 847 2523 alba
877 2485 1094 2524 notandum
1123 2484 1304 2536 gemma,
1344 2485 1491 2522 Lucam
1529 2481 1572 2521 in
1611 2481 1758 2520 Christi

298 2541 524 2591 genealogia
551 2541 814 2590 recensenda,
859 2555 949 2579 cum
979 2543 1226 2593 septuaginta
1254 2547 1402 2593 septem
1431 2546 1562 2592 patres
1590 2538 1760 2578 familiae
1831 2562 1832 2566 =

301 2603 503 2646 numerat,
533 2603 710 2636 secutum
739 2610 823 2636 esse
850 2611 945 2636 Lxx.
976 2598 1175 2637 seniorum
1202 2598 1459 2650 scripturam,
1491 2595 1652 2647 quando
1680 2595 1758 2634 Ar—

301 2653 477 2705 phaxadi
515 2652 642 2692 filium
679 2653 838 2705 scripsit
877 2654 1060 2700 Cainam,
1108 2654 1177 2706 qui
1215 2668 1288 2693 nec
1328 2654 1371 2692 in
1398 2652 1590 2692 Hebraeis
1617 2658 1757 2704 postea

302 2709 530 2759 codicibus,
572 2724 646 2749 nec
673 2710 843 2761 vulgatis
871 2710 1111 2750 editionibus
1140 2711 1287 2750 Latinis
1314 2716 1498 2762 repertus
1528 2715 1609 2758 est,
1638 2721 1756 2760 quam

305 2767 617 2806 controversiam
663 2781 754 2806 cum
795 2766 1020 2806 divinarum
1056 2766 1259 2806 literarum
1297 2767 1536 2819 interpretes
1571 2769 1759 2813 tractant,

305 2822 448 2862 mirum
475 2830 664 2875 quantum
693 2824 800 2863 inter
823 2837 865 2863 se
893 2823 1151 2874 dissentiant3
1178 2824 1423 2876 singulorum
1452 2824 1534 2864 sere
1563 2820 1759 2876 opinatio-

1814 432 1826 457 N
