1832 3276
356 184 428 226 AD
464 181 791 226 CHRoMeUM
825 146 1278 223 ALEXANDRmUM.
1447 172 1548 223 559

82 301 222 346 stupro
261 294 405 332 amoris
443 297 482 332 et
518 284 816 341 fornicationis,
858 296 898 329 et
934 290 1100 329 istorum
1138 289 1324 327 mulieres
1353 286 1552 339 collapsae

82 357 175 389 sunt
202 349 270 389 vel
299 349 485 398 diffusae,
517 357 555 388 et
583 349 625 387 in
653 347 852 387 vesaniam
882 355 1021 394 versae
1049 351 1165 396 sunt,
1195 351 1273 385 etc.
1331 344 1550 395 Octingen-

81 408 219 446 tesimo
248 419 346 445 vero
378 421 479 445 anno
508 409 614 444 vitae
643 404 754 443 Adae
783 404 991 442 dilatatum
1029 410 1087 441 est
1123 412 1244 454 super
1279 408 1427 440 terram
1467 400 1552 438 sor-

82 463 292 502 nicationis
320 463 667 515 inquinamentum*
694 475 716 499 a
744 460 838 498 filiis
867 460 1094 498 fratricidae
1125 459 1234 497 Cain.
1282 459 1464 497 Mortuus
1494 463 1554 495 est

83 528 214 559 autem
238 519 362 558 Adam
394 528 499 558 anno
530 517 828 569 nongentesimo
859 523 897 555 et
926 516 1126 555 tricesimo
1157 516 1265 553 vitae
1289 528 1384 553 suae
1409 515 1450 552 in
1470 513 1552 565 pri-

82 591 147 615 mo
187 576 425 616 millenario.
483 577 533 615 Et
574 582 671 614 tunc
700 574 910 612 distinctae
939 579 1033 611 sunt
1062 572 1337 623 generationes
1368 570 1416 608 ab
1444 570 1553 608 invi-

83 646 190 681 cem,
232 639 277 671 ut
315 640 410 686 puta
450 631 648 684 generatio
688 629 783 669 Seth
825 645 846 667 a
877 629 1111 680 cognatione
1141 629 1250 667 Cain.
1307 629 1358 667 Et
1388 627 1582 665 abstulit,

82 689 179 727 Seth
208 703 318 727 suam
350 690 621 740 cognationem
651 697 809 726 sursum
839 687 880 724 in
910 685 1108 738 quendam
1138 691 1336 734 montem,
1367 684 1435 735 qui
1469 689 1553 722 erat

83 745 289 797 proximus
326 746 527 799 paradiso.
585 746 711 784 Porro
753 743 848 781 Cain
888 749 928 781 et
965 742 1087 794 hujus
1126 741 1310 793 cognatio
1339 741 1381 778 in
1412 753 1552 790 campo

81 802 327 854 habitabant,
356 803 396 840 in
427 816 507 854 quo
538 807 576 840 et
603 799 817 840 nefandum
846 799 979 838 fratris
1007 798 1268 838 homicidium
1292 797 1553 850 perpetravit.

196 859 488 898 animadvertis
527 859 655 898 lector
692 857 796 909 juste
835 870 855 893 a
897 854 1101 894 Methodio
1142 868 1317 907 expensa
1358 866 1553 892 annorum

81 922 282 968 tempora,
312 915 564 968 septuaginta
595 920 753 967 patrum
784 925 992 951 numerum
1010 918 1160 950 secuto.
1219 911 1297 949 Sed
1320 911 1462 949 Petrus
1482 910 1552 948 ille

84 973 290 1010 Comesto'r
318 985 384 1010 sus
415 971 544 1023 deque
575 971 698 1010 vertit
727 969 871 1018 onmia,
903 982 993 1006 cum
1021 968 1090 1006 illa
1119 967 1311 1006 Methodii
1339 967 1459 1005 verba
1482 979 1552 1004 ex-

82 1029 239 1081 posuit:
271 1028 584 1080 q'uingentesimo
611 1031 717 1065 anno
744 1027 895 1079 primae
925 1023 1107 1063 chiliadis
1135 1023 1179 1062 id
1208 1029 1290 1072 est,
1315 1022 1449 1075 inquit
1478 1024 1551 1060 Pe-

82 1093 194 1134 trus,
227 1092 316 1136 post
344 1086 510 1137 primam
542 1083 776 1132 chiliadem,
809 1081 920 1134 quod
948 1096 971 1119 a
1001 1087 1133 1120 mente
1162 1087 1201 1118 et
1230 1080 1361 1119 verbis
1390 1078 1551 1117 Metho-

9 1148 11 1151 '
84 1142 143 1180 dii
178 1147 331 1180 tantum
363 1140 495 1190 abest,
535 1147 724 1192 quantum
755 1154 776 1177 a
808 1138 985 1177 Gadibus
1019 1139 1198 1188 Ganges,
1245 1142 1315 1175 aut
1344 1137 1498 1175 caelum
1528 1150 1550 1173 a

83 1204 203 1237 terra.
261 1197 487 1237 Methodius
524 1198 628 1236 enim
666 1196 838 1249 primam
880 1194 1089 1233 chiliadem
1131 1194 1304 1245 appellat
1340 1206 1464 1231 annos
1501 1192 1550 1230 ab

85 1254 236 1293 Adamo
263 1261 440 1307 coeptos,
471 1260 511 1294 et
538 1254 580 1292 in
608 1253 815 1293 millesimo
844 1249 992 1291 finitos.
1022 1251 1097 1289 Illa
1128 1263 1221 1301 ergo
1249 1249 1387 1299 verba,
1418 1249 1554 1301 (quin-

84 1310 301 1363 gentesimo
331 1325 433 1350 anno
465 1311 615 1363 'primae
644 1309 845 1358 chiliadis)
878 1314 972 1348 sunt
999 1306 1208 1346 referenda
1236 1306 1288 1344 ad
1318 1306 1554 1358 quingente—

85 1368 226 1406 simum
264 1382 412 1406 annum
454 1368 559 1407 vitae
596 1367 762 1416 Adami,
798 1379 880 1404 non
915 1365 966 1404 ad
999 1364 1251 1402 millesimum
1288 1362 1558 1415 quingentesi-

84 1438 191 1463 mum
222 1431 315 1477 post
343 1425 551 1464 Adamum.
610 1423 803 1476 Sequitur
831 1422 936 1461 enim
965 1421 1162 1460 Adamum
1189 1420 1232 1458 in
1260 1420 1392 1472 primo
1422 1419 1556 1458 mille-

83 1481 220 1530 nario,
254 1494 336 1519 non
374 1487 467 1534 post
495 1480 669 1533 primum
700 1479 968 1518 millenarium
998 1491 1083 1517 esse
1112 1483 1335 1525 mortuum,
1375 1482 1557 1515 mortuus

85 1544 143 1576 est
167 1537 270 1576 enim
302 1552 404 1577 anno
431 1540 526 1580 930.
557 1536 770 1576 defuerunt
799 1536 933 1575 adhuc
962 1534 1011 1573 ad
1042 1534 1211 1587 primam
1242 1532 1451 1572 chiliadem
1470 1533 1555 1585 ple-

84 1608 176 1633 nam
204 1595 453 1647 septuaginta
484 1595 588 1633 anni.
646 1593 858 1645 Subjungit
882 1598 1026 1646 postea
1054 1590 1294 1633 Methodius.

198 1650 513 1702 Quadragesimo>
548 1656 679 1690 autem
717 1656 823 1688 anno'
864 1648 1112 1702 temporibus
1157 1647 1290 1686 lareth
1339 1648 1556 1700 pertransit
1578 1652 1624 1687 22

85 1707 258 1759 primum
295 1706 561 1746 millenarium
600 1720 671 1745 seu
710 1706 840 1759 prima
883 1705 1100 1757 generatio,
1160 1704 1416 1755 Rectissime3
1464 1718 1557 1744 nam

85 1763 265 1802 Malaleel
303 1778 406 1803 anno
446 1763 587 1803 mundi
616 1766 710 1806 960.
750 1762 885 1814 genuit
912 1762 1128 1811 landum,
1166 1761 1294 1801 Iaredi
1324 1774 1419 1813 ergo
1449 1777 1558 1814 qua-

86 1820 308 1872 dragesimo
337 1823 475 1860 aetatis
505 1824 610 1858 anno
639 1819 872 1872 pertransiit
899 1820 1030 1872 prima
1059 1817 1197 1856 chilias
1225 1830 1432 1858 annorum.

568 1877 758 1928 Sequitur
785 1876 827 1914 in
858 1874 1074 1915 Methodjo.

199 1931 313 1972 Anno
351 1939 481 1972 autem
511 1934 900 1985 quadringentesimo
930 1931 1064 1971 [areth
1102 1931 1183 1981 (ita
1211 1931 1423 1982 legendum
1453 1932 1553 1971 ordo

85 1990 172 2042 ipse
201 1997 240 2029 et
269 2003 454 2041 graecum
483 1991 690 2043 exemplar
719 1990 886 2039 docent3
927 2002 1033 2038 non,
1060 1987 1261 2026 tricesimo
1290 1988 1556 2040 quadragesi-

86 2052 175 2095 mo,
204 2046 266 2085 uti
294 2047 474 2097 librarii,
503 2060 584 2086 non
613 2045 805 2085 Methodii
827 2045 1059 2085 manifestus
1089 2044 1236 2095 error)
1266 2045 1431 2084 secundi
1459 2046 1555 2084 mil-

85 2102 228 2141 lenarii
257 2108 518 2143 surrexerunt
545 2104 623 2143 viri
652 2103 778 2141 malae
808 2103 902 2141 artis
930 2102 1157 2142 inventores
1182 2100 1335 2153 iniqui,
1377 2108 1415 2140 et
1446 2103 1553 2140 omni

84 2159 260 2211 nequitia
296 2159 405 2212 pleni
442 2172 492 2198 ex
519 2160 612 2199 filiis
641 2160 757 2198 Cain·
775 2165 822 2197 ut
858 2157 1003 2197 Jobeth
1037 2158 1234 2197 Tholucel
1266 2157 1338 2196 filii
1366 2157 1552 2207 Lamech,

87 2217 158 2267 qui
185 2215 262 2254 fuit
291 2228 445 2267 caecus,
475 2217 546 2269 qui
575 2223 614 2256 et
643 2215 740 2255 Cain
767 2215 987 2262 interfecit3
1014 2215 1059 2252 in
1088 2228 1189 2266 quos
1220 2215 1446 2254 dominatus
1469 2212 1554 2253 dia-

85 2273 221 2322 bolus,
274 2273 474 2312 convertit
517 2286 585 2312 eos
622 2279 761 2326 postea
802 2272 845 2310 in
886 2284 1043 2310 omnem
1081 2276 1207 2310 artem
1247 2272 1461 2324 magicam,
1515 2279 1554 2311 et

87 2337 243 2368 omnem
271 2330 443 2382 speciem
472 2329 664 2368 Musicam
693 2328 974 2381 componendi.

199 2385 315 2425 Anno
345 2392 475 2425 autem
498 2386 812 2438 quingentesimo
842 2383 1006 2423 secundi
1035 2383 1247 2424 millenarii
1275 2383 1408 2423 adhuc
1437 2384 1553 2422 etiam

88 2445 322 2481 exarserunt
362 2442 406 2480 in
443 2442 654 2483 nefandam
693 2441 999 2480 fornicationem
1029 2444 1166 2480 omnes
1205 2438 1387 2480 homines
1416 2440 1458 2478 in
1488 2454 1558 2478 ca-

87 2497 182 2536 stris
210 2497 321 2548 cain,
351 2504 426 2540 etc.
454 2499 804 2552 septingentesimo
833 2503 964 2537 autem
985 2497 1034 2536 ab
1065 2504 1171 2536 anno
1191 2497 1395 2550 temporis,
1423 2496 1558 2535 Jareth

89 2554 244 2593 scilicet
274 2555 382 2594 vitae
416 2559 531 2606 suae,
568 2556 609 2594 in
640 2555 812 2594 secunda
841 2554 1011 2593 chiliade
1040 2555 1266 2607 composuit
1295 2553 1489 2604 malignus
1518 2560 1558 2592 et

87 2609 255 2649 infestus
283 2611 465 2651 diabolus
494 2613 643 2651 bellum
671 2610 950 2652 fornicationis
979 2611 1195 2663 adjungere
1224 2611 1315 2649 filiis
1346 2609 1462 2660 Seth,
1510 2616 1558 2649 ut

89 2667 422 2719 concupiscerent
448 2670 548 2708 filias
578 2669 695 2717 Cain,
723 2674 762 2708 et
788 2668 945 2721 profusi
974 2672 1247 2720 apparuerunt
1275 2666 1449 2718 gigantes
1478 2668 1555 2704 su-

88 2728 164 2775 per
201 2729 348 2763 ten-'am
387 2724 438 2764 de
475 2725 592 2775 seth,
645 2726 715 2778 qu'i
745 2726 787 2764 in'
817 2724 973 2778 peccati
1001 2724 1157 2763 foveam
1186 2724 1286 2777 lapsi
1316 2723 1553 2762 atrocissimi

90 2779 263 2819 fixerunt.
320 2781 371 2820 Et
396 2782 523 2822 iratus
552 2782 744 2821 Dominus
771 2783 877 2821 Deus
904 2783 947 2820 in
976 2781 1203 2833 expletione
1232 2780 1398 2821 secundi
1426 2780 1551 2819 mille-

91 2837 192 2875 narii
221 2838 372 2877 factum
402 2843 462 2878 est
489 2839 685 2879 diluvium
715 2845 929 2891 aquarum,
961 2844 1035 2878 etc.
