1884 3262
271 183 373 233 214
593 187 836 231 SELECTA
863 187 936 230 AD
962 183 1452 231 ILLUSTRATIONEM

271 299 380 351 δρεῖς
399 298 561 350 πρωτον
590 295 720 350 έχουσι
739 299 815 338 τοῦ
838 299 960 348 Θοῖῖθ,
989 296 1187 349 τουτέστι,
1215 300 1288 339 τοῦ
1310 297 1571 351 Σεπτεβρίου.
1631 299 1741 338 Οταν

271 353 315 396 δὲ
335 353 451 407 ’ἡμεῖς
469 357 629 423 πρῶτον
649 354 798 422 ἔχωμεν
816 358 890 396 τοῦ
912 356 1184 425 Σεπτεβρίου,
1215 355 1531 408 οἷΑλεξανδρεῖς
1547 350 1740 424 τετάρτην

271 411 404 463 ἔχουσι
432 414 504 450 τοῦ
525 406 653 451 αὐτου
669 407 809 482 μηνός.
861 409 973 481 Πρός
993 409 1038 452 τό
1061 427 1138 452 ουν
1156 409 1428 481 γινώσκεσθαι
1446 409 1519 452 τόν
1539 406 1622 450 κατ’
1638 414 1740 450 Ake-⁴

273 466 488 536 ξανδρεῦσι
508 470 619 520 μῆνα
637 466 708 509 τόν
730 469 854 519 Θῶθ,
888 465 1023 539 ἤτοιγε
1042 467 1112 509 καὶ
1135 466 1230 516 τούς
1255 467 1369 520 ἑξῆς,
1398 467 1468 508 καὶ
1495 464 1639 508 πόστιν
1654 466 1742 532 ἔχοι

270 519 364 577 παρ’
384 519 523 572 αυτοῖς
551 522 573 566 ὅ
605 540 708 578 μην,
738 520 893 594 ἀνάγκη
918 522 989 573 τάς
1017 529 1125 579 τρεῖς
1150 522 1297 572 ταύτας
1325 522 1398 574 τοὶς
1427 519 1743 577 περισσευούσας

270 578 555 648 προστιθέναι,
583 581 653 621 καὶ
690 577 770 622 εἷθ’
789 597 917 630 ουτως
947 579 1142 635 ἄρχεσθαι
1169 579 1250 622 άπὸ
1278 584 1352 622 τοῦ
1372 581 1644 634 Σεπτεβρίου,
1671 579 1742 620 καὶ

270 648 394 688 ψηφη
386 633 521 684 ζειν
498 653 572 686 εως
589 639 664 679 τοῦ
680 634 895 692 Λῦγύστου
922 637 1204 711 πληρουμένου
1231 641 1306 707 τὀῦ
1330 634 1628 706 ὀνομαζομένου
1648 632 1742 690 παρ’

271 690 412 741 αὐτοῖς
432 695 615 747 Μεσωρί.
675 694 967 764 Πληρουμένου
997 690 1074 736 ουν
1104 698 1178 735 τοῦ
1209 690 1337 735 αὐτοῦ
1366 690 1606 761 Αὕγυστου,
1637 691 1744 762 εὖρί-

272 763 435 791 σκονται
458 751 499 790 οἱ
515 752 782 822 Αλεξανδρεῖς
797 748 836 804 η’
858 750 1010 805 ἡμέρας
1035 751 1190 804 ἔχοντες
1220 747 1455 822 περισσάς.
1491 753 1581 790 Των
1606 747 1689 819 γάρ
1707 745 1743 819 γ’

271 805 600 860 προστιθεμένων
620 806 699 863 πρό
715 811 789 849 τοῦ
810 809 1057 879 Σεπτεβρίου
1078 805 1207 857 ου’τως
1224 804 1394 848 ἑκάστου
1418 804 1546 860 μηνὸς
1561 822 1642 847 των
1662 803 1748 848 άπὸ

273 867 323 904 λα
337 862 517 931 ἡμερῶν
549 862 625 917 τήν
666 862 861 918 περισσην
898 867 995 918 μίαν
1022 864 1178 937 ᾗμέραν
1215 866 1486 919 προστίθεμεν
1517 867 1605 911 ταῖς
1638 862 1749 918 τρισὶ

132 931 164 964 V
181 931 251 968 383
272 916 458 972 ταύταις,
484 920 709 972 τουτέστιν,
742 922 974 991 Οκτωβρίου
996 923 1114 974 μίαν,
1145 922 1395 974 Δεκεμβρίου
1428 921 1545 974 μίαν,
1578 923 1746 961 Ιανουα-

275 978 366 1048 ρίου
396 977 513 1030 μίαν,
545 993 601 1026 ως
627 979 815 1032 γίνεσθαι
843 994 899 1019 τω
917 975 1099 1050 αριθμῷ
1120 975 1173 1025 ς’·
1202 977 1563 1032 υφεξαιρουμένων
1594 975 1639 1017 δὲ
1669 973 1749 1017 660

275 1032 380 1088 υπὲρ
408 1036 484 1074 τοῦ
514 1035 793 1090 Φευρουαρίου
821 1032 971 1088 μηνός,
1003 1035 1168 1088 μένουσι
1191 1034 1387 1088 τέσσαρες.
1447 1030 1674 1087 Προδήλως
1701 1031 1747 1074 δὲ

278 1091 344 1132 δεῖ
365 1093 611 1160 προσθεῖναι
634 1094 708 1132 τοῦ
736 1093 929 1146 Μαρτίου
955 1091 1024 1132 καὶ
1061 1107 1133 1133 του
1167 1093 1335 1142 Μαΐου,
1374 1089 1444 1131 καὶ
1469 1093 1545 1131 τοῦ
1569 1090 1751 1148 Ιουλίου,

276 1146 345 1188 καὶ
362 1161 435 1187 του
453 1142 716 1216 Αυγουστου,
747 1163 829 1188 των
849 1145 1076 1203 τεσσάρων,
1108 1146 1187 1189 ἄνα
1210 1149 1305 1202 μίας
1321 1146 1483 1201 ημέρας.
1525 1141 1650 1188 Οὗτοι
1668 1162 1751 1201 γαρ

276 1200 427 1252 πάντες
442 1199 523 1244 άπο
539 1200 597 1244 λα’
616 1203 769 1258 ἡμέρας
791 1204 934 1257 ε’χουσι.
994 1204 1335 1275 Προστιθεμένων
1361 1203 1406 1245 δὲ
1430 1206 1514 1244 τῶν
1530 1201 1748 1258 τεσσάρων,

277 1262 460 1329 γίνονται
479 1256 516 1312 η’
533 1258 814 1331 πληρουμένου
845 1264 919 1302 τοῦ
939 1257 1191 1315 Αὐγούστου.
1251 1261 1305 1302 Οἱ
1333 1259 1377 1302 δὲ
1405 1261 1689 1314 Αλεξανδρεῖς
1705 1261 1750 1302 ἐκ

276 1320 361 1358 τῶν
376 1313 414 1369 η’
434 1312 703 1386 ἀφαιροῦντες
725 1333 798 1366 τας
818 1314 844 1357 ε’
866 1317 1041 1386 ἡμέρας,
1070 1317 1140 1359 καὶ
1158 1317 1473 1366 ἐπιτελοῦντες““
1459 1317 1531 1358 ε’να
1553 1320 1662 1370 μῆνα
1677 1316 1754 1359 τᾶν

276 1369 492 1443 λεγόμενον
518 1369 611 1426 παρ’
627 1370 764 1422 αὐτοῖς
790 1371 1069 1446 πενθήμερον,
1098 1371 1446 1442 καταλιμπάνουσι
1463 1377 1568 1428 τρεῖς
1584 1373 1757 1446 ημέρας,

279 1446 329 1478 ας
348 1426 470 1470 πάλιν
488 1433 563 1471 τοῦ
582 1431 829 1500 Σεπτεβρίου
850 1427 1076 1484 ἀρχομένου
1103 1430 1197 1472 δέον
1222 1427 1345 1472 πάλιν
1365 1432 1662 1484 προστίθεσθαι
1682 1429 1754 1472 διὰ

278 1485 322 1528 τό
330 1485 603 1555 ευρίσκεσθαι
618 1485 692 1528 τᾶν
715 1483 797 1527 κατ’
815 1489 1082 1542 Αλεξανδρεῖς
1098 1490 1199 1529 Θῶθ
1219 1490 1331 1542 μηνα
1351 1485 1422 1528 τόν
1443 1502 1540 1555 μετα
1561 1504 1636 1541 την
1652 1503 1756 1530 πεν-ν

279 1539 467 1613 θῄμερον
498 1540 726 1612 οἷρξάμενον
762 1545 900 1612 τρίτην
926 1544 1083 1599 ’ἡμέραν
1126 1543 1208 1598 η’δη
1237 1560 1279 1585 τε
1312 1541 1561 1612 πληρώματα
1600 1544 1751 1597 ἔχοντα.

283 1598 400 1641 Οὕτω
427 1601 493 1640 δεῖ
514 1597 639 1641 πάλιν
670 1604 879 1654 ψηφηζειν
905 1617 1003 1650 τους
1036 1604 1193 1654 μῆνας,
1223 1601 1291 1642 καὶ
1325 1598 1494 1643 ἑκάστου
1523 1599 1650 1653 μηνος
1676 1600 1757 1654 τήν

282 1657 381 1709 μίαν
401 1654 557 1711 ημέραν
575 1673 651 1709 την
672 1656 861 1712 περιττην
879 1658 1144 1713 προστιθέναι
1159 1663 1243 1707 τοῖς
1261 1659 1378 1712 τρισί.
1412 1660 1486 1699 Οτε
1506 1656 1549 1698 δὲ
1572 1655 1758 1708 δίσεξτόν

282 1713 389 1767 ἐστιν
411 1713 454 1754 ἐν
475 1717 531 1754 τῶ
548 1712 624 1768 πρὸ
641 1718 714 1755 τοῦ
739 1715 960 1764 δισέξτου’
942 1718 1116 1772 ενιαυτῷ
1126 1744 1138 1764 ,
1169 1714 1392 1765 τουτέστιν,
1423 1712 1488 1756 ότε
1505 1718 1760 1768 πληρωθωσι

285 1786 326 1811 οι
314 1770 643 1838 Ἀλεξανδρεῖς’
626 1772 781 1841 snsivcp'
788 1776 842 1827 τῷ
864 1772 1053 1827 ἐνιαυτῷ,
1078 1789 1144 1813 και
1163 1769 1275 1826 μόνῳ
1288 1802 1298 1821 ‚
1319 1787 1414 1824 μετα
1434 1787 1506 1812 τον
1517 1770 1756 1825 Αυγουστον

270 1824 356 1867 τᾶν
377 1823 593 1896 λεγόμενον
613 1824 706 1881 παρ’
729 1824 866 1878 αυτοῖς
886 1828 1083 1881 Μεσωρὶ,
1115 1825 1205 1869 άντὶ
1230 1843 1303 1868 του
1333 1827 1592 1898 πενθημέρου
1612 1844 1754 1881 μηνος,

136 1881 166 1916 Ρ
190 1878 260 1918 477
287 1879 482 1953 ἕξήμερον
504 1879 781 1925 άποτελοῦσιν.
838 1888 1125 1939 Αφαιροῦντες
1148 1883 1191 1926 δὲ
1223 1880 1358 1925 αὐτοῖν
1385 1882 1459 1932 τὰς.
1483 1879 1513 1931 ς’
1532 1884 1686 1939 ἡμέρας
1711 1885 1758 1927 ἐκ

287 1955 369 1980 των
387 1938 426 1992 η’
450 1956 532 1981 των
549 1943 754 1995 περισσων
771 1957 936 1995 ημερων
956 1941 1207 1995 ευρίσκονται
1223 1940 1406 1994 περισσαι
1431 1937 1467 1994 β’
1486 1940 1632 2013 ημέραι
1651 1958 1757 1984 υπο-

286 1994 610 2049 λιμπανόμεναι,
641 1997 709 2037 καὶ
738 1996 806 2038 διά
835 2001 955 2039 τοῦτο
984 2001 1040 2054 τῷ
1069 1998 1254 2068 ἐνιαυτῷ
1275 1998 1437 2054 ἐκείνω,
1467 1998 1534 2038 καὶ
1561 1995 1673 2054 μόνῳ
1701 2001 1758 2055 τῷ

287 2068 361 2094 του
386 2053 565 2102 δισέξτου
592 2028 666 2094 6v'o
688 2052 833 2108 ἡμέραι
860 2040 1146 2124 προστίθενται
1175 2070 1252 2108 προ
1284 2057 1358 2095 τοῦ
1377 2056 1659 2125 Σεπτεβρίοτῖ,
1688 2056 1758 2097 καὶ

114 2107 129 2124 ‘
152 2105 265 2153 αφαι-
289 2108 391 2163 ’ὑπὲρ
416 2113 489 2150 τοῦ
519 2112 799 2164 Φευρουαρίου
833 2107 884 2151 ου’
901 2108 1201 2178 *άφαιρουνται
1231 2107 1329 2162 δύο,
1363 2107 1461 2151 άλλοῖ
1491 2116 1563 2180 μῖα
1606 2109 1673 2153 δια
1711 2109 1755 2155 vd

102 2155 267 2200 ροῦντες·
289 2181 385 2215 τους
407 2168 618 2221 Ρωμαίους
637 2166 680 2208 ἒν
696 2170 755 2223 τῷ
771 2167 935 2224 δισέξτῳ
952 2165 1019 2209 κθ’
1040 2168 1191 2223 ἡμέρας
1210 2172 1342 2209 ποιεῖν
1369 2165 1660 2223 Φευρουάριον.

292 2315 528 2368 Μέθοὸος
555 2314 613 2363 δι
636 2314 690 2380 ἧς
717 2312 778 2364 vo*
801 2313 977 2377 Πάσχα
1008 2316 1280 2382 ευρίσκεται
1315 2337 1442 2367 κατα
1467 2337 1558 2383 την
1591 2321 1758 2384 ἐκκλη-

744 2414 995 2455 σιαστικην
1027 2393 1309 2482 παράδοσιν.

405 2505 463 2546 Ἥ
473 2502 670 2561 πάντιμος
688 2507 820 2563 ημέρα
838 2512 910 2561 τῆς
929 2509 1082 2579 ἑορτῆς
1091 2513 1165 2562 τῆς
1188 2512 1389 2559 ζωοποιοῦ
1405 2507 1672 2558 Αναστάσεως
1687 2512 1763 2551 τοῦ·

296 2561 454 2617 Κυρίου
475 2580 596 2617 ημων
622 2567 749 2617 Ιησου
765 2567 948 2635 Χριστου
966 2566 1034 2607 καὶ
1056 2563 1278 2619 άληθεινου
1302 2569 1407 2609 Θεοῦ
1427 2567 1656 2609 ἐπιτελεῖται
1677 2583 1760 2609 απο

236 2625 240 2627 “
296 2619 370 2672 τῆς
384 2615 448 2675 κβ’
469 2622 659 2691 Μαρτίου
680 2619 824 2675 μηνὸς,
857 2622 925 2662 καὶ
947 2620 1071 2672 αυτῆς
1093 2627 1165 2676 τῆς
1183 2621 1277 2677 κβ””
1263 2623 1336 2684 ε’ως
1356 2627 1428 2676 τῆς
1446 2620 1500 2664 κε’
1520 2637 1592 2664 του
1604 2627 1761 2676 Απριλ-

297 2675 387 2716 λίου
413 2675 538 2729 μηνὸς
569 2678 638 2719 καὶ
670 2676 796 2733 αὐτῆς
819 2675 885 2720 κε’.
948 2676 1079 2720 Ουδὲν
1097 2679 1172 2751 γάρ
1196 2678 1349 2732 κοίτου
1372 2682 1563 2734 Μαρτίου
1581 2683 1760 2731 τελεῖται,

300 2728 396 2772 ουδὲ
416 2730 475 2780 κς’
497 2737 733 2788 Λπριλλίου.
795 2735 952 2776 Γίνεται
974 2734 1016 2777 δὲ
1037 2733 1118 2778 απὸ
1121 2741 1212 2805 ωτῆς
1241 2733 1283 2777 ιε’
1303 2741 1377 2787 τῆς
1392 2738 1423 2785 D
1449 2736 1518 2778 καὶ
1544 2732 1669 2789 αυτῆς
1687 2737 1765 2786 ἕως

297 2787 370 2839 τῆς
390 2787 451 2829 κα’
467 2793 539 2843 τῆς
559 2792 589 2840 ὶ)
610 2792 678 2834 καὶ
700 2789 835 2845 αὐτῆς.
897 2790 959 2834 Ου’
987 2809 1062 2848 γαρ
1089 2796 1139 2850 τῇ
1170 2790 1217 2834 ιδ’
1242 2797 1313 2846 τῆς
1331 2794 1363 2842 D
1391 2795 1565 2864 γίνεται,
1595 2791 1691 2834 ουδε
1709 2795 1765 2850 τῇ

363 2848 452 2886 .Η
461 2846 504 2888 δὲ
523 2846 686 2903 τοιαυτη
706 2848 936 2906 ἓορταστικη
961 2849 1090 2905 ημέρα
1120 2849 1340 2911 εὑρίσκεται
1365 2848 1432 2893 δια
1448 2853 1521 2905 τῆς
1551 2850 1763 2904 ἐκκλησια-
