1884 3262
450 200 510 244 IN
543 199 872 244 CHRONICON
903 199 1192 244 PASCHALE.
1302 244 1305 246 ,
1453 198 1553 244 329

205 315 297 362 Pag.
326 309 421 355 477.
451 310 492 354 4.
553 312 620 351 sav
639 308 833 364 μέμνηται
847 307 1066 364 Εὐσέβιος]
1095 304 1276 349 Meminit
1296 308 1455 361 quidem
1476 309 1554 348 Eu-

91 369 222 409 sebius
242 369 310 408 lib.
330 381 385 408 1v.
403 368 506 407 Hist.
522 368 628 406 Eccl.
647 368 800 419 aliquot
823 368 1106 419 Apologiarum
1127 381 1202 420 pro
1225 365 1455 406 Christianis
1472 367 1552 406 Ha·
1576 370 1606 406 P
1629 371 1699 408 536

90 426 230 465 driano
259 424 507 475 oblatarum,
547 424 736 464 Aristidis
763 430 803 462 et
829 424 1022 472 Quadrati
1046 438 1132 477 cap.
1152 438 1214 464 111.
1242 424 1443 462 Antonino
1460 437 1556 463 vero

11 479 19 487 '
88 482 231 521 Justini
247 482 437 535 Martyris
458 495 544 534 cap.
563 494 652 524 vm.
671 488 710 519 et
728 494 830 519 xxn.
887 481 966 520 Sed
994 481 1043 519 de
1073 480 1212 533 Apelle
1240 487 1280 519 et
1306 480 1488 520 Aristone
1505 481 1556 519 si-

87 539 156 590 let,
185 538 586 578 tametsi'Aristonem
604 538 802 577 Pellaeum
823 537 961 576 laudet
979 551 1066 590 cap.
1085 551 1143 576 VI.
1164 551 1244 575 non
1264 537 1439 576 indicato
1456 551 1556 590 ope-

85 595 144 634 ris
172 595 307 636 titulo.
362 596 455 635 Jure
483 595 606 648 igitur
633 601 760 634 totam
775 594 879 633 hanc
898 593 1114 648 periochen
1134 594 1280 633 omittit
1299 594 1437 634 Codex
1456 595 1556 634 Hol-

86 652 216 693 stenii.

195 712 297 763 xPag.
327 708 423 752 477.
455 711 494 752 8.
554 706 815 762 Ποντιανοῦ]
857 708 964 747 Fasti
993 707 1137 757 Idatii,
1176 709 1350 748 Pontiano
1377 711 1411 746 et
1442 708 1556 760 Aqui-

89 766 162 804 lino
188 766 300 818 Rufo.
344 766 547 817 Prosper,
576 765 780 804 Victorius
815 771 854 803 et
881 767 1070 814 Senator,
1105 767 1316 816 Pompeiano
1334 768 1367 802 et
1383 765 1555 803 Atiliano.

87 822 221 875 Atque
239 825 296 861 ita
316 822 528 874 legendum
547 835 596 861 ex
613 822 742 861 veteri
756 822 889 875 lapide
910 822 1062 872 colligit
1078 822 1258 860 Nor-isius
1277 835 1316 874 p.
1339 822 1405 864 85.

205 882 298 930 Pag.
328 879 424 922 477.
452 883 496 922 9.
556 881 788 919 Ποντιανοῦ
808 876 853 920 τό
873 875 955 933 γ’.],
978 879 1227 930 Pompeianum
1242 891 1288 918 11.
1312 877 1465 916 habent
1483 879 1558 916 Fa-

88 935 140 974 sti
172 935 251 976 alii.
310 935 367 973 Ita
404 936 571 975 alterum
602 936 862 974 Consulatum
889 936 1040 975 frustra
1067 935 1282 987 quaerebat
1300 935 1558 973 Casaubonus

89 991 139 1030 ad
176 991 442 1044 Capitolinum
470 993 512 1031 in
539 993 699 1042 Marco,
730 1007 751 1031 a
788 1006 868 1044 quo
889 992 1153 1045 Pompeianus
1171 992 1233 1030 bis
1253 992 1404 1030 Consul
1429 992 1558 1030 factus

94 1048 265 1097 dicitur:
294 1050 490 1101 siquidem
511 1063 615 1088 anno
637 1050 835 1103 superiori
852 1049 956 1088 hanc
974 1049 1205 1100 dignitatem
1231 1048 1470 1088 obtinuerat.

204 1109 297 1156 Pag.
327 1106 422 1149 477.
455 1111 520 1149 11.
571 1107 796 1160 Αἰλιανοῦ]
825 1106 922 1145 Idat.
954 1107 1104 1146 Caesare
1124 1120 1172 1146 11.
1206 1110 1239 1144 et
1261 1105 1425 1145 Balbino.
1483 1107 1560 1143 Se·-

87 1168 228 1212 nator,
257 1163 306 1201 L.
326 1163 426 1202 Aelio
445 1168 479 1202 et
500 1163 668 1204 Balbino.
726 1165 922 1216 Prosper,
951 1163 1078 1202 Laelio
1098 1168 1131 1202 et
1154 1162 1331 1212 Balbino,
1363 1163 1432 1201 ubi
1451 1162 1559 1201 scri-

87 1219 262 1259 bendum
293 1220 343 1258 L.
368 1221 492 1270 Aelio,
522 1233 663 1272 nempe
703 1221 789 1259 Vero
816 1235 860 1259 11.
919 1220 1094 1259 Proinde
1121 1219 1189 1258 hic
1216 1220 1426 1270 legendum
1454 1225 1560 1258 esset

90 1277 253 1325 Αἰλίου,
282 1277 360 1314 nisi
388 1277 445 1315 ita
476 1277 671 1331 ejusmodi
699 1276 838 1315 efferre
869 1277 1032 1315 nomina
1062 1277 1222 1314 solenne
1251 1290 1336 1316 esse
1361 1276 1558 1329 Scriptori

88 1339 310 1382 constaret,
352 1340 398 1372 ut
425 1334 475 1373 de
506 1334 751 1380 Octaviano,
789 1333 1022 1382 Tiberiano,
1053 1339 1094 1372 et
1124 1332 1213 1371 aliis
1246 1333 1559 1373 observavimus.

87 1390 190 1429 Vide
206 1390 366 1441 Pagium
387 1391 428 1429 in
449 1391 670 1442 Prolegom.
692 1390 741 1428 ad
764 1390 1291 1442 Dissert.Hypat.n.xxn1.

202 1447 298 1497 Pag
327 1447 422 1490 477
454 1451 518 1491 12
567 1421 797 1498 οΝοσήσας]
835 1449 891 1486 De
931 1447 1072 1485 morbo
1102 1452 1142 1484 et
1171 1460 1276 1484 anno
1307 1446 1445 1485 aetatis
1478 1459 1560 1498 quo

86 1503 315 1543 Hadrianus
331 1504 506 1554 interiit,
541 1504 621 1556 agit
642 1503 818 1555 Scaliger
836 1504 884 1543 ad
906 1503 1048 1542 Euseb
1068 1516 1161 1556 pag.
1183 1505 1281 1545 218-

202 1560 298 1611 Pag·
329 1560 425 1603 477.
456 1560 521 1603 14.
580 1564 666 1612 Ετη
697 1557 766 1613 κγ’.
778 1560 794 1612 ]
826 1562 961 1599 Annos
981 1560 1143 1613 Imperii
1163 1555 1355 1598 Antonini
1375 1558 1436 1596 Pii
1460 1559 1560 1610 plu-

87 1617 203 1656 ribus
234 1618 467 1670 expendunt
499 1617 607 1656 idem
640 1617 817 1668 Scaliger
844 1617 916 1658 lib.
937 1630 975 1659 v
1005 1617 1054 1656 de
1076 1616 1244 1656 Emend.
1264 1621 1385 1668 temp.
1404 1629 1445 1667 Ρ
1463 1617 1558 1659 498.

90 1680 130 1714 et
150 1673 334 1712 Petavius
357 1675 407 1713 ad
427 1673 626 1727 Epiphan.
646 1687 734 1726 pag.
756 1672 850 1716 395.

204 1731 300 1781 Pag·
330 1731 424 1774 477.
456 1734 522 1774 16.
584 1730 843 1784 Καμερίνου]
871 1731 963 1769 Non
984 1730 1101 1782 plane
1121 1729 1238 1768 video
1260 1741 1334 1766 cur
1355 1728 1561 1766 Camerino

89 1788 336 1826 Antoninum
355 1788 468 1826 Pium
487 1788 706 1841 adjungant
721 1788 827 1826 Fasti
850 1787 1058 1826 Savilliani
1077 1786 1186 1839 apud
1204 1786 1248 1825 V.
1263 1785 1308 1825 C.
1320 1785 1442 1825 Henr.
1455 1784 1562 1823 Dod-

89 1844 252 1883 wellum
267 1873 278 1894 ‚
307 1844 383 1883 nisi
404 1845 508 1883 sorte
527 1844 637 1897 quod
656 1844 704 1882 ab
720 1844 792 1883 illo
813 1844 842 1883 ii
860 1844 1018 1882 initium
1037 1844 1200 1882 ducant.

204 1901 302 1951 Pag·
331 1900 426 1943 477.
458 1904 524 1943 17.
573 1901 811 1942 Λντωνίνου
833 1897 954 1956 Av'y.]
990 1915 1036 1938 11.
1057 1899 1210 1938 addunt
1227 1899 1348 1938 iidem
1363 1898 1492 1947 Fasti,
1524 1904 1564 1936 et

89 1964 218 1999 recte:
242 1971 332 1996 nam
353 1958 526 2010 primum
546 1958 806 1997 Consulatum
825 1963 998 2009 gesserat
1017 1970 1107 1995 cum
1130 1957 1273 1995 Catillo
1290 1957 1439 1995 Severo
1457 1969 1564 1993 anno

89 2028 145 2054 ιν.
174 2014 394 2065 Hadriani,
424 2021 470 2054 ut
498 2022 558 2054 est
586 2029 606 2052 a
638 2014 693 2053 ud
725 2015 1006 2067 Capitolinum.
1064 2014 1141 2052 Sed
1165 2019 1204 2052 et
1226 2013 1395 2051 eundem
1425 2025 1564 2050 nume-

91 2085 182 2110 rum
205 2071 399 2110 adscribit
421 2072 583 2124 utrique
603 2028 766 2110 gonsuli
788 2071 1014 2110 Florentius
1031 2071 1214 2121 Wigorn.
1232 2070 1288 2107 ita
1316 2075 1361 2107 ut
1382 2069 1431 2107 ad
1451 2069 1562 2107 hunc

91 2141 240 2167 annum
273 2128 482 2168 referenda
515 2130 567 2167 sit
594 2129 806 2181 Inscriptio
830 2129 949 2168 allata
978 2142 1000 2166 a
1020 2127 1171 2180 Sponio
1194 2128 1235 2165 in
1254 2126 1420 2165 Miscell.
1447 2125 1562 2164 erud.

92 2188 212 2236 antiq·
235 2199 275 2237 p.
293 2185 390 2227 352.
425 2185 524 2224 Caes.
543 2187 722 2224 Antonino
740 2201 787 2226 11.
810 2190 843 2224 et
861 2188 1048 2225 Pmesente
1066 2199 1113 2223 11.
1140 2184 1229 2222 Cos.
1250 2182 1425 2221 Secundi
1446 2182 1564 2220 istius
1635 2175 1642 2189 ⁸

91 2241 284 2280 Antonini
306 2242 546 2280 Consulatus
567 2241 747 2280 meminit
762 2241 867 2280 idem
890 2240 1151 2292 Capitolinus.

207 2298 304 2348 Pag.
331 2297 426 2340 477
462 2301 526 2341 18.
584 2297 776 2350 Κέρδων]
808 2297 907 2336 Vide
927 2297 1075 2336 Chron.
1091 2296 1299 2350 Prosperi,
1328 2302 1367 2335 et
1385 2295 1565 2347 Scalige-

92 2368 183 2395 rum
210 2355 259 2393 ad
279 2355 423 2394 Euseb.
446 2361 606 2407 praeter
623 2356 772 2394 Baron.
792 2361 831 2392 et
847 2355 900 2394 al.

209 2411 301 2450 Ibid.
360 2411 616 2466 Μαρκίωνα]
647 2412 704 2450 De
735 2411 892 2451 haeresi
920 2394 1268 2460 Marcionitarum,
1307 2410 1416 2449 unde
1443 2411 1563 2449 fluxit

94 2467 417 2507 Manichaeorum
444 2468 643 2518 haeresis,
683 2475 805 2520 agunt
833 2467 976 2520 passim
1009 2467 1252 2520 Scriptores,
1283 2481 1330 2505 ac
1356 2467 1397 2505 in
1424 2467 1563 2519 primis

95 2523 344 2576 Epiphanius
367 2525 808 2567 Haer.xx‚11.n.1.ubi
827 2524 1011 2563 Petavius
1035 2524 1085 2563 de
1109 2530 1290 2576 tempore
1313 2537 1395 2576 quo
1413 2523 1446 2561 is
1462 2523 1564 2562 vixit

96 2587 161 2619 sat
187 2581 275 2619 fuse
308 2582 488 2632 disserit,
516 2588 563 2621 ut
594 2589 634 2621 et
663 2582 833 2621 loannes
867 2581 1102 2620 Pearsonius
1126 2581 1168 2620 in
1194 2581 1361 2620 Dissert.
1384 2579 1434 2619 de
1454 2579 1565 2618 annis

97 2636 274 2690 priorum
296 2638 443 2677 Romae
462 2639 751 2692 Episcoporum
773 2653 861 2692 cap.
882 2651 976 2677 v111.

211 2694 307 2744 Pag·
337 2694 433 2737 478
463 2698 503 2738 6.
561 2696 798 2736 Αντωνίνου
828 2691 930 2749 Αὔγ.
956 2710 1002 2735 το
992 2690 1066 2747 β’.
1076 2693 1092 2746 ]
1123 2693 1243 2733 Varie
1269 2691 1337 2730 hic
1365 2704 1491 2730 annus
1521 2693 1563 2730 in

98 2749 227 2788 Fastis
253 2752 361 2788 Coss.
390 2752 661 2803 consignatur.
719 2752 765 2791 In
795 2751 1008 2801 matianis,
1035 2754 1212 2789 Antonino
1231 2763 1275 2787 11.
1303 2753 1336 2786 et
1370 2751 1567 2788 Praesente.

98 2805 219 2858 Apud
250 2806 509 2858 Prosperum,
540 2809 776 2860 victorium,
806 2780 1047 2856 Senum-ein,
1078 2807 1311 2851 Marianum,
1348 2811 1424 2844 etc.
1454 2804 1566 2844 deest

98 2875 303 2902 numerus
321 2864 573 2905 Consulatus.
649 2865 876 2905 Florentius
902 2866 1080 2917 Wigorn.
1107 2862 1270 2914 utrique
1303 2874 1349 2901 11.
1380 2861 1564 2914 assignat.
1623 2910 1627 2913 1
