1820 3276
424 225 484 267 IN
518 219 848 269 CHROMGON
880 220 1170 269 PASCHALE.
1448 220 1548 271 443

84 335 345 374 acclamatum
378 335 565 374 scribunt
602 335 866 389 Theophanes
903 346 966 378 an.
1006 350 1112 377 xx11.
1153 342 1194 376 et
1230 333 1425 388 Georgius
1466 335 1551 374 Ha-

83 392 276 431 mai-tolus
301 392 346 431 in
377 392 524 432 Chron.
551 391 632 434 MS.
1510 444 1512 446 v

200 451 291 499 Pag.
323 452 417 492 610.
448 452 487 491 3.
546 448 627 489 Καὶ
662 446 806 490 λοιπόν
836 447 861 490 ὁ
890 446 1086 498 Basti-2139
1117 445 1401 497 Αναστᾶσιος]
1445 449 1546 490 eod.

82 504 209 544 Vatic.
238 505 307 546 καὶ
337 502 506 546 λοιπῶν.
565 504 716 544 Audito
757 505 910 544 scilicet
945 506 1062 544 istius
1103 519 1147 544 in
1184 506 1300 544 Circo
1340 507 1550 559 popularis

82 561 289 601 seditionis
317 562 481 611 nuntio,
521 561 750 602 Anastasius
780 562 880 615 Imp.
911 562 980 615 qui
1008 569 1094 601 tum
1131 565 1169 602 in
1196 565 1416 614 processibus
1446 564 1554 615 dege·-

81 619 169 667 bat,
210 625 256 657 ut
287 619 428 658 scribit
452 619 708 658 Marcellinus
736 619 900 666 Comes,
941 619 1150 658 confestim
1178 620 1220 657 in
1250 619 1399 659 Urbem
1428 620 1554 670 venit,

83 681 124 714 et
153 675 302 727 absque
332 676 573 725 diademate,
611 683 657 715 ut
693 676 812 715 habet
838 676 1051 727 Evagrius‚
1093 677 1254 714 Circum
1294 678 1552 716 conscendite

84 745 164 783 quo
193 739 415 785 percepto,
453 733 568 785 plebs
597 733 785 772 universa
816 746 863 771 eo
893 734 1024 772 statim
1054 733 1217 787 advenit
1236 761 1248 782 ‚
1289 739 1336 772 ut
1364 733 1432 772 hic
1460 748 1553 772 nar-

82 794 209 830 ratur.
268 788 544 828 Marcellinus:
573 789 653 828 Hos
677 793 771 829 cives
797 790 889 828 idem
917 792 1134 829 Anastasius
1159 791 1292 829 Caesar
1326 791 1442 830 solitis
1469 802 1552 843 per-

77 846 215 894 juv-in,
244 847 491 913 nmalatisque
514 848 676 896 vocibus,
706 860 742 886 se
769 860 805 885 se
821 847 1010 898 facturum
1039 851 1167 885 cuncta
1195 849 1425 898 proszttens
1449 851 1555 887 tertio

85 902 143 940 dte
165 915 272 954 quam
297 905 337 941 in
359 903 483 955 forma
511 904 747 954 advenerant,
773 907 847 943 sine
876 904 952 942 ullo
981 916 1097 942 rerum
1125 903 1272 965 effectu,
1296 905 1350 943 ad
1376 918 1445 944 sua
1459 905 1554 957 fecit

83 958 294 997 habitacula
318 960 494 1011 repedare.

200 1019 294 1066 Pag.
323 1018 420 1059 610.
448 1020 488 1060 6
544 1013 686 1058 Adron?
712 1016 804 1068 καὶ,
835 1017 929 1070 ete]
958 1015 1188 1056 Delevimus
1216 1026 1356 1055 vocem
1380 1029 1472 1068 και,
1504 1029 1555 1056 ex

85 1071 185 1112 Cod.
232 1073 359 1113 Vatic.

197 1128 291 1181 Pag.
323 1133 422 1173 610.
462 1133 502 1172 7.
561 1127 736 1182 Μακρὸν
762 1128 916 1181 τεῖχος]
962 1141 1029 1168 xx..
1061 1129 1109 1167 ab
1140 1129 1247 1169 Urbe
1276 1128 1437 1182 lapide,
1472 1141 1553 1181 quo

83 1185 236 1235 gemina
263 1186 399 1239 junxit
435 1185 557 1225 maris
598 1187 762 1236 littora,
807 1186 876 1224 ubi
914 1187 1022 1225 inter
1059 1199 1101 1225 se
1136 1186 1250 1225 bidui
1286 1187 1431 1227 itinere
1470 1184 1556 1226 sere

85 1242 255 1293 distant,
299 1243 348 1282 de
379 1256 459 1295 quo
487 1243 635 1296 passim
665 1243 892 1296 Scriptores
921 1243 1151 1295 Byzantini‚
1192 1249 1312 1294 atque
1339 1243 1384 1281 in
1406 1242 1555 1297 *primis

83 1299 306 1352 Procopius
346 1301 414 1339 lib.
446 1313 502 1339 1v.
543 1301 593 1339 de
633 1299 763 1340 Aedif.
805 1299 948 1338 Justin.
993 1313 1079 1352 cap.
1110 1314 1170 1340 rx.
1211 1299 1280 1338 lib.
1309 1313 1367 1340 v1.
1405 1300 1556 1339 Persic.

84 1368 172 1408 cap.
201 1370 255 1398 ιν.
287 1357 358 1396 lib.
384 1372 444 1396 111.
476 1356 615 1398 Gotth.
645 1370 733 1410 cap.
763 1369 831 1394 xz.
878 1356 1020 1395 Suidas
1049 1356 1092 1394 in
1126 1368 1167 1396 v.
1203 1360 1360 1408 Τεῖχος,
1395 1356 1557 1409 Gyllius

82 1412 154 1451 lib.
182 1426 211 1451 1.
245 1414 441 1466 Descript.
471 1413 821 1466 constantinopol.
848 1427 934 1465 cap.
955 1427 1041 1452 xxr.
1070 1420 1147 1453 etc,
1188 1413 1334 1456 Extitit
1350 1419 1556 1465 praeterea

84 1480 222 1508 murus
263 1471 366 1509 alter
407 1471 551 1521 longus
589 1471 633 1508 in
671 1466 919 1510 Cherroneso
959 1469 1178 1521 Thracica,
1223 1470 1341 1523 cujus
1378 1470 1560 1509 meminit

82 1526 190 1565 idem
229 1527 448 1580 Procopius
487 1528 626 1566 eodem
670 1528 741 1568 lib.
770 1541 826 1566 1v.
866 1527 915 1565 de
954 1527 1117 1566 Aedific.
1149 1539 1238 1579 cap.
1268 1539 1310 1566 x.
1346 1526 1559 1579 utriusque

84 1594 182 1622 vero
209 1583 451 1623 lastinianus
480 1584 524 1622 in
563 1585 715 1623 Notitia
754 1584 930 1637 subjecta
971 1584 1161 1623 Novellae
1191 1597 1284 1623 vm.
1322 1583 1394 1622 ubi
1434 1590 1481 1622 ut
1518 1590 1560 1623 et

84 1640 187 1681 Nov.
219 1653 336 1679 xxv1.
375 1641 554 1680 Vicarios
596 1642 697 1680 duos
734 1642 783 1680 iis
824 1640 1046 1693 praefuisse
1085 1640 1246 1679 indicat.
1305 1637 1393 1679 Hoc
1423 1646 1560 1680 autem

84 1710 188 1735 anno
213 1698 263 1736 ab
293 1698 469 1737 Auctore
497 1697 689 1737 Chronici
721 1704 882 1748 notato,
919 1698 1079 1736 Murum
1110 1697 1433 1748 Anastasianum,
1463 1710 1558 1736 nam

85 1760 125 1792 et
153 1755 208 1792 ita
245 1754 474 1807 appellatur
508 1765 531 1792 a
561 1754 809 1808 Theophane
853 1764 915 1793 an.
949 1764 1067 1793 xxxt.
1107 1755 1345 1804 lastiniani,
1388 1760 1561 1793 exstru-

86 1815 197 1848 ctum
223 1811 347 1850 fuisse
372 1823 454 1850 non
483 1812 609 1850 ausim
640 1822 838 1861 asserere,
875 1820 971 1850 cum
1001 1811 1113 1850 hisce
1151 1812 1251 1850 locis
1287 1812 1416 1850 codex
1446 1811 1562 1850 Scri·-

84 1868 218 1920 ptoris
260 1867 423 1906 mutilus
463 1868 538 1918 sit,
587 1869 798 1920 desintque
836 1882 878 1907 x.
911 1868 1032 1922 anni,
1067 1881 1141 1906 nec
1183 1881 1311 1907 annus
1352 1880 1434 1920 quo
1481 1868 1561 1907 fuit

85 1923 268 1962 conditus
296 1938 318 1962 a
344 1924 620 1977 Scriptoribus
651 1932 809 1975 exerte,
839 1925 880 1963 ni
909 1923 1048 1974 fallor,
1079 1930 1251 1966 notetur.

202 1977 393 2035 Πρόβου]
434 1982 563 2030 Quem
591 1983 770 2021 Iuniorem
798 1988 917 2021 vocat
946 1988 1063 2020 vetus
1094 1981 1309 2035 inscriptio
1339 1981 1448 2033 apud
1470 1980 1559 2020 sir-

85 2037 276 2076 mondum
306 2038 348 2076 in
378 2038 490 2077 Notis
520 2040 572 2078 ad
602 2039 774 2078 Ennodii
806 2052 968 2078 carmen
996 2052 1090 2078 vnr.

197 2096 478 2147 Λναστασίου]
512 2096 551 2134 Is
582 2102 641 2135 est
670 2096 925 2145 Anastasius,
956 2096 1072 2147 cujus
1102 2101 1240 2133 extant
1260 2093 1455 2146 diptycha
1474 2094 1554 2134 duo
1579 2098 1611 2134 V
1640 2099 1710 2137 526

86 2149 342 2202 consularia,
380 2165 483 2203 quae
520 2152 565 2191 in
604 2152 768 2192 aedibus
806 2153 931 2191 saeris
972 2151 1278 2191 cathedralibus
1315 2151 1560 2201 Bituricensi

86 2212 124 2245 et
154 2208 363 2247 Leodiensi
391 2217 676 2257 asservantur,
716 2211 758 2248 in
789 2209 933 2261 quibus
971 2209 1058 2260 ejus
1095 2208 1257 2247 nomina
1299 2208 1356 2246 ita
1396 2208 1558 2246 descri-

86 2263 268 2303 buntur:
314 2266 357 2307 F.
398 2265 710 2304 ANASTASIUS
759 2266 956 2304 PAULUS
1000 2265 1200 2303 PROBUS
1250 2264 1557 2303 SABINIANUS

87 2319 342 2360 POMPEIUS
379 2321 691 2360 ANASTASIUS
720 2323 810 2360 VIR
849 2322 946 2361 INL.
978 2321 1100 2359 COM.
1129 2320 1351 2360 DOMEST.
1384 2321 1557 2369 EQUIT.

86 2377 154 2415 ET
184 2378 328 2417 CONS.
358 2376 533 2418 ORDJN.
592 2379 706 2417 Alius
734 2392 858 2431 porro
898 2378 934 2416 is
970 2378 1132 2416 videtur
1170 2377 1218 2415 ab
1248 2377 1456 2416 Anastasio
1485 2380 1562 2418 τοῦ

90 2436 332 2486 Παμφίλου,
370 2435 443 2488 qui
474 2437 566 2474 Dux
595 2436 839 2475 Palaestinae
865 2433 963 2484 fuit,
1005 2434 1146 2473 eodem
1185 2433 1394 2473 Anastasio
1434 2435 1562 2486 impe.

87 2497 224 2540 rante,
256 2493 372 2545 cujus
399 2493 579 2531 meminit
609 2493 784 2545 Cyrillus
814 2490 1172 2543 Scythopolitanus
1201 2491 1243 2529 in
1264 2492 1353 2530 Vita
1374 2493 1412 2530 S.
1433 2492 1560 2530 Sabae

89 2561 176 2599 cap.
208 2560 292 2588 Lv1.
323 2549 431 2601 quod
462 2562 544 2588 vox
571 2550 793 2602 Παμφίλου
822 2548 983 2588 videtur
1012 2547 1194 2586 suadere.

203 2605 297 2655 Pag-
330 2610 425 2649 610
458 2609 523 2649 10.
582 2606 668 2647 En}
693 2621 840 2647 τουτου
861 2607 937 2645 τοῦ
969 2600 1154 2656 Τπᾶτου]
1194 2602 1335 2653 Scalig.
1367 2602 1463 2641 edit.
1493 2601 1562 2643 ἐπὶ

89 2676 242 2700 τουτων
265 2666 345 2702 τῶν
378 2659 560 2703 Τπείτων
628 2664 744 2702 Certe
784 2664 926 2713 Magno
966 2661 1213 2700 florentium
1250 2659 1444 2709 collegam
1485 2659 1560 2697 ad·-

50 2731 53 2734 “
91 2716 192 2755 dunt
219 2718 339 2758 Fasti.
398 2719 546 2758 Similia
577 2732 698 2771 porro
731 2720 781 2758 de
812 2718 968 2758 somnio
998 2717 1198 2757 Anastasii
1216 2722 1256 2755 et
1277 2715 1560 2755 Amantiinar

91 2779 155 2811 rat
182 2775 330 2825 pariter
358 2775 620 2829 Theophanes
651 2791 755 2815 anno
782 2788 916 2815 xxvu.

208 2833 301 2882 Pag.
331 2833 427 2874 610.
460 2834 525 2875 14.
583 2831 664 2874 Aac?
694 2830 771 2886 τὴν
809 2828 1056 2884 ἀπληστίαν]
1107 2828 1307 2868 Anastasii
1348 2829 1556 2869 avaritiam

92 2886 258 2939 attigere
285 2888 480 2941 Evagrius
508 2889 578 2930 lib.
603 2904 667 2931 ιιι.
700 2903 788 2943 cap.
817 2903 919 2928 xmt.
948 2894 988 2927 et
1013 2886 1278 2941 Theophanes
1307 2901 1370 2926 an.
1400 2901 1518 2926 xxxv.
