1820 3276
242 204 342 254 402
688 230 689 233 =
830 205 1154 247 NOTAE

243 314 375 354 adhuc
407 328 428 352 a
459 313 571 365 Syris
599 312 869 363 retinebatur,
911 327 993 352 non
1029 314 1159 353 minus
1197 326 1317 366 quam
1354 315 1519 367 antiqua
1549 315 1709 355 nomina

242 372 419 425 plurium
449 370 619 410 aliarum
649 369 840 417 urbium,
869 370 964 410 licet
991 370 1136 410 Graeci
1164 384 1310 410 nomen
1339 377 1570 413 mutassent.

1273 428 1330 466 JJ.
1357 427 1463 468 MM.
1472 427 1488 480 ]

98 543 128 578 P
151 543 219 580 569
357 539 454 589 Pag-
485 539 580 581 561.
613 541 677 581 13.
737 537 821 579 Καὶ
850 537 1037 591 ἐποίησεν
1066 539 1299 590 Εκκλησίαν
1321 538 1599 592 Χριστιανῶν]
1629 539 1710 579 Ex-

241 595 372 649 empla
413 595 491 633 alia
515 597 772 647 ¹templorum
809 595 1057 646 Paganorum
1086 596 1129 634 in
1159 595 1477 634 Christianorum
1513 595 1710 635 Ecclesiae

241 665 526 691 conversorum
561 665 658 703 prae
690 652 857 692 caeteris
892 651 1042 691 habent
1070 652 1174 691 idem
1206 651 1389 691 Chronic.
1420 666 1483 692 an.
1511 665 1600 691 vm.
1630 653 1711 690 Ze-

242 708 375 758 nonis,
418 707 688 760 Epiphanius,
735 708 806 747 ubi
845 707 896 747 de
934 709 1161 759 Hadriano,
1210 722 1281 747 seu
1324 709 1475 761 templo
1517 708 1712 747 Hadriani

239 767 338 818 Imp.
379 764 647 804 Alexandriae
686 765 729 805 in
779 764 915 804 aedem
953 779 1107 804 sacram
1155 778 1348 804 converso
1384 779 1406 803 a
1450 765 1709 805 Constantino

240 823 343 874 Imp.
373 821 423 860 de
450 821 610 861 nomine
641 822 827 874 Gregorii
850 822 1051 862 Meletiani
1079 822 1302 874 appellato,
1332 822 1553 874 Procopius
1582 821 1651 861 lib.
1681 835 1710 861 1.

243 879 292 917 de
330 878 439 917 Bello
478 879 584 918 Pers.
624 892 711 931 cap.
741 892 845 918 xvix.
875 879 1069 930 Evagrius
1098 879 1165 919 lib.
1196 892 1224 917 1.
1255 892 1342 931 cap.
1371 891 1456 920 xv1.
1487 877 1710 931 Theopha-

240 949 311 974 nes
343 948 446 973 anno
471 949 548 974 xii.
578 935 732 985 sumini,
762 942 837 976 etc.
867 942 915 974 ut
943 936 1080 988 paullo
1111 937 1354 974 recentiores
1383 935 1574 973 omittam.
1631 934 1712 974 Sed

241 992 291 1030 de
319 990 399 1030 hoc
427 1005 537 1030 more
568 992 840 1031 consulendus
864 991 907 1030 in
928 992 1069 1044 primis
1088 991 1234 1030 Avitus
1252 992 1485 1031 Viennensis
1506 991 1632 1046 Epist.
1653 1004 1710 1031 vx.

241 1055 280 1087 et
308 1048 358 1087 ad
389 1062 474 1087 eam
504 1048 750 1088 sirmondus.

355 1104 451 1155 Pag.
483 1106 579 1146 561.
611 1108 675 1147 18.
740 1101 794 1145 To*
825 1100 900 1157 ς’.]
942 1104 1051 1142 Fasti
1091 1117 1228 1142 omnes
1267 1117 1306 1142 v.
1363 1102 1411 1141 In
1448 1103 1603 1155 aliquot
1631 1103 1711 1144 Le·-

240 1160 320 1212 gib.
351 1159 448 1202 Cod.
475 1160 627 1202 Theod.
658 1161 805 1212 legitur
833 1159 912 1199 hoc
940 1174 1064 1199 anno:
1094 1161 1138 1200 P.
1170 1161 1211 1198 C.
1239 1160 1392 1198 Ausonii
1416 1164 1450 1198 et
1482 1161 1635 1213 Olybrii.

355 1217 453 1267 Pag.
485 1217 582 1260 562.
613 1217 651 1259 5.
715 1220 800 1258 Τοῦ
832 1217 1036 1270 Δεκίμου]
1078 1217 1143 1255 Sic
1171 1216 1275 1255 infra
1310 1217 1354 1254 in
1383 1217 1552 1257 Zenone.
1610 1216 1712 1256 Vide
1791 1266 1794 1269 η

242 1273 634 1325 Constantinopolim
664 1273 808 1312 Christ.
835 1273 908 1312 lib.
935 1287 982 1314 11.
1013 1279 1110 1312 sect.
1142 1287 1170 1311 1.
1199 1287 1240 1312 n.
1266 1286 1306 1312 v.

357 1330 451 1381 Pag.
482 1330 576 1372 562.
609 1332 649 1371 8.
707 1331 932 1381 Συαγρίου]
971 1330 1032 1369 Ita
1062 1329 1289 1378 Victorius,
1329 1334 1369 1367 et
1395 1328 1504 1368 Fasti
1534 1328 1622 1367 aliis
1669 1334 1712 1367 at

241 1386 348 1425 Fasti
387 1387 593 1434 Vossiani,
642 1386 899 1425 Marcellinus
938 1387 1074 1425 Comes
1113 1392 1153 1424 et
1187 1387 1362 1438 Prosper
1397 1385 1493 1426 edit.
1533 1386 1712 1435 Pontaci,

240 1444 332 1482 loco
365 1443 409 1482 S
396 1446 541 1495 Jagrii
570 1443 777 1493 Evagrium
805 1443 950 1495 legunt.
1008 1442 1109 1482 Vide
1132 1442 1294 1494 Pagium
1314 1442 1358 1481 in
1382 1443 1541 1481 Dissert.
1563 1441 1711 1494 Hypat.

239 1499 283 1538 in
314 1501 468 1550 Proleg.
496 1514 535 1538 n.
563 1513 695 1538 xxvu.

356 1557 451 1606 Pag
481 1557 575 1599 562.
606 1560 647 1599 9.
700 1558 778 1598 Τω
805 1558 1111 1610 τριακοσιοστῷ,
1145 1554 1247 1606 etc.]
1294 1555 1357 1593 Ex
1385 1560 1567 1594 veterum
1596 1553 1712 1592 scili-

241 1620 306 1652 cet
333 1614 495 1652 Patrum
524 1612 737 1662 sententia,
779 1612 849 1663 qui
880 1611 1082 1651 Christum
1109 1626 1212 1651 xxx.
1242 1612 1380 1652 aetatis
1416 1625 1520 1650 anno
1549 1624 1713 1664 passum

240 1670 476 1719 censebant,
514 1675 559 1708 ut
589 1683 669 1708 non
698 1669 819 1708 semel
849 1668 958 1721 apud
986 1668 1097 1707 hunc
1125 1669 1371 1721 Scriptorem
1400 1668 1610 1708 observare
1638 1673 1712 1708 est.

241 1726 342 1764 Vide
373 1725 626 1767 Grandamic.
658 1731 772 1778 parte
799 1739 864 1765 111.
894 1725 1084 1766 chronol.
1114 1725 1255 1764 Christ.
1286 1739 1326 1777 p.
1359 1727 1452 1768 118.

355 1783 448 1833 Pag·
478 1785 577 1826 562.
610 1786 675 1825 17.
733 1782 992 1833 Αντωνίνου]
1025 1783 1081 1834 lta
1104 1782 1229 1822 editio
1256 1781 1458 1833 Scaligeri,
1486 1780 1596 1820 Festi
1610 1779 1711 1819 Vos-

240 1838 361 1888 siani,
402 1838 665 1892 Paschasinus
696 1839 919 1891 Episcopus
949 1839 1198 1890 Lilybitanus
1227 1839 1268 1878 in
1295 1839 1423 1890 Epist.
1454 1837 1506 1877 ad
1534 1839 1573 1876 S.
1601 1836 1714 1876 Leo-'-

208 1934 210 1938 ⁴
241 1909 353 1941 nem,
394 1901 435 1934 et
474 1895 686 1934 Victorius.
745 1897 798 1934 At
829 1895 1083 1938 Marcellinus
1114 1897 1275 1945 Comes,
1311 1894 1484 1943 Idafius,
1524 1894 1713 1945 Prosper,

241 1952 423 2000 Senator,
451 1952 647 1991 Latercul.
678 1950 891 2001 Paschalis,
921 1959 959 1990 et
990 1951 1086 1991 Cod.
1117 1951 1267 1992 Theod.
1296 1951 1522 1991 Αντωυίου.
1570 1949 1713 1998 Quae·-

92 2015 124 2050 V
146 2013 215 2052 499
240 2008 331 2047 dam
361 2022 459 2048 vero
488 2009 610 2061 Leges
640 2005 818 2063 ejusdem
849 2008 1008 2047 Codicis
1038 2009 1080 2049 P.
1112 2009 1156 2049 C.
1187 2008 1345 2060 Syagrii
1370 2012 1404 2045 et
1431 2007 1608 2045 Eucherii
1631 2005 1712 2046 lia·-

240 2065 346 2106 bent.
407 2065 575 2117 Syagrio
606 2078 704 2104 vero
733 2071 868 2104 notam
897 2065 1030 2104 iterati
1060 2065 1298 2103 Consulatus
1329 2063 1441 2103 addit
1470 2062 1711 2130 Chronicon,

238 2136 330 2161 cum
370 2120 475 2160 absit
511 2122 552 2160 in
593 2121 721 2160 Fastis
761 2112 964 2170 omnibus,
1003 2128 1043 2160 et
1070 2122 1111 2161 in
1143 2121 1241 2160 Cod.
1275 2119 1428 2160 Theod.
1461 2119 1575 2172 quasi
1603 2113 1711 2159 idem

240 2177 363 2217 fuerit
400 2178 588 2230 Syagrius
624 2178 700 2217 iste
737 2191 828 2217 cum
858 2178 1059 2231 proximo.
1117 2178 1264 2218 Verum
1293 2178 1329 2216 is
1360 2178 1430 2229 qui
1459 2190 1550 2215 cum
1579 2176 1711 2216 Anto-

242 2235 310 2273 nio
340 2234 601 2273 Consulatum
632 2234 766 2286 gessit,
795 2235 970 2287 Afranius
1000 2235 1184 2288 ‚syagrius
1213 2234 1448 2281 v‚ocabatur
1480 2239 1527 2272 ut
1556 2232 1711 2295 Auctor

242 2297 302 2330 est
331 2290 520 2329 Sidonius
548 2291 618 2332 lib.
647 2306 674 2332 1.
704 2292 829 2344 Epist.
857 2305 930 2332 vn.
962 2292 1031 2330 ubi
1060 2292 1327 2330 consulendus
1356 2290 1605 2331 Sirmondus.

354 2346 453 2397 Pag·
483 2347 579 2390 562
612 2351 677 2391 18.
736 2352 807 2388 Με
809 2344 1038 2402 ροβαυὸου]
1067 2349 1174 2388 Fasti
1199 2347 1608 2398 Vossiani,1datius,
1639 2347 1709 2386 Se·

241 2409 380 2452 nator,
421 2409 461 2442 et
500 2403 598 2443 cod.
638 2403 788 2443 Theod.
809 2364 1046 2445 ‘’Merobaude
1083 2419 1128 2446 11.
1169 2410 1202 2444 et
1239 2405 1450 2444 Saturnino.
1506 2399 1710 2443 Letercul.

240 2459 421 2501 Paschal.
456 2458 658 2499 Saturnino
685 2464 719 2499 et
751 2461 926 2512 Syagrio.

356 2515 451 2566 Pag.
480 2515 575 2559 562.
609 2519 675 2558 19.
733 2516 821 2557 Επὶ
847 2513 1024 2568 τούτων,
1053 2517 1154 2569 etc.]
1197 2517 1349 2555 Socrat.
1379 2514 1451 2555 lib.
1480 2528 1520 2554 v.
1550 2527 1638 2568 cap.
1665 2527 1708 2557 x.

242 2574 447 2613 Sozomen.
474 2572 545 2611 lib.
575 2586 649 2612 vn.
685 2586 774 2625 cap.
802 2586 879 2616 xxx.
908 2574 1125 2615 Marcellin.
1159 2574 1352 2639 Prosper,
1379 2571 1481 2611 ldat.
1512 2577 1587 2610 etc.

357 2628 454 2680 Pag·
483 2630 579 2672 562.
610 2632 678 2672 20.
734 2631 800 2670 Εν
835 2632 893 2684 τῷ
929 2631 1145 2682 wlff-1⁰¹⁷
1180 2624 1394 2682 Εβδόμου]
1435 2627 1706 2678 Marcellinus,

242 2699 315 2724 vu.
349 2687 395 2725 ab
432 2687 516 2725 urbe
545 2685 723 2726 milliario.
789 2670 891 2725 Vide
930 2686 1148 2739 Disceptat.
1183 2691 1362 2725 nostram
1406 2685 1458 2726 de
1496 2683 1706 2724 Hebdomo

240 2755 398 2782 n.w11.

358 2798 479 2850 [Pag-
510 2797 603 2842 563.
633 2801 671 2843 6.
729 2799 967 2866 καλανὸαΐς]
998 2800 1084 2838 Ser.
1112 2794 1369 2852 καλάνδαις.]

354 2855 449 2906 Pag·
478 2855 574 2899 563.
604 2859 643 2899 8.
704 2850 961 2909 Ρηχομήρου]
1004 2855 1085 2905 Qui
1121 2855 1341 2906 Εἰσωποτεε,
1380 2854 1529 2896 idatio:
1567 2851 1704 2896 Richo-
