1884 3262
157 438 188 472 P
212 436 282 475 413

156 507 187 540 V
211 507 280 543 331

309 193 373 239 96
635 189 878 234 SELECTA
905 189 978 231 AD
1006 186 1499 240 ILLUSTRATIONEM

996 424 1096 480 IV.
1619 469 1622 475 .

400 537 640 587 LIBER
679 534 1308 586 GENERATIONIS
1345 534 1440 582 AB
1476 501 1698 582 ADAM

306 628 473 670 USQUE
507 628 570 662 AD
605 627 834 662 ORDINEM
860 626 1020 668 QUAE*
1044 624 1380 661 CONTINETUR
1414 624 1469 659 IN
1501 625 1604 659 Hoc
1628 624 1786 659 LIBRO.
1863 621 1867 624 ’

311 734 561 772 Dinumeratio
598 737 788 784 temporum
823 735 856 769 et
894 743 1079 769 annorum.
1140 730 1393 768 Generationes
1430 729 1567 767 saeculi
1599 742 1723 780 usque
1747 732 1787 767 in

366 790 462 828 bunc
490 790 592 828 diem.
654 789 786 827 Terrae
806 789 935 826 divisio
959 789 1073 825 tribus
1084 787 1183 838 filiis
1202 785 1314 825 Noae.

310 846 519 893 Declaratio
536 848 718 896 gentium,
749 850 839 897 quae
857 858 900 883 ex
920 846 1047 896 quibus
1066 843 1193 895 factae
1210 847 1294 880 sunt
1310 873 1321 891 ,
1351 846 1384 882 et
1402 856 1492 894 quas
1511 844 1654 893 singuli
1673 847 1786 881 terras

365 907 399 941 et
421 906 584 941 civitates
604 905 725 941 sortiti
749 906 855 940 sunt:
885 905 1042 953 quantae
1062 901 1211 939 Insulae
1232 901 1374 938 clarae:
1404 902 1468 951 qui
1490 913 1534 937 ex
1555 901 1680 950 quibus
1697 913 1786 949 gen-

366 961 461 998 tibus
489 962 866 1010 transmigraverunt:
896 962 979 1009 quot
1006 957 1180 995 Flumina
1206 959 1414 995 nominata:
1445 960 1527 1008 quot
1551 956 1703 998 Montes,
1723 966 1786 1008 no-

365 1019 506 1056 minati.

310 1074 406 1118 Quot
424 1074 589 1113 Iudices:
617 1075 652 1110 et
673 1074 754 1124 quis
772 1075 855 1122 quot
876 1072 983 1108 annis
1003 1069 1173 1122 populum
1191 1070 1390 1118 judicavit.

310 1131 406 1174 Quot
425 1131 545 1180 Reges
562 1132 602 1168 in
625 1129 739 1167 Tribu
757 1129 880 1167 Juda:
909 1131 943 1165 et
961 1129 1039 1178 quis
1060 1131 1142 1178 quot
1159 1129 1267 1164 annis
1286 1129 1464 1176 regnavit.

306 1187 518 1226 Declaratio
551 1186 733 1235 Paschae,
762 1189 796 1223 et
829 1186 910 1235 quis
940 1184 1083 1235 quando
1113 1185 1268 1221 servavit
1290 1196 1334 1221 ex
1361 1183 1572 1234 temporibus
1597 1181 1726 1234 Moysi
1746 1183 1786 1220 in

363 1244 458 1282 hunc
482 1244 582 1281 diem.

306 1301 426 1350 Reges
447 1300 637 1339 Persarum
656 1312 680 1336 a
699 1298 812 1350 Cyro,
843 1301 876 1335 et
897 1310 976 1348 quzs
1002 1301 1084 1348 quot
1105 1298 1213 1334 annis
1231 1298 1411 1345 regnavit.

306 1357 428 1407 Reges
445 1356 688 1394 Macedonum
712 1357 758 1392 ab
779 1354 1010 1403 Alexandro,
1042 1358 1076 1391 et
1097 1355 1176 1404 quis
1197 1357 1280 1404 quot
1300 1354 1408 1390 annis
1425 1355 1604 1402 regnavit.

304 1414 539 1464 Imperatores
553 1413 795 1450 Romanorum
822 1412 868 1449 ab
887 1411 1074 1460 Augusto,
1104 1413 1137 1447 et
1155 1412 1235 1461 quis
1255 1413 1338 1460 quot
1363 1411 1472 1447 annis
1498 1411 1693 1460 imperavit.

309 1471 483 1521 Tempora
505 1469 763 1520 Olympiadum
783 1469 828 1506 ab
847 1467 954 1519 Ifito‚
985 1480 1095 1519 usque
1114 1469 1154 1504 in
1166 1469 1386 1518 praesentem
1409 1466 1670 1517 Olympiadem.

305 1525 463 1565 Nomina
483 1526 784 1564 Patriarcharum
804 1538 847 1563 ac
873 1527 1130 1573 generationes.

236 1604 238 1606 v
305 1582 464 1622 Nomina
486 1583 759 1634 Prophetarum.
789 1581 965 1619 Mulieres
983 1581 1244 1632 prophetissae.

305 1638 462 1679 Nomina
492 1639 636 1688 Regum
665 1639 907 1677 Hebraeorum
938 1642 972 1676 et
1000 1638 1144 1687 Regum
1180 1638 1244 1687 qui
1270 1638 1309 1674 in
1337 1634 1514 1674 Samaria
1542 1637 1785 1685 regnaverunt

362 1710 474 1748 supra
496 1697 610 1733 decem
633 1696 786 1734 Tribus.
808 1699 842 1732 et
867 1697 947 1745 quis
970 1699 1054 1746 quot
1076 1695 1184 1732 annis
1205 1693 1404 1743 regnavit?

306 1751 464 1792 Nomina
490 1751 736 1791 sacerdotum.

307 1807 466 1848 Nomina
483 1808 745 1861 Episcoporum
761 1809 918 1856 Romae,
945 1812 979 1845 et
1002 1810 1081 1858 quis
1101 1811 1185 1858 quot
1213 1807 1321 1845 annis
1339 1803 1532 1856 praefuit?

421 1978 758 2029 Quandoquidem
786 1985 945 2030 oportet
980 1979 1219 2018 instructum
1253 1993 1338 2018 esse
1366 1978 1556 2026 veritate,
1598 1989 1781 2015 necessa-

306 2035 410 2074 rium
440 2035 688 2085 existimavi,
721 2035 905 2074 FRATRES
931 2050 1151 2084 cnussmn,
1188 2036 1299 2075 hunc
1323 2036 1365 2074 in
1394 2034 1509 2074 brevi
1542 2033 1592 2072 de
1624 2032 1782 2071 Sanctis

307 2093 527 2144 Scripturis
547 2091 679 2130 facere
698 2106 918 2133 sermonem
940 2094 991 2132 ad
1016 2093 1359 2132 corroborandam
1377 2092 1601 2131 doctrinam
1614 2121 1625 2139 ,
1643 2097 1687 2128 ut
1706 2102 1782 2141 per

307 2162 455 2200 paucas
486 2149 777 2198 enarrationes,
807 2164 887 2188 non
917 2151 1000 2188 sine
1026 2164 1145 2190 causa
1178 2150 1386 2202 inquisitas
1407 2149 1577 2188 virtutes
1599 2146 1781 2190 veritatis
1799 2182 1823 2201 u

305 2205 421 2243 eitius
445 2219 704 2256 agnoscamus
717 2235 728 2254 ‚
760 2206 1012 2246 abscidentes
1030 2208 1145 2259 prius
1164 2208 1419 2245 indoctorum
1440 2210 1668 2257 generatam
1687 2216 1782 2241 con-

304 2262 546 2319 tentionem,
585 2275 687 2313 quae
715 2262 929 2302 obumbrat
958 2277 1119 2313 sensus,
1149 2263 1427 2315 hujuscemodi
1458 2261 1667 2300 indoctum
1687 2259 1782 2298 edo-

307 2324 407 2357 ceat.
466 2319 626 2356 Summa
654 2327 784 2357 autem
812 2334 903 2358 cum
932 2320 1127 2359 industria
1155 2321 1393 2372 praevidere
1431 2318 1638 2371 cupientes
1662 2316 1780 2369 juxta

305 2374 517 2414 veritatem
545 2376 822 2425 cognoscimus
845 2378 1030 2415 Gentium
1055 2382 1392 2426 mvls1oN13M‚et
1413 2381 1627 2428 parentum
1653 2372 1780 2411 dinu-

305 2437 497 2470 meratam
530 2444 854 2471 GENERATIONEM
912 2432 1228 2473 Inhabitatorum
1258 2446 1418 2485 quoque
1443 2438 1655 2482 tempora,
1684 2429 1777 2468 bel-

305 2488 439 2526 lorum
470 2488 789 2537 commissiones,
829 2495 869 2528 et
897 2490 1083 2528 Judicum
1117 2497 1321 2543 tempora,
1361 2487 1697 2541 dispensationes,
1737 2491 1777 2524 et

306 2537 457 2595 Regum
475 2558 618 2594 annoS‚
639 2551 678 2583 et
696 2545 982 2598 Prophetarum
1002 2553 1179 2599 tempora
1191 2577 1203 2596 ,
1221 2547 1291 2598 qui
1309 2554 1348 2585 et
1370 2559 1421 2584 ex
1441 2545 1586 2597 quibus
1601 2542 1775 2594 Regibus

305 2601 391 2639 nati
418 2607 541 2651 sunt,
583 2602 798 2653 qualesque
836 2604 1089 2654 captivitates
1120 2603 1264 2656 populi
1284 2635 1295 2653 ‚
1334 2602 1477 2654 quibus
1509 2600 1704 2650 Regibus,
1735 2603 1775 2637 et
1803 2611 1811 2620 Χ
1843 2635 1847 2638 ,

304 2657 449 2710 quibus
475 2657 680 2710 judicibus
716 2659 980 2710 contigerint,
1026 2660 1175 2712 quique
1211 2659 1465 2708 Sacerdotes,
1496 2656 1641 2708 quibus
1669 2661 1774 2694 tem-

305 2714 471 2766 poribus
487 2715 660 2765 fuerint,
691 2722 730 2755 et
761 2730 863 2769 quae
893 2716 1069 2770 perditio
1096 2717 1202 2757 facta
1234 2716 1302 2764 sit,
1332 2729 1431 2767 quae
1450 2713 1634 2758 ammodo
1654 2724 1773 2764 gene-

353 2859 368 2874 ⁸
405 2852 456 2894 s'ic
479 2859 555 2894 MS.

1868 2790 1871 2795 '
1872 2664 1884 2728 :nnn-
1869 2441 1884 2658 “anu-mx*
1874 2282 1884 2435 „acm—a·n.„.*„
1870 2163 1884 2277 meh
1874 2094 1884 2150 ..m
1880 2080 1884 2084 .
