1884 3262
342 239 404 283 58
803 227 1029 270 BALUZII
1056 227 1334 270 EPISTOLA

343 345 495 396 gidae-
512 343 627 382 vallis
644 341 688 395 l)
721 347 760 380 et
788 341 1040 392 praepositus
1061 340 1332 392 Belliquercus
1353 338 1432 395 2),
1460 352 1560 392 quae
1587 338 1794 392 splendida

343 408 402 440 est
423 398 709 439 administratio
737 397 777 434 in
807 411 850 435 ea
879 397 1061 447 Belgicae
1088 397 1285 436 secundae
1309 402 1422 448 parte
1451 410 1570 448 quam
1596 395 1796 447 posterior

339 464 443 496 aetas
473 455 634 494 vocavit
655 453 903 501 Picardiam,
931 453 1017 503 vir,
1050 462 1096 491 ut
1124 467 1174 491 ex
1200 453 1281 490 filio
1313 452 1510 491 audivisse
1535 465 1596 490 me
1622 451 1794 499 memini,

339 514 504 560 doctus,
541 517 578 548 et
612 510 804 547 bonarum
839 509 1043 547 literarum
1085 509 1396 556 amantissimus,
1445 515 1484 546 et
1521 508 1587 559 qui
1620 508 1795 545 Graecae

339 581 496 620 quoque
521 566 753 604 eruditionis
784 579 928 617 expers
949 579 1031 603 non
1059 571 1173 604 esset.
1234 566 1318 602 Duo
1345 564 1414 602 ille
1451 563 1696 601 matrimonia
1725 575 1796 601 ex·-

335 630 472 675 pertus
502 628 571 661 est.
628 623 691 659 Ex
723 622 856 672 priore
886 627 965 660 tres
997 621 1143 659 liberos
1172 620 1332 669 habuit,
1362 620 1629 667 Hadrianum,
1658 620 1726 670 qui
1758 617 1794 656 ei

334 683 375 718 in
393 679 625 729 magistratu
643 678 915 728 Belliquercus
942 677 1155 726 successit,
1184 677 1371 714 Joannem
1398 676 1643 715 Advocatum
1667 675 1709 713 in
1726 686 1794 712 su·-

334 750 470 788 premo
489 740 628 773 senatu
651 734 878 782 parisiensi,
908 739 947 771 et
966 733 1213 771 Ludovicum
1238 732 1456 782 medicum,
1489 744 1623 770 omnes
1645 730 1794 769 doctri-

336 806 409 830 nae
429 797 467 830 et
490 789 722 829 eruditionis
737 790 839 828 fama
862 790 1004 828 claros.
1065 790 1126 827 Ex
1152 790 1199 827 iis
1221 802 1292 839 ego
1310 789 1497 827 Joannem
1520 787 1633 836 novi,
1664 787 1794 825 virum

334 849 505 894 bonum,
543 859 723 896 gravem,
760 845 1019 897 prudentem,
1056 845 1160 884 Juris
1191 845 1319 883 civilis
1359 858 1405 882 ac
1435 843 1709 895 municipalis,
1746 848 1794 881 ut

336 904 455 943 etiam
484 902 781 940 lucubrationes
811 901 895 954 ejus
927 902 1079 950 editae,
1110 915 1212 952 quae
1239 901 1279 939 in
1306 900 1479 938 omnium
1506 899 1683 938 manibus
1705 911 1793 937 ver-

332 966 491 1007 santur,
545 957 780 1008 ostendunt,
831 958 1134 1009 peritissimum,
1178 956 1300 995 isthic
1339 956 1520 995 Lutetiae
1558 955 1793 994 defunctum

335 1023 422 1054 ante
445 1015 596 1065 aliquot
612 1028 746 1054 annos.
803 1014 863 1052 Ex
891 1015 1133 1065 posteriore,
1177 1013 1286 1063 quod
1319 1026 1420 1050 anno
1449 1025 1588 1050 MDCVI.
1621 1010 1792 1063 postrid-

206 1070 236 1103 V
266 1068 312 1103 44
335 1071 515 1110 Ka1.Jul.
537 1071 738 1108 contraxit
761 1083 850 1107 cum
871 1070 1019 1109 Helena
1039 1070 1162 1121 Relya
1185 1067 1232 1122 3)
1260 1069 1337 1107 filia
1364 1068 1559 1106 Ludovici
1582 1067 1696 1118 Relyi
1715 1067 1793 1106 To-

329 1127 502 1180 parchae
533 1126 788 1165 Framicurtis
808 1125 859 1176 4)
890 1132 928 1165 et
954 1127 1188 1176 Margaiitae
1203 1125 1370 1164 Fosseae
1398 1138 1448 1163 ex
1466 1124 1673 1162 nobilitate
1693 1123 1792 1173 Nor-3

331 1183 532 1232 mannica,
562 1188 641 1221 tres
662 1195 820 1233 quoque
837 1181 999 1233 habuit,
1029 1182 1261 1220 Michaelem
1288 1187 1326 1220 et
1346 1181 1598 1219 Franciscum
1618 1179 1793 1218 instituti

329 1239 534 1277 societatis
554 1239 647 1277 Jesu
663 1239 930 1290 professores,
963 1238 1144 1276 omnibus
1164 1237 1415 1276 honoribus
1403 1250 1445 1274 m
1473 1251 1517 1275 ea
1544 1237 1722 1284 functos,
1752 1240 1792 1274 et

209 1294 236 1326 P
261 1294 307 1330 50
329 1295 436 1334 hunc
475 1293 670 1334 carolum.
738 1294 919 1346 Optimas
951 1293 1049 1332 haec
1074 1300 1275 1342 matrona,
1305 1299 1351 1331 ut
1375 1293 1452 1331 hoc
1483 1306 1642 1344 quoque
1673 1291 1791 1330 detur

327 1351 540 1390 memoriae
561 1349 772 1399 insignium
800 1350 1004 1399 virorum,
1036 1356 1122 1388 orta
1150 1355 1234 1388 erat
1264 1363 1314 1388 ex
1337 1355 1469 1387 vetere
1495 1356 1534 1388 et
1561 1347 1710 1386 illustri
1730 1348 1790 1385 fa-

325 1407 433 1445 milia
460 1406 675 1456 Relyorum
706 1405 813 1456 apud
832 1405 1036 1444 Atrebates
1053 1406 1119 1454 ⁶):
1151 1419 1276 1457 quae,
1305 1410 1462 1457 praeter
1488 1411 1660 1454 ceteros,
1690 1417 1790 1442 aevo

328 1463 459 1501 Caroli
479 1461 583 1500 VIII.
614 1461 730 1510 Regis
755 1461 1000 1500 Francorum
1020 1463 1192 1514 protulit
1211 1463 1341 1500 virum
1363 1462 1492 1512 magni
1512 1475 1587 1513 per
1608 1474 1672 1499 eas
1690 1465 1790 1499 tem-

326 1525 501 1571 pestatesv
529 1516 698 1555 nominis
736 1517 922 1555 Joannem
960 1519 1130 1569 Relyum
1171 1519 1414 1570 Episcopum
1454 1517 1788 1567 Andegavensem.

325 1576 415 1626 Ipsa
434 1588 530 1613 vero
551 1587 600 1611 ex
624 1577 823 1623 postremo
853 1575 1067 1625 puerperio
1099 1580 1256 1612 mortua
1278 1579 1337 1612 est
1364 1587 1466 1611 anno
1485 1587 1658 1612 uncxm.
1679 1572 1788 1624 prid.

327 1632 427 1670 Non.
454 1630 567 1667 Mart.
601 1627 752 1666 decimo
783 1629 846 1666 die
875 1636 1084 1680 postquam
1117 1630 1291 1682 peperit,
1330 1643 1476 1667 annum
1505 1643 1620 1680 agens
1648 1627 1788 1667 aetatis

327 1701 421 1724 suae
447 1683 688 1735 trigesimum
711 1685 944 1725 secundum.
1005 1683 1168 1724 Carolus
1187 1686 1329 1736 igitur,
1357 1692 1402 1724 ut
1433 1685 1483 1724 ad
1511 1686 1552 1723 id
1579 1684 1788 1724 redeamus

326 1743 431 1780 unde
461 1740 625 1791 digressi
658 1753 813 1790 sumus,
850 1742 891 1778 in
923 1742 1050 1780 lucem
1081 1742 1209 1780 editus
1242 1748 1301 1779 est
1333 1743 1440 1793 apud
1469 1740 1788 1780 Samarobrivam

325 1812 426 1836 anno
455 1810 579 1834 Mncx.
612 1810 680 1835 xv.
708 1797 797 1835 Kal.
826 1796 985 1837 Januar.
1015 1798 1120 1835 circa
1143 1797 1280 1836 horam
1299 1798 1507 1849 septimam
1530 1797 1786 1847 matutinam;

325 1854 543 1904 eodemque
570 1852 632 1890 die
658 1852 822 1901 gratiam
857 1852 1004 1891 Christi
1034 1860 1271 1891 consecutus
1301 1860 1358 1891 est
1383 1854 1425 1891 in
1445 1854 1621 1892 Ecclesia
1643 1866 1786 1904 paroe-

326 1910 417 1948 ciali
437 1908 562 1947 sancti
587 1908 750 1945 Firmini
773 1922 890 1956 quam
921 1916 1069 1947 vocant
1096 1910 1146 1947 ad
1176 1910 1332 1947 Petram
1354 1907 1409 1962 ⁶).
1471 1910 1601 1947 Prima
1629 1909 1785 1947 studio-

322 1980 413 2005 rum
439 1964 663 2003 rudimenta
681 1965 816 2015 posuit
838 1964 878 2001 in
905 1965 1077 2015 Collegio
1105 1965 1355 2003 Ambianensi
1385 1966 1547 2003 Patrum
1575 1964 1783 2003 Societatis

323 2023 434 2070 Jesu3
469 2019 575 2072 apud
598 2033 696 2070 quos
717 2026 867 2058 certum
891 2028 948 2059 est
978 2035 1091 2069 eum,
1122 2022 1215 2058 licet
1240 2021 1452 2059 admodum
1478 2034 1669 2072 puerum,
1699 2034 1784 2059 ma-

323 2092 436 2128 gnam
468 2075 690 2126 diligentiae
726 2075 1008 2128 doctrinaeque
1037 2077 1194 2115 laudem
1229 2091 1314 2115 esse
1341 2077 1544 2129 adeptum.
1603 2078 1702 2116 Tum
1730 2076 1782 2116 ad

324 2133 520 2171 celebrem
543 2131 782 2170 academiam
806 2133 1123 2171 Aurelianensem
1147 2133 1287 2171 missus
1315 2139 1361 2171 ut
1389 2134 1472 2171 Juri
1502 2133 1690 2172 discendo
1713 2133 1780 2171 da-

323 2195 387 2227 ret
407 2201 588 2239 operam,
617 2194 752 2238 postea
781 2188 823 2226 in
849 2188 1148 2228 Advocatorum
1178 2190 1358 2237 ordinem
1386 2195 1594 2241 cooptatus
1625 2196 1684 2229 est
1702 2189 1781 2228 Lu-

324 2246 443 2283 tetiae
468 2257 570 2282 anno
587 2257 786 2284 MDcxxxx.
805 2258 846 2283 v.
866 2245 961 2283 Idus
982 2247 1167 2295 Augusti3
1198 2259 1244 2283 ac
1267 2259 1360 2283 mox
1381 2246 1423 2283 in
1449 2246 1622 2298 patriam
1643 2259 1780 2285 rever-

325 2315 414 2348 sus,
445 2314 534 2338 cum
553 2313 593 2337 se
611 2305 738 2338 totum
763 2300 927 2339 dederet
952 2302 1096 2340 studiis
1122 2302 1313 2340 bonarum
1336 2301 1560 2352 literarum,
1587 2302 1700 2341 brevi
1727 2301 1779 2340 ad

324 2357 467 2394 famam
494 2356 696 2407 pervenit,
732 2357 900 2395 laetante
930 2359 1098 2396 multum
1126 2363 1239 2409 patre
1262 2372 1307 2395 ac
1333 2358 1527 2408 gaudente
1554 2358 1663 2409 quod
1683 2358 1777 2396 talis

324 2413 360 2451 ei
384 2411 489 2450 filius
523 2411 758 2450 obvenisset.
813 2413 994 2451 Excessit
1022 2415 1091 2451 ille
1130 2427 1151 2451 e
1180 2414 1281 2452 vivis
1321 2415 1642 2465 septuagenarius
1672 2427 1776 2452 anno

324 2481 581 2506 mncxxxvni.
602 2482 638 2506 v.
659 2468 753 2507 Idus
776 2469 928 2510 Januar.
960 2470 1153 2508 assidente
1174 2470 1208 2508 ei
1227 2483 1435 2523 perlomne
1456 2477 1611 2523 tempus
1631 2469 1773 2520 morbi,

367 2647 406 2687 ι)
430 2646 622 2681 Froidevat

364 2693 381 2756 ἶ
392 2693 409 2734 )
429 2694 664 2771 gffssguuf‘ffle‘

363 2738 406 2823 ἰζ
432 2783 485 2815 Fr
480 2751 653 2817 imicburt.

366 2828 409 2869 ⁵)
432 2828 519 2862 Vide
538 2828 683 2862 familiis
704 2827 880 2862 Picardiae
902 2828 1036 2864 Adriani
1058 2828 1149 2864 dela
1175 2829 1335 2863 Mon-liere
1357 2841 1433 2874 pag.
1456 2831 1534 2865 323

363 2872 405 2915 6)
429 2873 527 2907 Saint
544 2874 697 2909 Firunin'
688 2886 707 2907 a
727 2874 759 2908 la
779 2875 908 2909 Picrre.
