1884 3262
314 192 414 240 340
887 195 1206 239 NOTAE

316 307 402 346 fere
430 317 586 357 semper
616 304 761 345 Graeci
791 304 972 346 efferunt.
1029 306 1092 346 Ex
1115 305 1262 348 Chron.
1289 305 1432 346 Euseb.
1463 306 1532 346 ubi
1563 305 1668 344 idem
1688 306 1784 359 Sca-

315 364 427 415 liger.

433 420 524 468 Pag-
554 416 650 461 492.
681 421 723 460 7.
783 417 936 473 Θερμαὶ
974 418 1285 472 Κομμοδιαναὶ]
1335 419 1396 458 Ex
1426 418 1573 458 Chron.
1603 418 1781 471 eJ'usdem

312 474 487 514 Eusebii.

429 534 523 581 Pag.
553 529 651 574 492.
679 532 720 572 9.
780 518 1062 583 Φουσκιανοῦ]
1096 531 1215 570 Deest
1230 530 1390 581 utrique
1410 535 1503 568 nota
1523 531 1784 571 iterati‘con-

313 589 466 627 sulatus
504 588 545 625 in
583 587 710 626 Fastis
739 587 879 637 Idatii,
910 588 1121 640 Prosperi,
1153 587 1321 627 Victorii
1353 593 1393 625 et
1421 587 1642 639 senatoris,
1681 602 1783 640 quae

313 645 555 689 adscribitur
583 643 627 682 in
655 645 784 683 veteri
813 645 998 697 Inscript.
1027 658 1116 684 mvl.
1146 647 1186 688 9.
1220 644 1262 681 in
1296 643 1425 682 Fastis
1463 644 1713 695 Savillianb,
1743 651 1784 684 et

313 702 422 755 apud
447 699 744 753 Lampridium,
778 716 800 740 a
830 714 908 753 quo
940 701 1141 740 omittitur
1168 713 1312 739 nomen
1342 699 1490 749 Silani,
1536 714 1616 752 quo
1645 707 1784 754 postea

313 761 446 797 occiso
474 757 588 810 jussu
619 757 853 807 Commodi,
893 771 1036 797 nomen
1076 757 1186 796 illius
1218 771 1238 796 e
1278 757 1405 796 Fastis
1444 765 1673 810 exemptum
1711 764 1782 800 est.

315 815 523 854 Omittitur
558 813 701 854 deinde
729 815 772 854 in
799 813 996 853 Chronico
1028 814 1267 853 Consulatus
1292 815 1440 852 duorum
1462 814 1683 865 Silanorum,
1713 815 1783 867 qui

315 872 426 911 cadit
455 872 499 909 in
535 885 626 910 ann.
664 871 758 912 Chr.
803 885 996 910 cnxxmx.
1037 871 1194 910 Servilii
1232 871 1386 909 scilicet
1425 876 1465 910 et
1506 871 1639 920 Dulii,
1682 884 1784 924 quos

303 929 555 968 >Commodus
585 942 675 967 cum
700 930 782 968 suis
804 928 1025 977 interfecit,
1063 934 1109 966 ut
1138 927 1278 967 scribit
1305 928 1409 966 idem
1438 927 1713 980 Lampridius:
1744 934 1784 967 et

313 992 407 1037 post
436 986 695 1024 Consulatum
727 985 935 1024 Commodi
963 997 1035 1026 vn.
1067 991 1107 1023 et
1137 984 1376 1033 Pertinacis,
1409 984 1646 1025 Consulatus
1670 985 1783 1038 Apro-

312 1045 418 1081 niani
442 1046 476 1080 et
500 1041 698 1091 Braduae,
728 1042 796 1094 qui
824 1042 865 1079 in
895 1041 1021 1079 Fastis
1052 1041 1235 1079 omnibus
1268 1047 1539 1081 recensentur.

430 1101 522 1148 Pag
552 1098 746 1142 492-14.
811 1097 866 1139 Ev
895 1098 1004 1153 οἰκίᾳ
1029 1097 1277 1150 Βεστιανοῠ]
1327 1098 1387 1136 Ex
1431 1097 1577 1136 Chron.
1609 1096 1783 1147 Eusebii,

312 1155 381 1207 qui
413 1154 558 1204 habet,
587 1159 627 1194 in
654 1156 754 1193 domo
790 1155 998 1194 Vestiliani:
1030 1154 1101 1192 ubi
1133 1154 1401 1205 consulendus
1430 1154 1629 1205 Scaliger,
1671 1160 1715 1192 ut
1743 1159 1785 1196 et

310 1211 568 1250 casaubonus
596 1212 639 1250 in
667 1210 782 1249 Notis
813 1211 865 1249 ad
893 1210 1190 1262 Lampridium,
1226 1210 1293 1248 ubi
1322 1210 1431 1249 hunc
1463 1211 1599 1250 locum
1629 1210 1784 1249 descri-

310 1269 398 1319 bit,
429 1274 467 1306 et
493 1282 569 1321 pro
604 1263 845 1320 Καλανδης,
891 1267 1076 1307 emendat
1111 1256 1352 1308 Καλανδων.
1410 1267 1511 1307 Vide
1540 1267 1711 1307 eundem
1740 1266 1782 1321 in

310 1325 519 1365 Pertinace
550 1339 586 1376 p.
618 1324 712 1367 104.

427 1384 521 1432 Pag.
551 1382 648 1424 492.
681 1383 745 1423 17
802 1375 1009 1432 Λουκιος]
1057 1380 1133 1419 Hic
1163 1386 1202 1420 et
1231 1379 1335 1418 infra
1366 1385 1473 1418 errat
1500 1378 1679 1419 Auctor.
1709 1393 1781 1418 ne-

312 1452 388 1490 que
418 1439 522 1478 enim
552 1437 741 1476 Pertinax
769 1437 909 1475 Lucius
940 1437 1193 1485 vocabatur,
1235 1436 1307 1475 sed
1340 1437 1492 1475 Publius
1518 1436 1672 1476 Helvius
1698 1439 1784 1477 Per-

310 1499 430 1535 tinax.
489 1496 629 1533 Testes
668 1494 777 1532 illius
816 1494 994 1543 nummi,
1034 1494 1303 1546 Capitolinus,
1351 1499 1391 1532 et
1429 1492 1656 1546 Scriptores
1697 1492 1782 1534 alii.

310 1554 443 1591 Aulum
466 1552 637 1592 Helvium
665 1557 785 1590 vocat
812 1550 955 1590 Victor
983 1550 1152 1590 Schotti.
1751 1586 1766 1601 „

426 1612 519 1659 Pag
548 1608 643 1651 492.
678 1611 745 1651 18.
806 1604 1048 1675 Μῆναςβ]
1079 1607 1223 1658 Scalig.
1254 1606 1306 1646 ad
1333 1606 1478 1646 Euseb.
1514 1621 1556 1659 p.
1586 1610 1683 1650 227.
1762 1627 1765 1629 ·

428 1668 521 1715 Pag.
551 1663 646 1708 492
680 1667 744 1707 19.
802 1660 1008 1719 Εξιούσῃ]
1055 1662 1306 1715 8031ἰ3.ἔξ.
1359 1692 1370 1703 .
1411 1662 1560 1703 Chron.
1598 1662 1779 1703 Eusebii:

314 1724 487 1762 Pertinax
506 1722 704 1760 obsecrante
726 1720 886 1770 Senatu,
905 1726 946 1759 ut
964 1735 1107 1760 uxorem
1128 1734 1230 1759 suam
1246 1721 1471 1771 Augustam,
1489 1725 1523 1759 et
1535 1721 1660 1772 filium
1679 1733 1781 1760 suum
1814 1744 1826 1751 ι

312 1779 497 1818 Caesarem
527 1778 746 1828 appellaret,
782 1783 857 1816 etc.
933 1777 1050 1817 Unde
1091 1778 1300 1817 videretur
1347 1777 1558 1828 legendum
1596 1772 1782 1833 «ignorum,

305 1837 460 1886 petenti,
491 1835 699 1875 obsecranti
758 1832 886 1878 Alite1
914 1848 1012 1873 vero
1053 1834 1156 1873 hanc
1194 1833 1410 1886 periochen
1441 1833 1657 1901 exscripsit
1684 1834 1781 1883 Sca-

310 1891 410 1941 liger
445 1891 489 1929 in
532 1889 678 1931 Chron.
712 1889 781 1928 Gr.
822 1903 863 1941 p.
893 1893 991 1934 216.
1028 1891 1232 1958 Περτίναξ
1257 1893 1307 1945 τῇ
1323 1886 1557 1962 Συγκλήτφ
1581 1880 1781 1943 Ρωμαίων

308 1963 383 2017 την
415 1951 589 2000 γυναῖκα
619 1941 747 1986 αὐτου
776 1944 988 1998 Σεβαστην
1016 1942 1239 1999 ὀνομάσαι,
1269 1963 1338 1987 και
1370 1944 1442 1987 τὸν
1470 1945 1561 1988 νῖὁν
1592 1947 1781 1999 Καίσαρα

309 2000 519 2053 ἀποδεῖξαι
548 2034 558 2044 .
590 2031 600 2041 .
631 2033 640 2043 .
675 2032 685 2041 .
714 1997 876 2043 ἀντεῖπε
915 2003 1153 2059 βουλομένῃ.
1231 1993 1501 2056 Capitolinus:
1518 2003 1662 2055 finium
1699 2004 1779 2052 eJ‘us

311 2063 528 2101 Pertinacem
557 2060 714 2098 Senatus
740 2057 928 2098 Gaesarem
953 2061 1169 2112 appellavit,
1199 2060 1262 2098 secl
1282 2062 1456 2100 Pertinax
1471 2073 1533 2098 nec
1553 2063 1679 2103 uxoris
1699 2061 1777 2099 Au-

307 2122 436 2167 gustae
462 2118 730 2169 appellationem
749 2119 900 2168 recepit,
932 2121 964 2154 et
994 2118 1036 2155 de
1055 2118 1139 2168 filio
1166 2117 1288 2166 dixit,
1320 2117 1438 2160 Quum
1453 2110 1626 2156 meruerit.
1683 2116 1778 2157 Fuit

309 2180 442 2213 autem
472 2173 670 2213 Pertinaci
700 2185 805 2211 uxor
832 2172 968 2212 Flavia
992 2174 1166 2223 Titiana,
1196 2179 1242 2212 ut
1272 2180 1332 2212 est
1361 2173 1469 2226 apud
1490 2172 1776 2226 Lampridium.

428 2233 517 2280 Pag·
546 2231 642 2274 493
664 2232 706 2271 2.
762 2228 1065 2282 Βεβιασμὲνως]
1097 2230 1241 2281 Scalig.
1266 2229 1548 2283 βεβιασμένος,
1569 2230 1774 2282 quomodo

305 2286 516 2327 edidimus.
583 2285 729 2326 Euseb.
769 2286 927 2337 sufficere
955 2290 1106 2326 testatus
1144 2287 1244 2338 quod
1268 2292 1435 2340 regnaret
1471 2290 1615 2327 invitus.
1672 2285 1775 2327 Vide

305 2343 448 2394 Scalig.
476 2357 516 2394 p.
547 2345 645 2385 227.

335 2403 339 2406 Α
422 2402 515 2449 Pag.
545 2399 641 2441 493.
670 2401 712 2441 3.
769 2396 863 2440 Ano
891 2403 974 2440 τῶν
1002 2398 1278 2453 στρατιωτῶν]
1316 2401 1398 2440 Τοῦ
1421 2397 1512 2451 περι
1541 2413 1616 2451 την
1644 2401 1775 2450 φυλα-

305 2452 385 2507 κὴν
410 2458 494 2496 τῶν
527 2455 739 2521 βασιλείων
768 2455 1007 2509 τεταγμένου
1037 2458 1320 2509 στρατιωτικοῦ
1340 2471 1415 2507 την
1435 2455 1510 2496 τοῦ
1530 2457 1775 2525 καταστῆσαι

306 2509 510 2564 μόναρχον
535 2506 855 2578 ὖφαρπάσαντος
883 2512 1095 2562 ἐξουσίαν,
1125 2510 1398 2566 παρελομένου
1431 2526 1472 2552 τε
1504 2511 1574 2567 βία
1604 2526 1681 2564 την
1705 2514 1775 2553 Γε-

306 2569 475 2622 ρουσίαν
500 2563 649 2619 ταύτης
669 2570 743 2620 τῆς
762 2569 952 2621 κρίσεως,
982 2569 1115 2620 inquit
1142 2569 1335 2607 Zosimus.
1392 2567 1535 2607 Milites
1567 2569 1660 2607 enim
1690 2569 1774 2618 jam

306 2627 531 2665 insueverant
557 2626 628 2663 sibi
643 2624 873 2676 Imperatores
899 2626 1134 2674 tumultuario
1152 2626 1296 2674 judicio
1319 2623 1462 2675 facere,
1492 2629 1524 2663 et
1554 2628 1637 2664 item
1655 2623 1773 2676 facile

161 2690 193 2726 v
216 2689 286 2729 463
308 2688 470 2731 mutare,
498 2681 682 2733 afferentes
696 2694 943 2732 nonnunquam
966 2683 1017 2720 ad
1036 2682 1289 2733 defensionem,
1311 2694 1347 2719 se
1362 2681 1496 2720 idcirco
1514 2681 1657 2733 feci,sse
1678 2681 1773 2746 quod

307 2742 494 2778 nescissent
524 2737 697 2778 Senatum
716 2740 915 2789 Principem
938 2734 1143 2789 appellasse.
1203 2737 1329 2776 Verba
1360 2743 1454 2776 sunt
1483 2736 1702 2791 Lampridii
1727 2737 1772 2776 in

304 2795 546 2836 Alexandro.
603 2794 674 2834 His
703 2793 919 2846 accedebat
947 2794 1058 2846 quod
1084 2790 1453 2847 ὖποδιεφθαρησαν
1476 2792 1525 2836 τοὶ
1550 2797 1634 2836 τοῖν
1656 2805 1770 2863 etpa-

305 2856 455 2893 τιωταῖν
489 2852 588 2905 ἔθη·
618 2850 686 2893 καὶ
715 2847 928 2905 χρημάτων
951 2848 1224 2903 ἔδιδαχθησαν
1252 2848 1478 2903 ἄπληστον,
1507 2850 1575 2892 καὶ
1599 2847 1769 2904 αἰσχραν
