1884 3262
501 214 561 256 IN
594 214 925 260 CHROMCON
957 216 1245 261 PAscHALE.
1338 203 1377 241 ’-
1505 218 1604 266 261

137 318 418 371 Καπιτώλιον,
445 319 471 363 ὅ
499 322 582 364 ἔστι
607 322 763 376 κεφαλὴ
791 329 864 378 τῆς
888 322 1063 377 πόλεως,
1096 327 1140 369 ἐν
1170 322 1206 384 ᾦ
1222 323 1352 369 καὶτὸ
1376 324 1607 370 Παλλάδιον

133 375 270 431 λαβών
294 374 374 420 οἷπὸ
390 382 462 431 τῆς
482 375 639 428 πόλεως
658 383 796 434 Λλβης
816 379 1005 424 ἀπέθετο.

249 438 342 485 Pag·
371 435 466 479 205.
494 439 562 479 21.
623 437 796 479 Ιππικόν
817 435 975 493 ἆγῶνα]
1007 439 1119 488 Quae
1138 439 1187 479 de
1208 440 1324 480 Circo
1345 453 1416 480 seu
1435 439 1601 494 Amphi.
1624 450 1654 486 P
1676 451 1747 488 503

130 489 291 530 theatro
320 499 406 530 tum
435 492 612 545 primum
642 494 857 534 adinvento
884 496 1008 535 tradit
1028 497 1180 536 Auctor
1197 496 1408 548 chronici,
1437 499 1606 550 attigere

129 555 333 600 praeterea
355 549 551 599 Georgius
574 549 848 601 Hamartolus,
880 553 1074 604 Georgius
1098 553 1339 606 Monachus,
1371 559 1410 594 et
1428 555 1603 607 Symeon

128 604 352 655 Logotheta
377 605 419 644 in
442 605 649 646 Chronicis
669 609 777 648 MSS.
800 609 1024 658 Cedrenus,
1056 610 1200 662 Glycas
1214 643 1227 662 ,
1258 611 1491 662 Anonymus
1517 625 1603 650 nu-

126 674 203 713 per
234 662 364 701 editus
395 668 491 701 tom.
513 678 541 705 1,
566 664 659 704 Var.
681 667 838 705 Sacror.
860 680 899 718 p.
924 670 1020 709 503.
1049 679 1097 704 ex
1123 667 1221 708 Cod.
1248 668 1339 719 Reg.
1358 681 1419 706 111.
1437 681 1542 706 Mun.
1565 674 1606 707 et

127 718 285 757 Auctor
299 719 465 770 Ecloges
486 733 536 760 ex
563 719 750 760 Characis
770 722 970 773 Historia,
998 722 1121 761 Musis
1148 723 1283 774 libris,
1313 730 1353 763 et
1373 723 1461 763 aliis
1474 737 1605 777 usque

129 775 191 821 ad;
210 776 460 826 Anastasium
484 776 581 829 Imp.
599 778 641 816 in
666 778 761 818 Cod.
783 780 880 830 Reg.
906 780 973 818 fol.
992 781 1060 822 82.
1079 779 1219 818 iisdem
1243 781 1328 820 sere
1352 780 1486 820 verbis
1506 781 1604 833 qui-

125 831 203 870 bus
237 834 389 872 Auctor
419 832 631 883 chronici,
663 849 764 887 quos
788 836 968 875 conseret
982 837 1046 874 cui
1067 836 1191 874 otium
1211 837 1345 876 fuerit.
1402 837 1459 876 Ea
1476 852 1602 890 porro

127 888 368 928 omittuntur
396 889 438 928 in
468 890 568 932 Cod„>
589 891 812 941 Holstenii,
844 906 866 930 a
886 892 1053 931 vocibus
1075 906 1178 944 quae
1201 892 1269 932 hic
1288 893 1603 945 subsequuntur,

125 944 195 985 καὶ
223 941 294 986 ὑπ’
312 942 447 986 αὐτῶν
464 943 668 1002 τεσσάρων
689 949 915 1001 στοιχείων,
946 955 1020 988 etc.
1051 963 1179 1001 usque
1202 950 1253 988 ad
1273 949 1346 989 has
1363 963 1502 999 voce8‚
1532 950 1602 992 καὶ

124 998 303 1055 μεγάλην
332 1002 483 1057 ἔχθραν
504 1001 610 1057 εἶχον
631 1002 735 1060 πρός
754 1002 951 1058 ἀλλήλους
970 1003 1020 1046 τοὶ
1044 1005 1168 1059 με’ρη.”
1214 1007 1329 1055 Quae
1351 1006 1513 1059 quidem
1532 1006 1601 1046 hic

123 1057 325 1111 descripta
356 1059 407 1099 de
438 1060 555 1101 Circo
580 1075 602 1100 a
631 1063 801 1101 Romulo
819 1063 1050 1112 aedificato,
1081 1063 1249 1115 ejusque
1266 1063 1449 1116 partibus
1475 1070 1515 1103 et
1536 1064 1601 1102 fa-

124 1115 338 1166 ctionibus,
367 1117 552 1169 pluribus
572 1119 764 1171 expendit
782 1126 822 1158 et
844 1120 1022 1159 illustrat
1039 1119 1253 1159 Salmasius
1270 1120 1312 1159 in
1332 1120 1598 1160 Exercitatio-

121 1172 240 1211 nibus
262 1173 450 1212 Plinianis
468 1189 558 1228 pag.
586 1176 682 1218 904.
705 1182 745 1214 et
765 1190 877 1228 seqq.

239 1232 333 1280 Pag·
363 1233 461 1273 206.
493 1235 531 1274 6.
592 1233 766 1287 Μαρτίῳ
794 1229 876 1284 κε’]
909 1231 1141 1283 Anonymus
1168 1231 1270 1271 Edit.
1291 1226 1365 1287 ἦγε
1385 1230 1429 1274 δὲ
1445 1230 1518 1275 cdv
1535 1232 1598 1274 ἶπ-

122 1283 242 1327 πικόν
260 1282 397 1339 ἅγαΐνα
414 1287 512 1340 μηνὶ
533 1290 706 1341 Μαρτίω
725 1284 798 1328 κδ’.
817 1287 1060 1342 ’ὑψουμένου
1078 1291 1155 1328 τοῦ
1174 1287 1306 1340 ἡλίου.
1615 1315 1619 1320 .

148 1342 153 1346 “
238 1345 330 1394 Pag.
360 1346 455 1386 206.
489 1347 553 1388 18.
611 1331 868 1396 Εφονεύετο]
892 1343 1124 1397 Anonymus
1140 1345 1244 1383 Edit.
1264 1344 1444 1386 ἔπαθλον
1464 1343 1509 1386 δὲ
1523 1347 1598 1416 τῆς
1620 1351 1654 1386 V
1678 1349 1750 1388 413

120 1395 296 1454 ἀγωνίας
320 1396 469 1452 ταύτης
496 1402 701 1454 προετίθει
732 1400 757 1442 ὅ
785 1397 984 1453 Οἰνόμαος
1019 1403 1078 1456 τῷ
1110 1397 1320 1453 νικήσαντι
1358 1397 1482 1442 αὐτὸν
1518 1418 1596 1455 την

119 1456 231 1528 &flav
265 1455 470 1512 θυγατέρα
502 1458 802 1511 Ιπποδαμείαν,
832 1455 899 1500 τᾶν
929 1455 975 1499 δὲ
993 1455 1222 1510 ’ἡττηθέντα
1244 1454 1498 1510 φονεύεσθαι
1521 1455 1596 1499 αὖ·

116 1528 220 1554 τικα.

234 1571 329 1620 Pag·
356 1572 451 1613 207.
482 1573 547 1613 11.
610 1568 698 1613 Τπὸ
728 1569 939 1624 Πέλοπος]
966 1571 1078 1610 Idem
1104 1569 1367 1623 'Anonymust
1402 1569 1595 1624 μέλλοντα

117 1628 219 1681 γοῦν
238 1624 309 1667 τόν
331 1626 495 1667 Πέλοπα
513 1629 572 1683 τῷ
595 1623 788 1682 Οἰνομάῳ
809 1623 1156 1682 ἐπαγωνίζεσθαι
1182 1626 1249 1668 ἐπὶ
1267 1631 1352 1676 τοῖς
1374 1628 1595 1679 δηλωθεῖσι

118 1678 393 1736 συνθήμασιν,
424 1682 623 1737 ἑωρακυῖα
644 1683 674 1737 ἦ
696 1682 963 1736 Ιπποδάμεια,
993 1680 1162 1738 η’ρᾶσθη
1184 1682 1228 1725 δὲ
1247 1680 1372 1740 αὐτῷ,
1402 1684 1472 1725 καὶ
1493 1699 1595 1738 προ-

117 1740 261 1781 δίδωσι
278 1736 408 1796 τούτῳ
427 1737 474 1781 τοὶ
493 1737 759 1794 μηχανήματα
774 1744 850 1782 τοῦ
868 1738 1026 1794 πατρὸς,
1050 1737 1101 1781 δι’
1122 1735 1181 1781 ὧν
1199 1736 1355 1795 ἐκράτει
1373 1743 1456 1782 ταῖν
1472 1752 1593 1782 συνα-

115 1794 386 1850 μιλλομένων·
416 1796 486 1838 καὶ
520 1795 625 1838 οὕτω
651 1793 927 1851 παρεσκεύασε
946 1795 1019 1838 τόν
1042 1795 1234 1838 Πέλοπα·
1263 1793 1450 1853 κᾷκεῖνος
1471 1793 1592 1850 νική-

116 1865 190 1901 σας
218 1848 371 1904 εὖθῦς,
412 1849 546 1895 ἀνεῖλε
575 1851 649 1906 μὲν
678 1850 907 1907 Οἰνόμαον;
948 1853 1068 1908 ἔγημε
1099 1852 1143 1894 δὲ
1178 1850 1474 1906 Ιπποδᾶμειαν·
1522 1853 1593 1895 καὶ

116 1909 344 1973 ἐβασίλευσε
363 1908 436 1964 μὲν
456 1906 641 1960 Ελλάδος
665 1909 732 1964 ἔτη
753 1908 838 1964 λη’·
870 1908 1030 1953 ἐκάλεσε
1051 1908 1095 1952 δὲ
1115 1906 1268 1964 ταύτην
1286 1910 1327 1960 ἐξ
1346 1910 1493 1952 ἑαυτοῦ
1512 1913 1591 1953 Πε-

114 1970 356 2018 λοπονησον.

231 2025 324 2074 Pag·
352 2026 449 2067 207.
482 2026 547 2067 17.
605 2022 884 2077 Καλλίμαχος]
915 2022 1182 2063 Callimachus
1206 2022 1341 2062 varios
1367 2028 1592 2063 memorant

114 2079 364 2126 Athenaeus,
399 2079 565 2130 Suidas,
605 2087 645 2119 et
672 2081 753 2122 alii.
821 2081 899 2120 Sed
927 2080 998 2133 qui
1028 2081 1171 2119 Aetesia
1201 2079 1428 2133 scripserit,
1457 2093 1590 2130 nemo,

114 2136 192 2175 nisi
209 2137 342 2176 fallor.
401 2135 599 2188 [Proinde
614 2136 716 2177 haec
735 2151 817 2177 vox
836 2137 1093 2183 emendanda,
1125 2144 1164 2176 et
1182 2136 1391 2187 legendum
1408 2139 1447 2175 in
1465 2137 1591 2175 Aetiis.

117 2193 282 2246 Quippe
313 2193 546 2232 Callimachi
575 2194 793 2233 laudantur
813 2195 935 2235 Αἴτια
953 2209 975 2232 a
995 2193 1176 2233 Martiale
1195 2194 1266 2233 lib.
1286 2195 1339 2233 X.
1359 2193 1495 2245 Epigr.
1518 2193 1588 2233 IV.

117 2249 167 2289 de
184 2243 264 2302 {1110
281 2249 349 2289 hic
367 2264 507 2289 versus
526 2250 829 2290 circumfertur:
858 2251 998 2299 Αἴτιος
1019 2249 1043 2292 ὅ
1054 2246 1226 2319 ’γράψας
1245 2250 1366 2291 Αἴτια
1386 2249 1590 2302 Καλλίμα-

115 2319 201 2360 χος·
232 2320 303 2345 seu
320 2313 366 2346 ut
385 2307 531 2359 legitur
552 2307 660 2359 apud
683 2306 861 2346 Eustath.
880 2309 1153 2360 Καλλιμαχου.
1211 2307 1315 2347 Vide
1337 2307 1587 2345 Commenta-

114 2369 222 2403 tores
241 2363 418 2403 eiusdem
432 2364 634 2403 Martialis,
691 2364 758 2403 Ex
775 2362 992 2414 Admau]

230 2422 324 2472 Pag.
353 2423 449 2465 208.
481 2424 518 2463 1.
578 2419 790 2476 Χάρακος]
826 2420 944 2459 etiam
973 2418 1053 2458 hoc
1079 2420 1173 2459 loco
1204 2419 1352 2459 citatur
1380 2418 1430 2458 ab
1464 2418 1585 2457 Ano-

113 2488 234 2529 nymo
263 2478 342 2518 MS.
402 2477 499 2528 Ejus
525 2475 707 2532 Χρονικοῖ
732 2483 771 2516 et
791 2473 998 2529 Ελληνικιὶ
1018 2476 1165 2528 passim
1183 2476 1324 2516 laudat
1343 2474 1585 2528 Stephanus.

229 2536 322 2585 Pag·
351 2535 449 2577 208.
477 2538 518 2577 2.
577 2530 837 2589 Γυμνᾶσιον]
868 2529 1087 2585 Κάθισμα,
1115 2532 1314 2585 Anonym.
1333 2532 1413 2571 MS.

227 2593 323 2641 Pag-
351 2593 447 2637 208.
475 2590 514 2632 4.
581 2589 683 2640 Totis
703 2589 780 2645 γὰρ
801 2586 957 2631 δώδεκα
973 2587 1135 2640 οἴκους]
1165 2589 1362 2642 Anonym.
1379 2587 1486 2629 Edit.
1507 2582 1583 2628 δό-

112 2646 210 2687 δεκα
231 2645 275 2687 δὲ
295 2643 519 2701 ὕσπληγγες
534 2646 634 2689 κατοέ
655 2650 822 2701 μίμησιν
838 2650 919 2687 τῶν
940 2641 991 2698 ιβ’
1011 2646 1174 2695 ζωδίων.

229 2705 322 2754 Pag.
351 2707 448 2746 208.
480 2707 543 2746 10.
602 2703 902 2758 Αστροθεσίας]
933 2703 1000 2741 Sic
1027 2700 1280 2754 reposuimus
1298 2714 1350 2739 ex
1374 2700 1582 2752 Anonymo

113 2757 196 2798 MS.
213 2765 254 2797 et
275 2773 324 2798 ex
344 2759 492 2801 Chron.
511 2761 590 2800 MS.
611 2762 660 2800 ab
683 2761 903 2800 Adamo-ad
926 2758 1189 2809 Anastasium,
1219 2770 1312 2796 cum
1327 2756 1583 2810 editioprae-

113 2813 236 2854 ferret
252 2810 443 2869 οῗστρώας.
1529 2831 1532 2832 ’

229 2873 322 2923 Pag.
352 2875 448 2916 209.
482 2876 518 2916 1.
580 2869 914 2930 Πραισεντεύειν]
946 2871 1096 2925 Ecloge
1112 2870 1194 2912 MS.
1213 2867 1235 2913 ὃ
1253 2868 1336 2913 ἐστὶ
1351 2865 1584 2925 ἒμπαρᾶμο-
