1820 3276
241 194 341 244 394
833 195 1153 239 NOTAE

240 309 334 346 stt-wi
361 307 486 355 jussit.
543 304 723 356 Denique
753 305 928 345 Mellitos
960 308 1001 344 in
1030 306 1142 344 brevi
1172 306 1414 357 Temporum
1444 304 1710 358 Expositiono

240 365 321 404 MS.
353 364 522 401 Gentium
550 375 685 413 quoque
713 363 842 414 templa
861 376 926 415 per
956 367 1067 402 totum
1087 364 1218 411 orbem,
1241 363 1388 411 jubente
1412 361 1623 411 Theodosio,
1651 376 1712 402 eo-

241 422 320 458 dem
346 424 493 471 tempore
517 420 784 457 subvertuntur.-
819 433 902 458 nam
924 421 1044 459 adhuc
1075 422 1283 459 intemerata
1309 419 1507 458 manebant.
1564 392 1709 457 Edicto

240 476 436 527 siquidem
475 481 671 514 statuerat
708 476 987 515 Constantinus
1021 476 1120 515 citra
1160 477 1283 515 ullam
1314 474 1474 513 caedem
1503 474 1711 516 hominum

239 533 489 584 Paganorum
516 533 665 584 templa
695 532 848 582 claudi,
878 538 926 571 ut
954 533 1010 573 ait
1037 533 1267 584 Anonymus
1299 530 1542 572 Valesianus.

356 593 450 640 Pag.
481 588 576 632 561.
611 593 676 631 12.
733 590 957 641 Βαλανίου]
998 589 1170 628 Thomas
1207 588 1413 629 Reinesius
1449 586 1519 626 lib.
1552 601 1581 627 ι.
1618 586 1712 639 Var-

240 645 350 684 Lect.
380 659 467 697 cap.
495 658 591 684 xxv,
620 645 730 683 hunc
759 646 893 685 locum
923 646 1179 698 expendens,
1213 658 1289 698 pro
1319 644 1544 693 Βαλανίου,
1572 643 1714 695 legen-

241 701 339 740 dum
380 703 515 743 ,Ωνίου
553 702 765 741 existimat.
822 703 1051 743 Holstenius
1088 715 1185 741 vero
1223 701 1266 741 in
1304 700 1419 740 Notis
1457 699 1509 739 ad
1537 699 1712 752 Stepha-

241 772 359 808 num,
399 759 443 798 id
480 759 670 798 vocabuli
707 773 782 812 pro
819 760 987 798 Numine
1017 759 1151 810 aliquo
1180 757 1312 810 accipi
1339 756 1630 806 subodoratur,
1673 762 1713 797 et

241 817 283 854 in
323 828 370 853 eo
410 816 534 854 latere
572 830 715 855 nomen
751 816 856 866 Beli,
896 817 965 856 vel
1002 816 1123 865 Baal‚
1165 828 1234 855 seu
1265 813 1370 854 Solis
1404 819 1539 865 putat:
1586 812 1716 853 Beleni

241 872 349 911 forte
388 872 587 924 Apollinis,
630 873 749 925 cujus
796 873 944 912 mentio
983 873 1163 912 occurrit
1201 871 1244 911 in
1283 870 1486 911 veteribus
1525 869 1712 922 Inscript-

240 941 330 981 pag.
358 942 473 967 xxw.
504 935 545 968 et
571 942 703 968 xxvn.
733 930 787 969 ita
817 936 863 969 ut
900 929 1110 980 legendum
1150 929 1203 968 sit
1239 928 1439 969 Βελενίου.
1497 926 1598 967 Nam
1636 938 1714 965 ur-

239 985 332 1024 bem
361 985 695 1038 Heliopolitanam
727 986 812 1025 Soli
843 1000 994 1026 sacram
1026 986 1150 1025 fuisse
1186 985 1272 1037 ipsa
1307 983 1446 1036 prodit
1478 982 1712 1023 nomencla-

239 1047 344 1080 tura.
405 1042 486 1081 Sed
515 1047 557 1081 et
584 1043 651 1092 El,
681 1048 719 1081 et
745 1043 827 1093 Bel,
858 1050 896 1082 et
925 1043 1113 1093 Belathen,
1141 1040 1361 1080 Chaldaeos
1391 1046 1432 1080 et
1453 1039 1711 1091 Babylonios,

243 1111 362 1151 quem
391 1098 491 1138 Baal
520 1098 738 1138 Phoenices
769 1106 809 1138 et
846 1100 1070 1152 adjacentes
1108 1098 1250 1152 populi
1288 1102 1507 1146 vocarunt,
1548 1095 1715 1145 dixisse,

242 1155 425 1207 pluribus
453 1156 639 1194 observat
666 1156 858 1195 Seldenus
885 1157 928 1195 in
957 1158 1157 1223 Syntagm.
1177 1169 1222 1193 11.
1253 1153 1304 1192 de
1332 1153 1398 1192 l)1s
1426 1153 1540 1205 Syris
1569 1166 1656 1205 cap.
1677 1166 1710 1193 1.

241 1212 354 1251 Certe
382 1212 488 1264 apud
520 1211 786 1277 liesychium‚
825 1212 949 1262 Βέλα,
985 1209 1101 1264 ἥλιος
1130 1217 1169 1250 et
1198 1227 1303 1265 αυγη
1335 1211 1568 1262 exponitur.
1616 1209 1712 1248 Da·-

239 1268 411 1306 mascius
441 1268 483 1306 in
519 1269 601 1307 vita
638 1268 782 1307 Isidori
821 1282 911 1320 pag.
943 1270 1064 1312 1049.
1105 1268 1215 1320 apud
1252 1267 1457 1315 Photium‚
1495 1264 1712 1306 Phoenices

240 1330 283 1364 et
311 1326 434 1376 Syros
463 1326 679 1363 Saturnum
707 1325 774 1374 El,
804 1325 886 1375 Bel,
918 1331 958 1364 et
984 1325 1175 1372 Bolatlmen
1204 1337 1274 1363 seu
1303 1323 1407 1362 forte
1434 1322 1610 1362 Belathen
1638 1335 1712 1391 ap-

237 1382 410 1434 pellasse
439 1382 590 1420 scribit.
649 1382 788 1420 Tradit
808 1388 1015 1434 praeterea
1033 1381 1298 1433 Heliopolitas
1317 1379 1487 1418 coluisse
1509 1375 1712 1428 Γενναιόν,

238 1445 367 1478 erecta
398 1438 568 1489 quadam
600 1438 743 1477 Leonis
773 1439 902 1477 forma
931 1439 972 1477 in
1001 1438 1150 1491 templo
1186 1438 1318 1476 Jovis:
1368 1435 1440 1475 sub
1484 1435 1599 1488 cujus
1639 1448 1712 1473 no·

237 1494 343 1533 mine
370 1495 502 1534 Solem
532 1494 703 1534 coluisse
737 1496 922 1547 Assyrios
948 1495 1071 1534 docet
1097 1493 1323 1534 Macrobius
1349 1492 1422 1534 lib.
1451 1506 1479 1531 1.
1512 1491 1712 1533 Saturnal.

239 1565 329 1603 cap.
358 1565 507 1591 xxxin.
553 1552 689 1600 Quem,
717 1552 868 1604 inquit,
898 1553 975 1591 Dia
1002 1552 1242 1604 Heliopoliten
1271 1551 1544 1600 cognominant,
1575 1553 1609 1588 et
1636 1561 1713 1588 niu·-

234 1610 346 1647 :rimis
384 1611 583 1647 ceremoniis
623 1610 797 1648 celebrant
839 1612 878 1648 in
915 1612 1061 1648 civitate
1106 1622 1198 1660 quae
1239 1607 1438 1658 Heliopolis
1472 1609 1712 1656 nuncupatur.

235 1665 393 1717 Templi
420 1665 642 1717 Apollinis,
681 1668 745 1717 qui
770 1666 863 1705 idem
891 1671 999 1718 atque
1027 1666 1095 1705 Sol
1123 1669 1195 1714 est,
1231 1664 1364 1716 inquit
1392 1661 1642 1710 Macrobius,
1669 1661 1713 1701 in

238 1722 378 1760 eadem
409 1722 568 1761 civitate
596 1721 777 1761 meminit
805 1736 968 1762 rursum
997 1722 1226 1762 Damascius
1255 1734 1296 1774 p.
1318 1719 1441 1763 1054.
1471 1718 1713 1759 Sententiam

236 1778 410 1830 denique
441 1778 636 1817 Halstenii
664 1779 784 1818 fulcit
812 1779 1064 1819 Herodianus
1092 1779 1165 1819 lib.
1184 1790 1277 1816 VIII.
1308 1789 1387 1828 quo
1417 1776 1509 1815 loco
1538 1774 1596 1817 ait
1625 1774 1714 1813 cri-

238 1834 398 1886 spinum
441 1835 574 1873 virum
614 1835 871 1875 Consularem
911 1836 1127 1875 Oraculum
1157 1833 1391 1903 Επιχωρίου
1422 1834 1528 1873 Θεοῦ
1557 1843 1714 1873 oonsu-

238 1891 383 1940 luisse,
422 1891 493 1930 ubi
532 1890 669 1937 addit,
713 1892 830 1933 Βέλιν
860 1891 905 1933 δὲ
933 1895 1102 1933 καλουσι
1124 1893 1292 1939 τοῦτον,
1331 1888 1496 1941 σέβουσί
1522 1902 1564 1929 τε
1590 1886 1712 1942 ὕπερ·

241 1951 369 1998 φυῶς,
396 1943 624 1988 Απόλλωνα
651 1944 756 1989 εἶναι
784 1948 1002 1998 ἐθέλοντες.
1063 1919 1292 1996 Quinetiaui
1321 1958 1456 1984 omnes
1484 1944 1588 1984 Deos
1611 1943 1712 1992 Baal

239 2004 462 2056 appellatos
491 2018 511 2042 a
535 2004 693 2056 Tyriis,
723 2005 895 2044 Sidoniis
925 2012 964 2045 et
991 2003 1253 2052 Ammonius,
1283 2001 1353 2042 sed
1384 2015 1476 2041 cum
1504 2000 1712 2052 attributo,

241 2061 428 2099 observat
459 2061 637 2112 Scaliger
664 2061 707 2100 in
735 2061 850 2100 Notis
880 2062 932 2101 ad
965 2062 1203 2113 Fragmenta
1234 2059 1654 2110 Graecor.Script01-.

355 2120 447 2168 Pag·
476 2118 573 2161 561
606 2121 671 2160 13
737 2117 954 2171 Τρίλιθον]
992 2119 1051 2158 De
1087 2117 1165 2157 hac
1192 2130 1294 2158 voce
1322 2114 1459 2154 multis
1488 2115 1639 2165 agimus
1666 2113 1711 2152 in

239 2174 418 2212 Glossar.
463 2174 617 2214 mediae
655 2175 905 2215 Graecitatis.
965 2174 1180 2227 [Ducangii
1213 2174 1264 2212 ad
1299 2173 1391 2212 hunc
1420 2172 1534 2210 locum
1561 2173 1712 2209 amiotu-

237 2233 328 2268 tiom'
355 2231 486 2270 addere
509 2231 652 2282 placuit
677 2232 953 2283 disputationem
979 2231 1036 2271 ΙΙ.
1061 2230 1169 2270 ΜΜ.
1198 2229 1387 2280 (Ieremiae
1414 2226 1642 2276 Marklandi,
1669 2229 1712 2267 ut

234 2288 409 2338 putatur)
438 2289 477 2325 in
506 2288 692 2328 observat.
720 2289 881 2327 Miscell.
907 2289 1097 2329 Amstelod.
1126 2287 1196 2326 vol.
1216 2286 1272 2327 IL
1302 2291 1329 2325 t.
1353 2289 1390 2328 1
1413 2298 1453 2336 P
1474 2285 1710 2328 172—182.

285 2388 710 2428 OBSERVATIONES
740 2390 794 2429 IN
825 2389 1079 2439 QUOSDAM
1113 2387 1350 2429 GRAECOS
1385 2384 1664 2434 AUCTORES,

446 2455 514 2494 DE
541 2457 747 2497 TEMPLO
776 2454 1234 2498 HELIOPOLITANO
1261 2455 1311 2495 IN
1343 2454 1509 2494 SYRIA.

354 2545 386 2587 I.
444 2543 698 2597 Anonymum
730 2546 924 2585 Graecum
957 2544 1173 2594 C'laronicon,
1208 2542 1317 2596 quod
1353 2541 1476 2581 variis
1505 2541 1580 2581 sub
1611 2541 1710 2580 titu-

238 2602 289 2642 lis
310 2600 353 2656 1)
383 2601 491 2641 inter
519 2603 697 2642 eruditos
726 2609 866 2643 notum
903 2607 983 2652 est,
1027 2602 1193 2655 loquens
1232 2599 1283 2639 de
1317 2598 1477 2652 templis
1514 2596 1710 2648 Effinicis,

423 2714 426 2715 ι
434 2712 515 2719 ..u—-

287 2773 336 2817 1)
383 2771 536 2806 Vocatur
567 2771 840 2806 Alexandrinum
873 2771 918 2804 ab
943 2769 1076 2804 Jesuita
1098 2768 1259 2809 Radero,
1248 2767 1353 2859 ‚gui
1379 2766 1504 2813 primus
1528 2767 1650 2803 librum
1673 2765 1709 2801 in

334 2818 447 2900 22⁰2?ss
468 2812 1710 2910 ‘13:13‘aemffzazffpz.sssss⁰²²suzzss⁶no.⁰&sufflas
