1820 3276
433 193 494 236 m
527 192 857 238 GHRoNlcoN
889 192 1179 238 PAscHALE.
1417 159 1541 241 '⁴459

74 295 257 352 εἲσῦὃου,
301 298 332 354 ἢ
375 299 516 356 Νευροὶ
553 306 742 344 καλεῖται.
806 304 867 343 De
901 317 1022 344 cansa
1062 303 1235 343 nominis
1275 303 1543 345 consulendae

75 358 257 410 Origines
287 359 751 413 Constantinopolitanae
780 361 924 400 Codini
953 376 994 414 p.
1024 364 1093 404 62.
1124 361 1218 400 edit.
1248 362 1343 414 Reg.

186 415 282 466 Pag-
312 418 407 460 626.
439 420 508 460 22.
568 418 622 459 Οἱ
645 417 738 470 περὶ
765 415 837 458 τόν
866 415 1128 472 Βελισᾶριον]
1163 418 1223 456 Ita
1253 419 1372 458 etiam
1401 418 1541 458 Theo-

72 471 245 524 phanes:
285 478 326 511 at
363 473 581 526 Procopius
617 474 671 512 ait
707 481 887 527 arreptos
924 475 1143 528 Hypatium
1182 481 1223 514 et
1257 476 1488 528 Pompeium
1518 490 1542 514 a

71 528 245 568 Bora'ide
283 535 323 568 et
361 531 500 581 Justo,
533 531 746 570 Iustiniani
777 545 830 570 ex
858 531 984 571 fratre
1013 532 1250 585 nepotibus,
1286 539 1330 572 et
1367 547 1389 572 e
1430 532 1544 571 Solio

72 585 328 636 deturbatos,
364 587 559 628 adductos
588 588 640 627 ad
667 587 948 628 sastinianum.
1497 618 1501 621 »

187 642 285 693 Pag-
317 646 412 687 627.
447 648 485 686 1.
544 645 627 685 Καὶ
663 641 973 698 συλλαβόμενοι]
1012 645 1060 684 In
1100 645 1222 697 Regio
1253 644 1410 684 scilicet
1440 644 1545 686 Circi

73 698 208 749 Solio,
249 699 310 737 uti
346 701 483 741 scribit
511 702 753 755 Procopius,
794 716 875 741 non
913 696 1013 742 vero
1049 707 1131 742 ante
1164 702 1263 755 sores
1299 702 1462 751 Palatii,
1499 707 1546 740 ut

53 754 341 796 Marcellinus.

186 813 282 864 Pag-
311 817 408 856 627.
439 813 478 856 4.
537 814 764 869 Λέγοντες]
802 815 913 854 Idem
952 815 1176 867 Procopius
1212 814 1270 853 ait
1309 814 1546 866 Pompeium

71 868 299 921 plorantem
325 870 577 923 increpatum
601 873 651 911 ah
673 873 868 924 Hypatio,
900 885 992 910 cum
1013 872 1163 911 diceret
1189 885 1271 910 non
1293 871 1436 910 decere
1454 871 1548 909 illos

72 926 295 978 ploratum,
327 929 398 979 qui
427 928 605 968 insontes
632 929 836 981 perirent,
866 929 941 967 sibi
969 929 1086 967 initio
1113 928 1379 967 renitentibus
1407 928 1488 966 vim
1523 942 1547 966 a

72 983 225 1034 populo
254 983 378 1022 fuisse
410 985 575 1035 factam,
606 999 680 1024 nec
705 1000 745 1024 se
763 992 904 1038 postea
923 986 1080 1025 infestis
1100 986 1141 1024 in
1165 987 1386 1035 Augustum
1407 984 1548 1022 animis

72 1040 227 1079 venisse
253 1039 296 1078 in
322 1040 493 1082 Circum.
553 1043 667 1091 Quae
689 1043 849 1094 quidem
873 1043 992 1093 longe
1011 1043 1160 1081 distant
1182 1042 1231 1080 ab
1252 1042 1302 1080 iis
1325 1054 1426 1093 quae
1446 1041 1549 1079 refe-

55 1102 222 1134 -runtur
245 1110 268 1134 a
300 1098 532 1138 Marcellino
563 1100 742 1149 Comite,
772 1100 842 1152 qui
869 1099 912 1138 in
933 1099 1043 1138 hisce
1064 1099 1264 1152 Hypatio,
1296 1098 1484 1150 Pompeio
1505 1103 1546 1136 et

72 1153 205 1192 Probo
226 1154 421 1193 Anastasii
439 1156 650 1208 nepotibus
667 1157 846 1208 iniquior
866 1157 1050 1207 videtur,
1079 1156 1279 1194 scribente
1305 1155 1356 1193 ab
1373 1156 1420 1193 iis
1441 1169 1546 1193 con-

73 1209 235 1248 citatam
254 1211 510 1262 seditionem,
540 1213 636 1251 dum
665 1215 854 1265 Imperium
882 1214 1022 1263 singuli
1042 1214 1198 1264 indigna
1227 1213 1416 1251 ambitione
1440 1226 1547 1264 etop-

73 1268 225 1306 tabant:
267 1269 422 1307 tametsi
453 1270 591 1321 potior
624 1270 787 1308 videtur
817 1269 999 1308 habenda
1022 1270 1121 1309 fides
1149 1269 1294 1307 horum
1317 1275 1546 1320 temporum

73 1323 263 1374 scriptori
301 1325 525 1378 Procopio,
574 1340 666 1366 cum
706 1333 746 1366 et
781 1327 842 1365 illi
869 1327 1085 1366 concinant
1111 1327 1264 1366 Auctor
1289 1325 1477 1365 Chronici
1507 1331 1549 1365 et

71 1379 348 1433 Theophanes.
541 1396 551 1400 ”

188 1437 284 1488 Pag·
314 1441 410 1482 627-
445 1442 510 1481 12.
571 1437 830 1494 Εσφᾶγησαν
850 1470 862 1489 ,
901 1439 1011 1493 etc.]
1064 1440 1124 1479 Ita
1169 1438 1463 1492 Theophanes:
1508 1445 1551 1478 at

73 1495 319 1590 Proffofius:
348 1492 578 1549 θνήσκουσι
606 1495 651 1538 δὲ
674 1501 763 1551 τοῦΑιῖ
772 1493 906 1551 δήμου
922 1497 1046 1538 πλέον
1063 1494 1095 1551 ἢ
1113 1495 1341 1552 τρισμύριοι
1360 1496 1403 1538 ἐν
1422 1491 1549 1551 ταύτῃ

73 1567 123 1606 ”ll
142 1567 202 1603 'W‘
223 1567 289 1607 991·

190 1607 284 1659 Pag-
318 1611 415 1651 627.
448 1612 514 1653 17·
577 1607 750 1659 Pudmg
776 1610 845 1651 καὶ
878 1607 1119 1664 Πομπήϊος]
1159 1608 1294 1658 Nocte,
1334 1615 1381 1647 ut
1407 1608 1552 1649 scribit

25 1698 29 1702 .
74 1665 219 1704 Victor
245 1666 546 1716 Tunnunensis,
577 1668 647 1706 ubi
673 1668 722 1707 de
751 1668 946 1721 Hypatio:
978 1671 1140 1720 capitur,
1169 1671 1204 1706 et
1230 1671 1329 1705 nocte
1349 1679 1427 1705 cum
1445 1666 1552 1705 Pom-

70 1724 157 1774 peio
182 1722 380 1772 occiditur,
405 1727 513 1775 atquc
542 1727 580 1762 in
614 1726 759 1763 rheuma
782 1727 963 1774 jactatur.
1022 1724 1088 1762 Sic
1110 1724 1154 1763 in
1170 1724 1345 1762 Tiberim
1367 1723 1551 1776 projecta

74 1778 213 1816 Sabini
241 1779 372 1817 fratris
400 1780 561 1832 majoris
592 1782 844 1834 Vespasiani,
872 1782 982 1835 apud
1007 1781 1178 1820 Plinium
1204 1781 1278 1821 lib.
1306 1794 1388 1819 mx.
1419 1779 1552 1834 Sejani

75 1841 114 1873 et
138 1834 379 1887 complicum
399 1851 569 1889 corpora
588 1839 698 1890 apud
716 1839 902 1878 Tacitum,
918 1839 988 1879 lib.
1010 1853 1066 1877 vr.
1084 1838 1229 1878 Annal.
1249 1838 1428 1889 legimus·

188 1892 285 1943 Pag·
316 1897 412 1935 627.
443 1897 509 1937 20.
568 1896 714 1936 Μέσον
743 1899 828 1936 τοῖν
855 1894 1140 1950 βιοθαινᾶτων]
1184 1896 1402 1943 Quomodo
1439 1893 1553 1946 apud

73 1949 277 1988 Romanos
302 1950 623 2002 perduellionum
652 1967 825 2005 corpora·
854 1968 876 1992 a
908 1953 1096 1992 carnifice
1125 1953 1167 1991 in
1199 1952 1409 1991 Gemonias
1444 1964 1551 1989 unco

74 2004 180 2044 trahi
212 2007 340 2045 solere
367 2007 516 2046 docent
543 2010 690 2061 passim
722 2011 961 2063 Scriptores.
1036 2011 1092 2048 De
1135 2006 1404 2049 Βιοθανοῖτων
1442 2009 1550 2059 loco,

72 2061 166 2100 vide
190 2063 494 2117 constantinop.
518 2066 665 2106 Christ.
684 2067 755 2108 lib.
781 2081 837 2108 1v.
859 2074 958 2107 sect.
972 2081 1045 2106 vn.
1069 2080 1109 2108 n.
1128 2080 1242 2105 xxvl.
1269 2072 1310 2104 et.
1334 2072 1551 2117 utrumque

75 2119 250 2158 Glossar.
559 2133 563 2141 ¹

191 2177 286 2227 Pag·
316 2180 410 2220 627.
439 2181 508 2221 22.
571 2181 605 2219 Ο
638 2176 834 2227 Βασιλεύς
868 2181 943 2232 τῆς
972 2175 1203 2231 Λούππας]
1244 2180 1300 2219 De
1332 2177 1412 2217 hac
1447 2191 1549 2217 voce

75 2238 231 2272 nostras
248 2239 454 2286 utcunque
471 2237 725 2288 coniecturas
742 2236 883 2275 damus
899 2237 943 2275 in
960 2237 1132 2277 Glossar.
1153 2236 1254 2275 med.
1276 2235 1451 2276 Graecit.

191 2290 288 2340 Pag·
319 2294 414 2333 628.
443 2296 485 2334 3.
546 2293 623 2340 Εἰς
640 2291 689 2333 το*
710 2289 952 2346 Μαρτύριον
971 2296 1045 2345 τῆς
1065 2292 1181 2346 ἁγίας
1203 2289 1403 2345 Μαύροις]
1435 2293 1550 2330 Con-

77 2347 342 2399 stantinozpol.
380 2347 527 2388 Christ.
554 2349 622 2387 lib.
650 2363 707 2388 ιν.
735 2356 830 2388 sect.
857 2363 926 2388 xv,
957 2364 997 2389 n.
1021 2363 1155 2388 xxvix.
1215 2350 1422 2402 Ejusmodi
1451 2362 1550 2388 vero

77 2409 343 2454 tyrannorum
376 2407 560 2458 sepulcra
591 2405 804 2445 humiliora
835 2406 956 2445 fuisse
983 2406 1103 2444 docet
1125 2407 1347 2446 Trebellius
1368 2406 1490 2446 Pollio
1508 2407 1550 2444 in

76 2473 173 2500 xxx.
201 2461 400 2513 Tyrannis
426 2463 469 2501 in
497 2463 703 2501 Victorino
733 2463 898 2501 Juniore
927 2469 964 2502 et
991 2463 1179 2504 Aureolo,
1239 2464 1304 2502 Sic
1332 2463 1551 2514 Eutropius

77 2516 148 2554 lib.
174 2531 244 2556 vn.
284 2517 440 2558 Neronis
464 2524 632 2572 exequias
666 2521 845 2559 humiliter
875 2521 1033 2571 sepultas
1061 2520 1183 2559 fuisse
1211 2521 1367 2559 scribit.
1435 2519 1551 2558 Adde

78 2573 335 2626 Epitaphium
366 2576 572 2630 Majoriani
603 2577 702 2630 Imp.
731 2578 800 2629 qui
822 2591 845 2616 a
866 2577 1069 2616 Recimene
1089 2577 1261 2630 Imperio
1284 2591 1332 2616 ac
1352 2577 1436 2616 vita
1458 2591 1553 2629 spo-

79 2630 199 2669 liatus
216 2632 369 2682 fuerat,
400 2635 508 2686 apud
529 2635 755 2674 Ennodium
777 2633 912 2687 Epigr.
931 2647 1082 2673 cxxxv.

117 2715 122 2720 -
195 2688 290 2738 Pccg.
323 2691 417 2733 628.
446 2695 488 2733 7.
544 2692 718 2745 Φανεροὶ
740 2689 808 2742 δὲ,
834 2690 935 2743 οἱα]
966 2691 1013 2729 Id
1041 2695 1122 2734 est.
1151 2692 1192 2729 in
1223 2693 1298 2742 ipso
1327 2692 1470 2729 crimine
1489 2691 1551 2729 de-

77 2744 248 2794 prehensi.
306 2745 372 2784 sic
394 2748 668 2800 mnvffsstarius
685 2749 864 2788 honorida
882 2748 992 2801 apud
1009 2747 1258 2786 Lactantium
1279 2747 1328 2787 de
1351 2747 1550 2786 Mortibus

82 2800 326 2839 Persecutor.
355 2817 395 2841 n.
424 2818 495 2843 xx.
524 2804 564 2843 id
598 2812 680 2855 est,
719 2819 854 2844 nocens.
913 2806 1067 2844 Horum
1099 2810 1229 2843 autem
1260 2817 1471 2843 numerum
1495 2805 1549 2845 td

81 2858 201 2895 xvm.
224 2859 341 2911 ponit
364 2859 648 2914 Theophanes,
679 2876 780 2914 quos
801 2862 909 2902 inter
932 2868 1177 2902 memoratur
1198 2875 1221 2900 a
1236 2861 1387 2903 Joanne
1405 2862 1550 2914 Carpa-
