1884 3262
350 194 414 242 48
885 188 1295 233 PRAEFATIO.

349 305 452 343 Hinc
484 303 558 343 ista
588 303 760 369 ejusdem
794 302 959 354 Augusti
988 305 1095 370 apud
1127 303 1680 356 ChrysostomumHomil.11.
1707 307 1804 344 ins.

348 361 559 413 Babylam:
595 356 781 426 Ολυμπια
815 358 887 411 μὲν
904 356 954 400 ου’
981 357 1086 412 μαλα
1111 357 1270 430 πόῤῥω·
1302 360 1529 427 συγκαλὲσει
1561 359 1604 402 δὲ
1626 361 1655 414 ἦ
1677 378 1808 414 πανη-
1855 350 1875 409 γ’

349 434 461 471 yvone
478 415 549 464 τοὶς
569 412 715 464 πόλεις,
747 415 791 455 αἱ
807 413 850 456 δὲ
871 413 1014 468 ηξουσι
1037 419 1135 470 βοῦς
1154 416 1323 471 ἄγουσαι
1339 420 1394 472 τῷ
1414 413 1628 458 Απόλλωνι
1645 419 1808 467 θυσίαν,
1868 435 1871 462 j

351 480 425 512 etc.
488 472 662 522 Denique
687 471 854 510 Basilius
888 473 1088 512 Seleuciae
1116 475 1366 526 Episcopus,
1397 474 1466 524 qui
1493 473 1717 512 Theodosio
1742 474 1811 512 Ju-

348 530 459 568 niore
480 529 695 580 imperante
723 528 844 577 vixit,
873 528 916 566 in
928 530 1122 593 ’Olympia
1141 530 1353 568 Homiliam
1382 530 1564 581 scripsit,
1597 543 1718 581 quum
1745 529 1810 568 vi·

350 586 461 623 deret
497 584 741 622 Christianos
777 598 855 622 non
885 586 1014 623 minus
1051 599 1166 637 quam
1198 587 1373 624 Gentiles
1401 586 1505 624 circa
1529 585 1809 638 Olympiorum

349 648 675 692 caeterorumque
699 641 939 680 Circensium
964 643 1186 694 spectacula
1213 642 1406 680 insanire:
1436 643 1491 680 ita
1513 648 1558 680 ut
1575 655 1649 680 nec
1669 655 1809 681 verum

348 698 400 736 sit
438 697 547 749 quod
573 697 709 750 paullo
741 697 853 735 aliter
889 698 929 736 in
962 698 1099 737 eodem
1130 697 1351 737 Theodosio
1376 698 1500 737 refert
1527 698 1727 737 cedrenus
1747 696 1807 749 1)‚

349 754 508 793 desiisse
532 757 612 794 τῶν
643 750 911 807 Ολυμπιᾶδων
946 752 1192 808 πανήγυριν,
1219 752 1306 807 ἥτις
1333 752 1433 795 zotto?
1455 757 1638 807 τετραετῆ
1661 750 1809 807 χρόνον

347 810 581 858 ἐπετελεῖτο,
625 810 690 848 vel
730 825 792 848 eas
838 811 1057 862 numerari,
1105 811 1233 862 iisque
1276 811 1512 849 successisse
1554 810 1809 860 Indictiones,

348 867 455 917 quod
485 867 574 904 vult
602 865 835 917 Logotheta:
882 866 951 905 sed
988 874 1026 906 et
1053 867 1161 918 quod
1184 867 1306 905 tradit
1347 880 1521 919 nuperus
1557 867 1731 919 scriptor
1749 863 1809 919 2)‚

349 923 648 961 Constantinum
689 923 740 963 M.
784 923 978 973 abrogatis
1017 923 1206 974 agonibus
1247 923 1498 975 Capitolinis,
1546 929 1662 974 atque
1709 923 1808 961 adeo

348 979 588 1031 olympicis,
620 979 726 1030 quod
746 992 835 1017 cum
854 980 989 1018 multis
1010 980 1182 1019 Deorum
1205 980 1326 1019 sacris
1351 980 1480 1032 impiis
1501 979 1808 1028 celebrarentur,

345 1035 608 1074 Indictionum
631 1048 745 1074 usum
762 1035 992 1076 instituisse.

127 1183 228 1220 Unde
240 1184 337 1220 Fasti
456 1182 645 1222 XXXIX.
705 1182 842 1221 Fastos
861 1182 1096 1221 Consulares
1120 1181 1375 1234 exscripsisse
1395 1188 1462 1219 aut
1486 1186 1663 1220 secutum
1688 1179 1808 1218 fuisse

162 1230 547 1311 I§33121312115323auctorem
587 1237 804 1287 Paschulii,
845 1240 911 1276 vel
948 1239 1251 1290 Cuspinianeos‚
1301 1239 1368 1276 vel
1397 1238 1495 1276 alios
1538 1236 1699 1289 quosvis
1736 1249 1808 1288 per

157 1322 330 1368 exscripti·
348 1294 603 1346 Olympiades
636 1300 705 1332 aut
729 1295 931 1332 Bissextos
961 1295 1155 1344 digestos,
1185 1308 1257 1345 par
1289 1300 1347 1331 est
1377 1294 1627 1342 existimare,
1654 1293 1720 1331 vel
1741 1305 1807 1330 eos

345 1356 451 1389 certe
482 1351 548 1400 qui
584 1350 657 1387 sub
690 1350 802 1387 Idatii
826 1351 983 1388 nomine
1002 1351 1098 1388 editi
1119 1356 1212 1387 sunt
1232 1365 1255 1387 a
1275 1349 1454 1398 Labbeo,
1486 1363 1655 1400 quorum
1675 1362 1808 1387 exem-

341 1407 430 1458 plar
456 1420 534 1443 non
563 1405 762 1454 modicae,
801 1412 847 1443 ut
879 1420 999 1457 supra
1026 1406 1271 1453 monuimus,
1310 1406 1552 1457 antiquitatis
1585 1406 1626 1443 in
1657 1405 1816 1443 Biblio«

341 1462 456 1501 theca
475 1462 639 1511 collegii
656 1462 818 1501 Patrum
840 1463 1048 1501 Societatis
1066 1463 1154 1501 Jesu
1174 1462 1401 1500 Panisiensis
1421 1468 1665 1510 asservatur,
1694 1462 1806 1499 nullo

339 1526 473 1556 tamen
504 1518 678 1556 auctoris
708 1518 825 1556 titulo
860 1519 1105 1570 praenotati,
1144 1519 1300 1556 tametsi
1328 1519 1474 1569 absque
1500 1518 1711 1567 Bissextis,
1741 1517 1807 1556 vel

340 1574 671 1626 Olympiadibus‚
712 1587 812 1625 quae
846 1575 940 1614 alias
971 1575 1168 1613 Chionico
1197 1575 1376 1613 [datiano
1405 1589 1426 1612 a
1458 1575 1666 1613 Sirmondo
1699 1566 1806 1612 edito

220 1637 249 1671 P
272 1635 319 1673 34
342 1630 751 1683 subjiciuntur.1ta
783 1644 923 1682 porro
942 1632 1143 1670 Bissextos
1182 1645 1224 1669 se
1255 1631 1460 1683 copulasse
1504 1631 1557 1669 ait
1588 1631 1807 1680 Victorius,

340 1702 419 1753 quo
446 1685 716 1740 manifestius,
746 1687 895 1738 inquit,
926 1698 1147 1740 appareret,
1187 1696 1315 1725 uirum
1345 1686 1420 1725 sibi
1446 1685 1508 1726 vel
1530 1685 1807 1725 Bisseoetorum

342 1744 465 1789 ratio,
506 1741 569 1781 vel
598 1740 744 1780 dierum
787 1753 868 1781 tam
904 1742 1173 1782 Kalendarum
1213 1741 1515 1792 Januariarum‚
1559 1757 1678 1796 quam
1716 1755 1806 1782 vm.

341 1796 615 1838 Kalendarum
642 1797 871 1851 Aprilium,
912 1813 988 1853 quo
1018 1797 1184 1838 mundus
1211 1797 1381 1837 traditur
1415 1800 1635 1847 institutus,
1677 1800 1807 1837 conti-

343 1864 463 1893 nuata
490 1854 795 1907 concinerent³)
836 1854 1107 1909 disputatione.
1177 1856 1227 1894 Et
1271 1855 1348 1892 alio
1384 1855 1495 1893 loco:
1530 1853 1808 1896 Bis-vextorum

343 1911 566 1949 necessitate
582 1909 765 1960 decursa,
796 1921 867 1951 etc.
924 1912 977 1949 At
997 1912 1091 1949 licet
1110 1911 1140 1948 F
1143 1918 1247 1950 astos
1269 1908 1361 1949 suos
1382 1911 1616 1950 Consulares
1636 1910 1808 1962 scriptor

344 1966 546 2005 Paschalis
577 1966 731 2016 digerat
758 1981 830 2019 per
858 1968 982 2006 lustra
1002 1967 1152 2005 Juliana
1180 1968 1227 2005 ab
1247 1968 1335 2019 ipso
1355 1968 1571 2006 Consulum
1594 1967 1733 2017 initio,
1768 1973 1809 2006 et

344 2038 366 2060 a
394 2037 420 2060 1.
439 2023 532 2060 Julii
553 2022 727 2061 Caesaris
758 2038 859 2062 anno
881 2024 1132 2062 'Indictiones
1160 2023 1209 2062 iis
1239 2024 1484 2075 praemittat,
1525 2038 1571 2062 30
1602 2023 1806 2074 Olympia-

345 2079 439 2116 dum
471 2085 509 2116 et
539 2078 804 2118 Indictionurn
837 2087 1070 2131 perpetuam
1105 2093 1151 2117 ac
1183 2081 1408 2118 continuam
1428 2081 1567 2119 seriem
1592 2080 1805 2129 describat,

342 2135 506 2184 singulis
529 2135 797 2185 quadrienniis
816 2136 992 2188 praefixo
1013 2137 1296 2188 Olympiadum
1327 2151 1492 2176 numero
1506 2167 1516 2186 ‚
1547 2136 1660 2188 quasi
1679 2135 1806 2174 chro-

344 2192 524 2241 nologiae
560 2191 764 2243 cujusdam
794 2193 981 2231 indubiae
1016 2193 1185 2244 speciem
1219 2193 1385 2232 referat:
1434 2193 1636 2232 fatendum
1673 2198 1806 2231 tamen

343 2247 491 2285 nullam
520 2247 601 2286 fere
628 2261 762 2287 eorum
795 2262 877 2287 esse
905 2248 1124 2287 habendam
1151 2249 1343 2288 rationem
1374 2263 1476 2302 quae
1510 2249 1558 2287 ad
1581 2256 1806 2300 temporum

342 2309 470 2341 certos
502 2302 827 2343 characterismos
861 2305 1121 2344 inveniendos
1154 2306 1394 2347 conducunt.
1463 2307 1510 2344 In
1549 2305 1805 2344 recensendis

342 2359 444 2397 enim
477 2359 714 2398 Consulibus
752 2362 978 2413 complures
1015 2363 1319 2413 praetermittit,
1359 2363 1455 2400 alios
1485 2363 1586 2400 falso
1623 2362 1804 2410 intrudit,

342 2414 451 2466 quod
472 2414 520 2452 ‹le
542 2416 730 2454 Senatore
754 2418 940 2456 observat
962 2418 1195 2466 panvinius,
1226 2425 1343 2470 atque
1374 2419 1530 2457 eosdem
1551 2431 1651 2470 pene
1671 2431 1804 2456 omnes

342 2484 442 2522 quos
461 2470 631 2521 Idatius,
665 2474 763 2511 adeo
796 2479 841 2511 ut
874 2488 948 2525 pro
981 2481 1091 2512 certo
1118 2473 1214 2511 mihi
1245 2478 1296 2512 sit
1324 2481 1538 2526 utrumque
1568 2475 1804 2526 scriptorem

340 2527 475 2564 Fastos
513 2540 606 2565 suos
639 2529 685 2565 ab
714 2529 850 2567 eodem
878 2531 985 2567 sonte
1020 2529 1215 2578 hausisse,
1258 2531 1313 2568 uti
1343 2544 1422 2569 non
1455 2531 1572 2569 semel
1595 2531 1803 2581 attigimus.

339 2583 491 2622 Interea
510 2589 639 2622 tamen
663 2586 774 2637 quasi
795 2585 895 2624 nihil
915 2586 1156 2636 intercedat,
1185 2587 1248 2625 vel
1271 2588 1496 2638 omittatur,
1525 2587 1665 2626 seriem
1692 2600 1804 2626 suam

388 2751 398 2771 l

388 2751 758 2839 ²3gffintl32521i13iciisin
783 2798 943 2832 Chronol.
969 2798 1096 2833 Christ.
1122 2802 1220 2844 parte
1243 2800 1276 2834 3.
1302 2810 1334 2843 ρ.
1357 2800 1413 2835 90.
1441 2796 1518 2835 104.

388 2843 428 2886 3)
453 2843 538 2878 Cod.
564 2843 639 2881 MS.
666 2844 787 2881 P.etav
812 2849 848 2879 et.
871 2845 1094 2888 Colberteus,
1124 2846 1344 2881 continerent.
