1820 3276
434 206 494 250 IN
528 205 859 250 CHRONICON
889 205 1182 250 PASCHALE.
1459 204 1560 254 467

90 315 336 369 descxiptum
372 321 456 365 est,
494 315 608 355 nulla
645 322 845 356 caeterum
875 321 970 355 nota
999 316 1205 370 apposita,
1243 330 1347 369 quae
1375 315 1561 356 Codicem

0 428 3 429 γ
88 375 198 413 unde
228 374 380 412 Graeca
407 379 495 412 tum
525 373 698 424 primum
727 373 942 426 desumpta
969 379 1123 420 essent,
1153 374 1358 412 Lecton-em
1386 374 1561 415 doceret.

88 431 173 470 Nos
206 444 304 470 vero
342 430 444 469 illud
481 428 549 468 hic
586 429 738 468 editum
767 443 848 468 non
884 430 1006 469 modo
1035 444 1125 469 cum
1153 430 1446 469 Leunclaviana
1477 431 1564 469 edi-

88 487 225 537 tione,
265 487 336 526 sed
366 493 406 526 et
435 500 528 525 cum
557 487 735 525 Romana
765 492 805 525 et
834 486 1042 525 Parisiensi
1072 487 1338 537 contulimus,
1367 493 1407 526 et
1435 501 1485 526 ex
1514 488 1563 526 iis

88 543 257 597 perinde
295 552 342 582 ac
386 557 439 582 ex
474 543 564 596 ipso
603 543 796 582 Vaticano
837 543 934 583 Cod.
974 551 1099 596 prout
1137 559 1158 582 a
1195 544 1284 583 viro
1328 543 1562 583 doctissimo

89 600 257 639 Claudio
293 599 554 652 Stephanotio
595 599 857 638 Benedictino
899 601 1127 653 exscriptus
1165 606 1248 650 est,
1297 599 1452 639 hiatum
1501 607 1565 640 sat

88 670 300 709 magnum,
331 671 452 709 quem
481 657 524 695 in
555 658 787 708 Augustano
818 656 966 696 Codice
994 657 1164 710 reperiri
1194 664 1403 696 monuerat
1430 658 1566 696 Rade-

87 727 182 762 rus,
223 714 521 766 supplevimus,
555 720 810 765 veteremque
840 714 1128 767 interpretem,
1168 727 1288 766 quem
1319 728 1392 767 pro
1422 715 1565 753 Rade-

88 771 201 810 riana
239 772 451 819 versione,
491 776 632 824 utpote
671 770 833 823 majoris
874 770 1123 810 auctoritatis
1154 771 1435 823 adjunximus,
1471 785 1564 809 cum

89 828 300 867 Colberteo
340 828 488 867 Codice
515 841 599 866 non
629 828 814 867 modicae
843 827 1060 866 vetustatis
1086 828 1240 880 pariter
1269 834 1564 879 comparatum,

87 885 210 924 variis
240 884 479 923 lectionibus
508 884 675 923 subinde
705 884 912 937 appositis.
970 884 1015 922 In
1046 897 1117 933 eo,
1148 890 1192 923 ut
1222 891 1262 922 et
1290 883 1399 936 apud
1433 885 1565 922 Leun-

89 943 194 981 clav.
227 948 266 980 et
294 942 338 980 in
366 941 463 980 Cod.
493 940 744 990 Boheriano,
774 955 892 993 quem
921 940 1062 980 laudat
1092 941 1294 992 Labbeus,
1335 940 1566 992 praefigitur

2 1027 5 1030 -
89 999 158 1038 hic
194 998 358 1037 titulus:
396 999 572 1038 Edictum
605 1001 763 1052 piissimi
798 999 1029 1050 Imperatoris
1054 998 1276 1046 Iustiniani,
1313 1002 1431 1035 rectae
1459 997 1569 1035 Fidei

89 1056 338 1108 confessionem
377 1058 576 1104 continens,
626 1060 661 1094 et
699 1055 952 1105 refutationem
988 1055 1187 1094 haeresium
1216 1067 1304 1105 quae
1332 1054 1567 1092 adversantur

91 1113 299 1152 Catholicae
333 1112 531 1151 Ecclesiae.
598 1113 675 1152 Ubi
719 1112 872 1150 Graeca
910 1111 1112 1150 duntaxat
1148 1111 1315 1150 habent:
1361 1111 1566 1163 Ομολογία

92 1170 273 1217 Πίστεως
323 1171 607 1210 Ιουστινιανοῦ
651 1165 960 1221 Αὐτοκράτορος
1005 1165 1107 1208 nato?
1156 1170 1281 1221 τριῶν
1318 1168 1566 1217 κεφαλαίων,

90 1239 193 1278 quae
223 1239 307 1266 esse
336 1225 510 1265 Editoris
543 1225 714 1264 Romani
742 1225 961 1275 videntur,
1004 1237 1096 1263 cum
1127 1224 1235 1278 apud
1266 1223 1567 1272 Leunclavium,

87 1282 235 1336 hicque
263 1283 382 1321 aliter
410 1283 610 1335 legantur.

202 1339 300 1391 Pag-
333 1342 427 1382 680.
459 1343 499 1382 1.
556 1339 801 1379 Επίσκοπον
835 1333 1032 1391 Τυᾶνων]
1072 1337 1118 1375 In
1154 1336 1306 1375 Notitia
1345 1336 1569 1388 Episcopa-

87 1403 204 1436 tuum
242 1395 385 1435 Leonis
422 1396 479 1435 Im
514 1425 524 1435 .
565 1396 776 1447 Επαρχίας
818 1394 1137 1442 Καππαδοκίας,
1176 1392 1203 1434 o‘
1246 1389 1438 1441 Ῥυάνων,
1476 1390 1570 1444 ἤτοι

89 1450 424 1508 Χριστουπόλεως
453 1468 511 1493 ιε.
540 1453 749 1492 statuiturz
779 1452 994 1505 Επαρχίας
1020 1464 1120 1489 vero
1151 1450 1448 1497 Καππαδοκίας
1479 1450 1569 1489 dev·

87 1509 204 1563 τέρας
232 1508 257 1551 ὁ
288 1511 494 1551 Μωκισοῦ
521 1506 597 1558 κζ’.
655 1509 715 1548 lta
744 1508 787 1546 in
817 1507 905 1546 aliis
934 1507 1095 1547 Notitiis
1127 1506 1235 1559 apud
1266 1507 1444 1545 Goarum
1475 1518 1569 1558 pag.

89 1567 187 1610 343.
227 1573 267 1606 et
303 1567 402 1609 848.
445 1566 622 1605 Colonea
662 1572 702 1605 et
738 1565 962 1604 Nazianzus
1002 1565 1043 1603 in
1082 1563 1258 1602 secunda
1302 1561 1571 1614 Cappadocia,

87 1636 180 1677 pag.
210 1636 308 1663 vero
337 1624 437 1667 356.
467 1623 712 1676 Mopsuestia
739 1621 783 1660 in
813 1622 992 1661 secunda
1021 1619 1181 1670 Cilicia,
1212 1619 1328 1674 cujus
1359 1619 1571 1672 Metropo-

88 1681 139 1720 lis
165 1680 398 1720 Anabarzus
427 1679 596 1731 dicitur,
626 1685 852 1731 ponuntur.

204 1738 301 1788 Pag·
330 1739 428 1780 680.
460 1740 527 1779 16.
588 1734 642 1778 Τὸ
674 1732 738 1788 ιβ’.
768 1732 926 1789 μόνου]
972 1733 1139 1773 Huncce
1182 1731 1443 1770 Consulatum
1474 1745 1568 1770 cum

89 1793 177 1835 Ind.
207 1808 235 1835 1.
277 1794 456 1847 praefert
485 1806 525 1833 v.
561 1792 749 1846 Synodus
779 1789 1237 1844 Constantinopolitana.
1296 1789 1570 1827 constitutum

88 1864 187 1890 vero
226 1850 363 1902 vigilii
402 1851 532 1903 Papae
575 1850 626 1889 de
663 1849 796 1889 tribus
836 1848 1030 1900 Capitulis
1066 1846 1124 1886 sic
1153 1845 1385 1884 clauditur:
1428 1845 1570 1884 Datum

84 1908 208 1960 pridie
238 1907 330 1947 Idus
357 1907 481 1956 Maii,
517 1909 708 1959 imperante
730 1904 819 1945 DN.
847 1906 1056 1945 Iustiniana
1083 1902 1164 1943 PP.
1189 1902 1286 1954 Aug.
1315 1915 1408 1941 anno
1435 1915 1568 1943 xxvn.

89 1963 146 2018 (f.
176 1964 253 2016 leg.
284 1967 424 2015 xxvl.)
462 1963 510 2003 Ρ.
539 1964 578 2003 C.
606 1963 746 2003 Basilii
778 1957 824 2001 VJ
849 1962 891 2002 C.
950 1961 997 2000 In
1025 1958 1246 2013 Epitaphio
1275 1959 1314 1996 S.
1346 1957 1570 1997 Florentini

89 2020 280 2069 Abbatis,
308 2021 345 2060 is
374 2020 525 2060 dicitur
554 2020 722 2071 obiisse,
751 2019 935 2059 duodecies
963 2018 1008 2058 P.
1037 2018 1078 2058 C.
1107 2016 1256 2056 Basilii.
1298 2015 1340 2054 V.
1371 2016 1412 2055 C.
1440 2016 1571 2054 Iunio-

89 2080 143 2117 ris
169 2077 254 2117 Iud.
283 2091 313 2116 1.

205 2134 300 2185 Pag-
330 2137 427 2178 680.
456 2137 524 2179 20.
588 2131 643 2175 Τὸ
673 2129 732 2174 ιε’.
763 2129 920 2185 μόνου]
965 2129 1168 2183 Epistulae
1205 2125 1353 2176 Pelagii
1381 2126 1513 2178 Papae
1541 2140 1571 2165 1.

91 2190 337 2230 clauduntur
376 2190 453 2230 hac
489 2190 683 2230 formula:
726 2189 831 2228 Data
859 2202 954 2227 anno
979 2200 1048 2228 xv,
1078 2186 1145 2225 vel
1172 2197 1258 2223 xvi.
1289 2183 1332 2221 P.
1363 2183 1403 2222 C.
1432 2182 1573 2222 Basilii

104 2248 139 2287 V.
181 2248 221 2288 C.
290 2247 534 2286 Constitutio
584 2259 705 2286 cxxv.
751 2245 860 2298 apud
906 2244 1108 2282 Iulianum
1140 2239 1146 2247 '
1158 2254 1209 2280 ex
1247 2240 1330 2280 MS.
1368 2238 1567 2278 Pithoea—
1590 2248 1623 2282 V
1648 2247 1719 2284 542

91 2318 166 2343 no:
203 2304 293 2343 Dat.
331 2305 419 2344 Kal.
456 2303 560 2343 Maii
593 2303 686 2356 Imp.
715 2303 808 2342 Just.
838 2301 918 2341 PP.
945 2301 991 2340 Δ.
1020 2313 1104 2339 ann.
1133 2310 1252 2338 ΗΠ.
1285 2296 1331 2335 Ρ.
1363 2296 1402 2336 C.
1431 2295 1573 2336 Basilii

91 2375 174 2401 aun.
203 2374 272 2400 xv.

210 2420 304 2467 Pag-
332 2417 428 2461 685.
458 2419 498 2459 2.
563 2411 616 2456 T&
645 2410 710 2466 ιη’.
741 2409 895 2467 μόνον]
925 2411 1179 2464 Subscriptio
1208 2410 1329 2450 edicti
1357 2422 1414 2448 xx.
1448 2406 1571 2445 Justi-

94 2473 227 2513 nianit
264 2474 354 2526 Imp.
389 2474 483 2513 Just.
520 2471 600 2512 PP.
638 2472 736 2523 Aug.
775 2484 868 2510 anno
893 2483 996 2510 xvu.
1053 2468 1141 2508 Post
1166 2468 1286 2508 Basil.
1327 2467 1366 2506 V.
1397 2465 1436 2504 C.
1466 2464 1568 2502 com.

94 2545 188 2570 anno
222 2543 342 2572 xvm.
402 2528 654 2581 Subscriptio
687 2541 786 2567 vero
817 2527 919 2566 Nov.
961 2528 1081 2565 exn.
1106 2523 1194 2564 DN.
1228 2526 1323 2564 Just.
1356 2520 1438 2560 PP.
1467 2522 1566 2568 Aug.

94 2600 178 2626 arm.
206 2600 309 2628 xxu.
370 2586 459 2625 Post
482 2586 664 2627 Basiliam
704 2585 742 2623 V.
768 2584 810 2623 C.
834 2584 939 2627 Com.
972 2597 1057 2622 ann.
1085 2595 1205 2623 xvm.
1263 2579 1343 2618 Sed
1379 2576 1566 2615 mendum

20 2683 22 2691 ζ
96 2657 183 2683 esse
212 2643 255 2681 in
284 2642 394 2682 hisce
421 2643 596 2683 numeris
627 2655 743 2682 nemo
778 2654 858 2679 non
886 2640 1014 2679 videt.

215 2702 308 2750 Pag.
337 2701 435 2742 685.
464 2703 504 2743 9.
567 2696 625 2740 To}
654 2693 759 2751 φλβ’.
782 2697 849 2750 ἔτη
881 2696 1140 2750 ἕορταστικοῦ
1170 2688 1360 2740 Κύκλου]
1400 2688 1463 2727 Ex
1486 2685 1567 2725 hoc

98 2756 190 2795 loco
220 2755 383 2796 conficit
410 2755 633 2796 Bucherius
661 2768 751 2809 pag.
782 2757 876 2798 182.
937 2751 1205 2793 victorianum
1246 2758 1406 2811 ωηιξη.
1444 2756 1568 2783 anno·

98 2825 188 2851 rum
218 2812 429 2866 periodum
458 2813 508 2852 ab
548 2811 821 2853 Orientalibus
848 2823 1010 2863 quoque
1038 2807 1248 2847 admissam
1278 2803 1425 2849 suasae,
1464 2806 1568 2840 tam-

98 2870 174 2908 etsi
203 2869 359 2909 diversc
386 2869 494 2909 illius
522 2870 713 2910 terminos
741 2873 939 2922 aptarent,
969 2872 1016 2905 ut
1042 2878 1116 2918 per
1142 2876 1186 2902 se
1206 2865 1329 2915 patet.
1385 2857 1570 2910 Hocque,
