<?xml version="1.0" encoding="UTF-8"?>
<!DOCTYPE html PUBLIC "-//W3C//DTD XHTML 1.0 Transitional//EN"
    "http://www.w3.org/TR/xhtml1/DTD/xhtml1-transitional.dtd">
<html xmlns="http://www.w3.org/1999/xhtml" xml:lang="en" lang="en">
 <head>
  <title>
</title>
<meta http-equiv="Content-Type" content="text/html;charset=utf-8" />
  <meta name='ocr-system' content='tesseract 3.04.00' />
  <meta name='ocr-capabilities' content='ocr_page ocr_carea ocr_par ocr_line ocrx_word'/>
</head>
<body>
  <div class='ocr_page' id='page_1' title='image "./corpusscriptorum05niebuoft_0497.png"; bbox 0 0 1820 3276; ppageno 0'>
   <div class='ocr_carea' id='block_1_1' title="bbox 467 170 1578 220">
    <p class='ocr_par' dir='ltr' id='par_1_1' title="bbox 467 170 1578 220">
     <span class='ocr_line' id='line_1_1' title="bbox 467 170 1578 220; baseline 0.003 -5"><span class='ocrx_word' id='word_1_1' title='bbox 467 171 526 215; x_wconf 90' lang='lat' dir='ltr'><strong>IN</strong></span> <span class='ocrx_word' id='word_1_2' title='bbox 561 172 891 219; x_wconf 83' lang='lat' dir='ltr'>CHRONICON</span> <span class='ocrx_word' id='word_1_3' title='bbox 923 172 1213 216; x_wconf 85' lang='lat' dir='ltr'><strong>PASCHALE.</strong></span> <span class='ocrx_word' id='word_1_4' title='bbox 1475 170 1578 220; x_wconf 83' lang='grc'><strong>487</strong></span> 
     </span>
    </p>
   </div>
   <div class='ocr_carea' id='block_1_2' title="bbox 87 276 1578 1017">
    <p class='ocr_par' dir='ltr' id='par_1_2' title="bbox 87 276 1578 562">
     <span class='ocr_line' id='line_1_2' title="bbox 99 276 1575 335; baseline 0.001 -13"><span class='ocrx_word' id='word_1_5' title='bbox 99 276 349 334; x_wconf 58' lang='lat' dir='ltr'><strong>ammonita,</strong></span> <span class='ocrx_word' id='word_1_6' title='bbox 380 286 541 321; x_wconf 87' lang='lat' dir='ltr'><strong>caetera</strong></span> <span class='ocrx_word' id='word_1_7' title='bbox 571 282 726 322; x_wconf 81' lang='lat' dir='ltr'><strong>desunt.</strong></span> <span class='ocrx_word' id='word_1_8' title='bbox 784 281 942 333; x_wconf 86' lang='lat' dir='ltr'><strong>Tertio,</strong></span> <span class='ocrx_word' id='word_1_9' title='bbox 983 283 1028 323; x_wconf 86' lang='lat' dir='ltr'><strong>in</strong></span> <span class='ocrx_word' id='word_1_10' title='bbox 1060 282 1197 323; x_wconf 86' lang='lat' dir='ltr'><strong>eadem</strong></span> <span class='ocrx_word' id='word_1_11' title='bbox 1228 278 1407 335; x_wconf 84' lang='lat' dir='ltr'><strong>Liturgia</strong></span> <span class='ocrx_word' id='word_1_12' title='bbox 1435 284 1575 323; x_wconf 62' lang='lat' dir='ltr'><strong>Sanora</strong></span> 
     </span>
     <span class='ocr_line' id='line_1_3' title="bbox 99 338 1578 393; baseline 0 -14"><span class='ocrx_word' id='word_1_13' title='bbox 99 339 175 379; x_wconf 88' lang='lat' dir='ltr'><strong>dos</strong></span> <span class='ocrx_word' id='word_1_14' title='bbox 204 338 371 377; x_wconf 77' lang='lat' dir='ltr'><strong>assumit</strong></span> <span class='ocrx_word' id='word_1_15' title='bbox 399 340 570 389; x_wconf 83' lang='lat' dir='ltr'><strong>Sancta,</strong></span> <span class='ocrx_word' id='word_1_16' title='bbox 610 346 649 377; x_wconf 84' lang='lat' dir='ltr'><strong>et</strong></span> <span class='ocrx_word' id='word_1_17' title='bbox 678 339 720 378; x_wconf 89' lang='lat' dir='ltr'><strong>in</strong></span> <span class='ocrx_word' id='word_1_18' title='bbox 750 339 876 379; x_wconf 74' lang='lat' dir='ltr'><strong>altare</strong></span> <span class='ocrx_word' id='word_1_19' title='bbox 904 341 1116 389; x_wconf 82' lang='lat' dir='ltr'><strong>transsert,</strong></span> <span class='ocrx_word' id='word_1_20' title='bbox 1153 346 1245 393; x_wconf 89' lang='lat' dir='ltr'><strong>post</strong></span> <span class='ocrx_word' id='word_1_21' title='bbox 1273 339 1483 380; x_wconf 85' lang='lat' dir='ltr'><strong>decantata</strong></span> <span class='ocrx_word' id='word_1_22' title='bbox 1511 354 1578 379; x_wconf 85' lang='lat' dir='ltr'><strong>su-</strong></span> 
     </span>
     <span class='ocr_line' id='line_1_4' title="bbox 97 395 1576 450; baseline 0.002 -16"><span class='ocrx_word' id='word_1_23' title='bbox 97 395 260 448; x_wconf 85' lang='lat' dir='ltr'><strong>periora</strong></span> <span class='ocrx_word' id='word_1_24' title='bbox 289 395 356 433; x_wconf 86' lang='lat' dir='ltr'><strong>illa</strong></span> <span class='ocrx_word' id='word_1_25' title='bbox 384 395 511 435; x_wconf 81' lang='lat' dir='ltr'><strong>verba</strong></span> <span class='ocrx_word' id='word_1_26' title='bbox 539 409 562 433; x_wconf 87' lang='lat' dir='ltr'><strong>a</strong></span> <span class='ocrx_word' id='word_1_27' title='bbox 588 396 755 448; x_wconf 84' lang='lat' dir='ltr'><strong>populo,</strong></span> <span class='ocrx_word' id='word_1_28' title='bbox 787 402 828 435; x_wconf 89' lang='lat' dir='ltr'><strong>et</strong></span> <span class='ocrx_word' id='word_1_29' title='bbox 854 404 1071 450; x_wconf 83' lang='lat' dir='ltr'><strong>postquam</strong></span> <span class='ocrx_word' id='word_1_30' title='bbox 1103 396 1294 439; x_wconf 84' lang='lat' dir='ltr'><strong>Sacerdos</strong></span> <span class='ocrx_word' id='word_1_31' title='bbox 1317 397 1435 447; x_wconf 85' lang='lat' dir='ltr'>dixit,</span> <span class='ocrx_word' id='word_1_32' title='bbox 1467 397 1576 437; x_wconf 76' lang='lat' dir='ltr'><strong>Sicut</strong></span> 
     </span>
     <span class='ocr_line' id='line_1_5' title="bbox 87 452 1574 507; baseline 0.002 -16"><span class='ocrx_word' id='word_1_33' title='bbox 87 453 196 504; x_wconf 73' lang='lat' dir='ltr'><strong>filim</strong></span> <span class='ocrx_word' id='word_1_34' title='bbox 228 453 419 504; x_wconf 70' lang='lat' dir='ltr'><strong>prodigus.</strong></span> <span class='ocrx_word' id='word_1_35' title='bbox 479 453 531 491; x_wconf 80' lang='lat' dir='ltr'><strong>At</strong></span> <span class='ocrx_word' id='word_1_36' title='bbox 567 452 610 491; x_wconf 91' lang='lat' dir='ltr'><strong>in</strong></span> <span class='ocrx_word' id='word_1_37' title='bbox 643 452 841 492; x_wconf 86' lang='lat' dir='ltr'><strong>Chronico</strong></span> <span class='ocrx_word' id='word_1_38' title='bbox 872 455 1175 494; x_wconf 80' lang='lat' dir='ltr'><strong>transferuntur</strong></span> <span class='ocrx_word' id='word_1_39' title='bbox 1203 455 1323 493; x_wconf 86' lang='lat' dir='ltr'><strong>Sacra</strong></span> <span class='ocrx_word' id='word_1_40' title='bbox 1332 483 1346 505; x_wconf 92' lang='lat'><strong>,</strong></span> <span class='ocrx_word' id='word_1_41' title='bbox 1382 466 1473 494; x_wconf 86' lang='lat' dir='ltr'><strong>cum</strong></span> <span class='ocrx_word' id='word_1_42' title='bbox 1501 467 1574 507; x_wconf 89' lang='lat' dir='ltr'><strong>po-</strong></span> 
     </span>
     <span class='ocr_line' id='line_1_6' title="bbox 95 509 822 562; baseline 0.003 -15"><span class='ocrx_word' id='word_1_43' title='bbox 95 509 218 562; x_wconf 84' lang='lat' dir='ltr'><strong>pulus</strong></span> <span class='ocrx_word' id='word_1_44' title='bbox 249 509 464 561; x_wconf 81' lang='lat' dir='ltr'><strong>praefatam</strong></span> <span class='ocrx_word' id='word_1_45' title='bbox 491 509 594 548; x_wconf 90' lang='lat' dir='ltr'><strong>oden</strong></span> <span class='ocrx_word' id='word_1_46' title='bbox 625 509 822 549; x_wconf 82' lang='lat' dir='ltr'><strong>decantat.</strong></span> 
     </span>
    </p>

    <p class='ocr_par' dir='ltr' id='par_1_3' title="bbox 93 565 1572 676">
     <span class='ocr_line' id='line_1_7' title="bbox 209 565 1572 620; baseline 0.002 -16"><span class='ocrx_word' id='word_1_47' title='bbox 209 565 307 616; x_wconf 83' lang='lat' dir='ltr'><strong>Pag.</strong></span> <span class='ocrx_word' id='word_1_48' title='bbox 342 568 438 608; x_wconf 92' lang='grc'><strong>706.</strong></span> <span class='ocrx_word' id='word_1_49' title='bbox 467 566 508 608; x_wconf 87' lang='grc'><strong>4.</strong></span> <span class='ocrx_word' id='word_1_50' title='bbox 566 566 891 620; x_wconf 84' lang='grc' dir='ltr'><strong><em>Δορυφορεῐται]</em></strong></span> <span class='ocrx_word' id='word_1_51' title='bbox 932 566 993 606; x_wconf 88' lang='lat' dir='ltr'><strong>Ita</strong></span> <span class='ocrx_word' id='word_1_52' title='bbox 1034 566 1131 606; x_wconf 85' lang='lat' dir='ltr'><strong>eod.</strong></span> <span class='ocrx_word' id='word_1_53' title='bbox 1171 565 1302 607; x_wconf 83' lang='lat' dir='ltr'><strong>vatic.</strong></span> <span class='ocrx_word' id='word_1_54' title='bbox 1362 567 1572 620; x_wconf 82' lang='lat' dir='ltr'><strong>Perperam</strong></span> 
     </span>
     <span class='ocr_line' id='line_1_8' title="bbox 93 620 821 676; baseline 0.003 -16"><span class='ocrx_word' id='word_1_55' title='bbox 93 620 280 661; x_wconf 87' lang='lat' dir='ltr'><strong>Raderus</strong></span> <span class='ocrx_word' id='word_1_56' title='bbox 310 623 601 676; x_wconf 83' lang='grc' dir='ltr'><strong><em>δωροφορεῖται</em></strong></span> <span class='ocrx_word' id='word_1_57' title='bbox 630 623 821 662; x_wconf 85' lang='lat' dir='ltr'><strong>ediderat.</strong></span> 
     </span>
    </p>

    <p class='ocr_par' dir='ltr' id='par_1_4' title="bbox 91 678 1576 1017">
     <span class='ocr_line' id='line_1_9' title="bbox 209 678 1576 744; baseline 0.001 -27"><span class='ocrx_word' id='word_1_58' title='bbox 209 678 306 729; x_wconf 84' lang='lat' dir='ltr'><strong>Pag</strong></span> <span class='ocrx_word' id='word_1_59' title='bbox 337 681 433 721; x_wconf 89' lang='lat'><strong>706·</strong></span> <span class='ocrx_word' id='word_1_60' title='bbox 464 683 502 722; x_wconf 90' lang='grc'><strong>6</strong></span> <span class='ocrx_word' id='word_1_61' title='bbox 560 683 624 720; x_wconf 88' lang='grc' dir='ltr'><strong>Εν</strong></span> <span class='ocrx_word' id='word_1_62' title='bbox 653 685 742 729; x_wconf 84' lang='grc' dir='ltr'><strong><em>ταῖς</em></strong></span> <span class='ocrx_word' id='word_1_63' title='bbox 773 680 974 732; x_wconf 81' lang='grc' dir='ltr'><strong><em>νηστείαις</em></strong></span> <span class='ocrx_word' id='word_1_64' title='bbox 997 678 1359 733; x_wconf 80' lang='grc' dir='ltr'><strong><em>προηγιασμὲνων]</em></strong></span> <span class='ocrx_word' id='word_1_65' title='bbox 1389 679 1576 744; x_wconf 72' lang='lat' dir='ltr'><strong>Quadra-</strong></span> 
     </span>
     <span class='ocr_line' id='line_1_10' title="bbox 93 734 1574 802; baseline 0.001 -28"><span class='ocrx_word' id='word_1_66' title='bbox 93 735 266 786; x_wconf 81' lang='lat' dir='ltr'><strong>gesimae</strong></span> <span class='ocrx_word' id='word_1_67' title='bbox 304 735 445 774; x_wconf 84' lang='lat' dir='ltr'><strong>diebus</strong></span> <span class='ocrx_word' id='word_1_68' title='bbox 491 734 698 789; x_wconf 83' lang='lat' dir='ltr'><strong>(exceptis</strong></span> <span class='ocrx_word' id='word_1_69' title='bbox 729 736 912 776; x_wconf 84' lang='lat' dir='ltr'><strong>Sabbatis</strong></span> <span class='ocrx_word' id='word_1_70' title='bbox 942 743 981 775; x_wconf 88' lang='lat' dir='ltr'><strong>et</strong></span> <span class='ocrx_word' id='word_1_71' title='bbox 1010 737 1249 787; x_wconf 80' lang='lat' dir='ltr'><strong>Dominicis,</strong></span> <span class='ocrx_word' id='word_1_72' title='bbox 1285 737 1440 802; x_wconf 33' lang='lat' dir='ltr'><strong>‘quibus</strong></span> <span class='ocrx_word' id='word_1_73' title='bbox 1466 736 1574 790; x_wconf 82' lang='lat' dir='ltr'><strong>jeju-</strong></span> 
     </span>
     <span class='ocr_line' id='line_1_11' title="bbox 92 792 1573 846; baseline 0.001 -15"><span class='ocrx_word' id='word_1_74' title='bbox 92 792 202 831; x_wconf 84' lang='lat' dir='ltr'><strong>nium</strong></span> <span class='ocrx_word' id='word_1_75' title='bbox 233 792 398 831; x_wconf 85' lang='lat' dir='ltr'><strong>solvunt</strong></span> <span class='ocrx_word' id='word_1_76' title='bbox 428 792 594 841; x_wconf 87' lang='lat' dir='ltr'><strong>Graeci,</strong></span> <span class='ocrx_word' id='word_1_77' title='bbox 626 800 665 833; x_wconf 85' lang='lat' dir='ltr'><strong>et</strong></span> <span class='ocrx_word' id='word_1_78' title='bbox 694 793 1006 833; x_wconf 70' lang='lat' dir='ltr'><strong>Annuntiaiione</strong></span> <span class='ocrx_word' id='word_1_79' title='bbox 1036 793 1252 845; x_wconf 80' lang='lat' dir='ltr'><strong>Deiparae,</strong></span> <span class='ocrx_word' id='word_1_80' title='bbox 1280 794 1323 832; x_wconf 90' lang='lat' dir='ltr'><strong>in</strong></span> <span class='ocrx_word' id='word_1_81' title='bbox 1348 793 1495 846; x_wconf 86' lang='lat' dir='ltr'><strong>quibus</strong></span> <span class='ocrx_word' id='word_1_82' title='bbox 1515 808 1573 834; x_wconf 83' lang='grc' dir='ltr'><strong><em>τε-·</em></strong></span> 
     </span>
     <span class='ocr_line' id='line_1_12' title="bbox 92 845 1572 905; baseline 0.001 -16"><span class='ocrx_word' id='word_1_83' title='bbox 92 849 179 890; x_wconf 80' lang='grc' dir='ltr'><strong><em>λεία</em></strong></span> <span class='ocrx_word' id='word_1_84' title='bbox 209 845 425 903; x_wconf 83' lang='grc' dir='ltr'><strong><em>προσφορα</em></strong></span> <span class='ocrx_word' id='word_1_85' title='bbox 454 849 695 903; x_wconf 78' lang='lat' dir='ltr'><strong>conficitur)</strong></span> <span class='ocrx_word' id='word_1_86' title='bbox 739 864 792 890; x_wconf 80' lang='lat' dir='ltr'><strong>ex</strong></span> <span class='ocrx_word' id='word_1_87' title='bbox 823 852 916 888; x_wconf 85' lang='lat' dir='ltr'><strong>Can.</strong></span> <span class='ocrx_word' id='word_1_88' title='bbox 949 850 1143 889; x_wconf 85' lang='lat' dir='ltr'><strong>Trullano</strong></span> <span class='ocrx_word' id='word_1_89' title='bbox 1170 863 1246 889; x_wconf 68' lang='grc' dir='ltr'><strong>ιιι.</strong></span> <span class='ocrx_word' id='word_1_90' title='bbox 1275 847 1324 890; x_wconf 78' lang='grc' dir='ltr'><strong>τοὶ</strong></span> <span class='ocrx_word' id='word_1_91' title='bbox 1355 862 1572 905; x_wconf 81' lang='grc' dir='ltr'><strong><em>προηγιασ-</em></strong></span> 
     </span>
     <span class='ocr_line' id='line_1_13' title="bbox 92 904 1570 959; baseline 0 -13"><span class='ocrx_word' id='word_1_92' title='bbox 92 904 194 958; x_wconf 85' lang='grc' dir='ltr'><strong><em>μένα</em></strong></span> <span class='ocrx_word' id='word_1_93' title='bbox 227 905 495 947; x_wconf 80' lang='lat' dir='ltr'><strong>conficiuntur</strong></span> <span class='ocrx_word' id='word_1_94' title='bbox 531 907 639 959; x_wconf 87' lang='lat' dir='ltr'><strong>apud</strong></span> <span class='ocrx_word' id='word_1_95' title='bbox 674 908 869 947; x_wconf 85' lang='lat' dir='ltr'><strong>Graecos:</strong></span> <span class='ocrx_word' id='word_1_96' title='bbox 910 907 1077 946; x_wconf 85' lang='lat' dir='ltr'><strong>caeteris</strong></span> <span class='ocrx_word' id='word_1_97' title='bbox 1122 920 1220 946; x_wconf 84' lang='lat' dir='ltr'><strong>vero</strong></span> <span class='ocrx_word' id='word_1_98' title='bbox 1249 906 1412 957; x_wconf 86' lang='lat' dir='ltr'><strong>diebus,</strong></span> <span class='ocrx_word' id='word_1_99' title='bbox 1454 908 1570 946; x_wconf 86' lang='lat' dir='ltr'><strong>etiam</strong></span> 
     </span>
     <span class='ocr_line' id='line_1_14' title="bbox 91 960 1570 1017; baseline 0.001 -14"><span class='ocrx_word' id='word_1_100' title='bbox 91 961 136 1004; x_wconf 78' lang='grc' dir='ltr'><strong>ἐν</strong></span> <span class='ocrx_word' id='word_1_101' title='bbox 163 965 252 1010; x_wconf 85' lang='grc' dir='ltr'><strong><em>ταῖς</em></strong></span> <span class='ocrx_word' id='word_1_102' title='bbox 275 962 478 1015; x_wconf 80' lang='grc' dir='ltr'><em>νηστείαις</em></span> <span class='ocrx_word' id='word_1_103' title='bbox 493 966 575 1004; x_wconf 77' lang='grc' dir='ltr'><strong>τῶν</strong></span> <span class='ocrx_word' id='word_1_104' title='bbox 593 965 840 1006; x_wconf 82' lang='grc' dir='ltr'><strong><em>δεσποτικῶν</em></strong></span> <span class='ocrx_word' id='word_1_105' title='bbox 864 963 1036 1017; x_wconf 76' lang='grc' dir='ltr'><strong><em>ἑορτῶν,</em></strong></span> <span class='ocrx_word' id='word_1_106' title='bbox 1079 962 1110 1017; x_wconf 78' lang='grc' dir='ltr'><em>ἦ</em></span> <span class='ocrx_word' id='word_1_107' title='bbox 1138 966 1212 1004; x_wconf 84' lang='grc' dir='ltr'><strong>τοῦ</strong></span> <span class='ocrx_word' id='word_1_108' title='bbox 1236 960 1434 1017; x_wconf 79' lang='grc' dir='ltr'><em>Μεγάλου</em></span> <span class='ocrx_word' id='word_1_109' title='bbox 1452 967 1570 1004; x_wconf 82' lang='grc' dir='ltr'><strong><em>Βασι-</em></strong></span> 
     </span>
    </p>
   </div>
   <div class='ocr_carea' id='block_1_3' title="bbox 87 1019 1569 1129">
    <p class='ocr_par' dir='ltr' id='par_1_5' title="bbox 87 1019 1569 1129">
     <span class='ocr_line' id='line_1_15' title="bbox 90 1019 1569 1079; baseline -0.001 -20"><span class='ocrx_word' id='word_1_110' title='bbox 90 1019 200 1060; x_wconf 79' lang='grc' dir='ltr'><strong><em>λείου</em></strong></span> <span class='ocrx_word' id='word_1_111' title='bbox 221 1020 465 1073; x_wconf 80' lang='grc' dir='ltr'><strong><em>Λειτουργία</em></strong></span> <span class='ocrx_word' id='word_1_112' title='bbox 486 1023 676 1070; x_wconf 82' lang='grc' dir='ltr'><strong><em>τελεῖται,</em></strong></span> <span class='ocrx_word' id='word_1_113' title='bbox 705 1027 752 1060; x_wconf 89' lang='lat' dir='ltr'><strong>ut</strong></span> <span class='ocrx_word' id='word_1_114' title='bbox 782 1028 842 1061; x_wconf 89' lang='lat' dir='ltr'><strong>est</strong></span> <span class='ocrx_word' id='word_1_115' title='bbox 867 1021 909 1060; x_wconf 87' lang='lat' dir='ltr'><strong>in</strong></span> <span class='ocrx_word' id='word_1_116' title='bbox 939 1021 1094 1072; x_wconf 81' lang='lat' dir='ltr'><strong>Typico</strong></span> <span class='ocrx_word' id='word_1_117' title='bbox 1127 1022 1165 1059; x_wconf 90' lang='lat' dir='ltr'><strong>S.</strong></span> <span class='ocrx_word' id='word_1_118' title='bbox 1195 1019 1336 1079; x_wconf 88' lang='lat' dir='ltr'><strong>Sabae.</strong></span> <span class='ocrx_word' id='word_1_119' title='bbox 1396 1020 1569 1067; x_wconf 84' lang='lat' dir='ltr'><strong>Quinam</strong></span> 
     </span>
     <span class='ocr_line' id='line_1_16' title="bbox 87 1068 1569 1129; baseline 0.001 -16"><span class='ocrx_word' id='word_1_120' title='bbox 87 1075 214 1127; x_wconf 86' lang='lat' dir='ltr'><strong>igitur</strong></span> <span class='ocrx_word' id='word_1_121' title='bbox 250 1076 309 1114; x_wconf 89' lang='lat' dir='ltr'><strong>illi</strong></span> <span class='ocrx_word' id='word_1_122' title='bbox 354 1077 421 1114; x_wconf 90' lang='lat' dir='ltr'><strong>alii</strong></span> <span class='ocrx_word' id='word_1_123' title='bbox 463 1076 548 1116; x_wconf 88' lang='lat' dir='ltr'><strong>dies</strong></span> <span class='ocrx_word' id='word_1_124' title='bbox 578 1077 803 1128; x_wconf 83' lang='lat' dir='ltr'><strong>extiterint,</strong></span> <span class='ocrx_word' id='word_1_125' title='bbox 839 1078 881 1116; x_wconf 87' lang='lat' dir='ltr'><strong>in</strong></span> <span class='ocrx_word' id='word_1_126' title='bbox 914 1077 1059 1129; x_wconf 85' lang='lat' dir='ltr'><strong>quibus</strong></span> <span class='ocrx_word' id='word_1_127' title='bbox 1087 1077 1188 1116; x_wconf 89' lang='lat' dir='ltr'><strong>haec</strong></span> <span class='ocrx_word' id='word_1_128' title='bbox 1202 1068 1569 1116; x_wconf 82' lang='lat' dir='ltr'><strong>Praesanctificata</strong></span> 
     </span>
    </p>
   </div>
   <div class='ocr_carea' id='block_1_4' title="bbox 84 1132 1571 1754">
    <p class='ocr_par' dir='ltr' id='par_1_6' title="bbox 86 1132 1571 1413">
     <span class='ocr_line' id='line_1_17' title="bbox 88 1132 1570 1185; baseline 0.001 -15"><span class='ocrx_word' id='word_1_129' title='bbox 88 1132 205 1171; x_wconf 85' lang='lat' dir='ltr'><strong>facta·</strong></span> <span class='ocrx_word' id='word_1_130' title='bbox 234 1132 375 1172; x_wconf 81' lang='lat' dir='ltr'><strong>scribit</strong></span> <span class='ocrx_word' id='word_1_131' title='bbox 406 1133 563 1172; x_wconf 83' lang='lat' dir='ltr'><strong>Auctor</strong></span> <span class='ocrx_word' id='word_1_132' title='bbox 602 1134 814 1184; x_wconf 88' lang='lat' dir='ltr'><strong>Chronici‚</strong></span> <span class='ocrx_word' id='word_1_133' title='bbox 856 1134 993 1173; x_wconf 88' lang='lat' dir='ltr'><strong>nescio</strong></span> <span class='ocrx_word' id='word_1_134' title='bbox 1034 1148 1086 1172; x_wconf 83' lang='lat' dir='ltr'><strong>an</strong></span> <span class='ocrx_word' id='word_1_135' title='bbox 1129 1134 1278 1185; x_wconf 86' lang='lat' dir='ltr'><strong>aliquis</strong></span> <span class='ocrx_word' id='word_1_136' title='bbox 1317 1133 1570 1185; x_wconf 82' lang='lat' dir='ltr'><strong>indicaverit,</strong></span> 
     </span>
     <span class='ocr_line' id='line_1_18' title="bbox 87 1188 1570 1244; baseline 0.002 -17"><span class='ocrx_word' id='word_1_137' title='bbox 87 1189 167 1228; x_wconf 89' lang='lat' dir='ltr'><strong>nisi</strong></span> <span class='ocrx_word' id='word_1_138' title='bbox 194 1188 245 1228; x_wconf 89' lang='lat' dir='ltr'><strong>ad</strong></span> <span class='ocrx_word' id='word_1_139' title='bbox 275 1204 319 1229; x_wconf 91' lang='lat' dir='ltr'><strong>ea</strong></span> <span class='ocrx_word' id='word_1_140' title='bbox 348 1189 651 1243; x_wconf 78' lang='grc' dir='ltr'><strong><em>προηγιασμὲνα</em></strong></span> <span class='ocrx_word' id='word_1_141' title='bbox 675 1193 919 1244; x_wconf 84' lang='lat' dir='ltr'><strong>respexerit,</strong></span> <span class='ocrx_word' id='word_1_142' title='bbox 951 1203 1054 1243; x_wconf 87' lang='lat' dir='ltr'><strong>quae</strong></span> <span class='ocrx_word' id='word_1_143' title='bbox 1083 1189 1134 1230; x_wconf 89' lang='lat' dir='ltr'><strong>ad</strong></span> <span class='ocrx_word' id='word_1_144' title='bbox 1165 1191 1319 1242; x_wconf 80' lang='lat' dir='ltr'><strong>aliquas</strong></span> <span class='ocrx_word' id='word_1_145' title='bbox 1349 1197 1473 1230; x_wconf 86' lang='lat' dir='ltr'><strong>statas</strong></span> <span class='ocrx_word' id='word_1_146' title='bbox 1506 1203 1570 1230; x_wconf 85' lang='lat' dir='ltr'><strong>ce-</strong></span> 
     </span>
     <span class='ocr_line' id='line_1_19' title="bbox 86 1245 1570 1301; baseline 0.001 -15"><span class='ocrx_word' id='word_1_147' title='bbox 86 1245 285 1286; x_wconf 78' lang='lat' dir='ltr'><strong>remonias</strong></span> <span class='ocrx_word' id='word_1_148' title='bbox 317 1247 608 1298; x_wconf 84' lang='lat' dir='ltr'><strong>servabantur,</strong></span> <span class='ocrx_word' id='word_1_149' title='bbox 647 1247 698 1286; x_wconf 91' lang='lat' dir='ltr'><strong>de</strong></span> <span class='ocrx_word' id='word_1_150' title='bbox 727 1249 873 1301; x_wconf 88' lang='lat' dir='ltr'><strong>quibus</strong></span> <span class='ocrx_word' id='word_1_151' title='bbox 904 1248 1100 1300; x_wconf 82' lang='lat' dir='ltr'><strong>quaedam</strong></span> <span class='ocrx_word' id='word_1_152' title='bbox 1131 1247 1332 1298; x_wconf 85' lang='lat' dir='ltr'><strong>attigimus</strong></span> <span class='ocrx_word' id='word_1_153' title='bbox 1362 1248 1404 1287; x_wconf 89' lang='lat' dir='ltr'><strong>in</strong></span> <span class='ocrx_word' id='word_1_154' title='bbox 1439 1247 1570 1288; x_wconf 80' lang='lat' dir='ltr'><strong>Gloss.</strong></span> 
     </span>
     <span class='ocr_line' id='line_1_20' title="bbox 86 1303 1571 1358; baseline 0.001 -17"><span class='ocrx_word' id='word_1_155' title='bbox 86 1303 192 1342; x_wconf 83' lang='lat' dir='ltr'><strong>med.</strong></span> <span class='ocrx_word' id='word_1_156' title='bbox 224 1303 394 1343; x_wconf 86' lang='lat' dir='ltr'><strong>Graecit.</strong></span> <span class='ocrx_word' id='word_1_157' title='bbox 424 1304 466 1342; x_wconf 88' lang='lat' dir='ltr'><strong>in</strong></span> <span class='ocrx_word' id='word_1_158' title='bbox 496 1303 572 1342; x_wconf 86' lang='lat' dir='ltr'><strong>hac</strong></span> <span class='ocrx_word' id='word_1_159' title='bbox 600 1317 713 1346; x_wconf 85' lang='lat' dir='ltr'><strong>voce.</strong></span> <span class='ocrx_word' id='word_1_160' title='bbox 774 1306 897 1344; x_wconf 85' lang='lat' dir='ltr'><strong>Porro</strong></span> <span class='ocrx_word' id='word_1_161' title='bbox 929 1310 1025 1357; x_wconf 88' lang='lat' dir='ltr'><strong>post</strong></span> <span class='ocrx_word' id='word_1_162' title='bbox 1053 1303 1414 1358; x_wconf 78' lang='grc' dir='ltr'><strong><em>προηγιασμένων,</em></strong></span> <span class='ocrx_word' id='word_1_163' title='bbox 1456 1304 1571 1344; x_wconf 81' lang='lat' dir='ltr'><strong>addit</strong></span> 
     </span>
     <span class='ocr_line' id='line_1_21' title="bbox 86 1359 629 1413; baseline 0.004 -14"><span class='ocrx_word' id='word_1_164' title='bbox 86 1359 317 1399; x_wconf 85' lang='lat' dir='ltr'><strong>Holstenius</strong></span> <span class='ocrx_word' id='word_1_165' title='bbox 341 1360 629 1413; x_wconf 81' lang='grc' dir='ltr'><strong><em>ἐἰσαγομένων.</em></strong></span> 
     </span>
    </p>

    <p class='ocr_par' dir='ltr' id='par_1_7' title="bbox 88 1413 1566 1528">
     <span class='ocr_line' id='line_1_22' title="bbox 200 1413 1566 1481; baseline -0.004 -21"><span class='ocrx_word' id='word_1_166' title='bbox 200 1416 302 1481; x_wconf 46' lang='lat' dir='ltr'><strong>Pag..</strong></span> <span class='ocrx_word' id='word_1_167' title='bbox 329 1420 426 1460; x_wconf 70' lang='lat'><strong>706.</strong></span> <span class='ocrx_word' id='word_1_168' title='bbox 454 1420 493 1460; x_wconf 82' lang='lat'><strong>9.</strong></span> <span class='ocrx_word' id='word_1_169' title='bbox 556 1414 744 1471; x_wconf 83' lang='grc' dir='ltr'><strong><em>Νόμισμα</em></strong></span> <span class='ocrx_word' id='word_1_170' title='bbox 791 1413 1074 1471; x_wconf 76' lang='grc' dir='ltr'><strong><em>ἓξάγραμμον]</em></strong></span> <span class='ocrx_word' id='word_1_171' title='bbox 1132 1415 1232 1456; x_wconf 90' lang='lat' dir='ltr'><strong>Vide</strong></span> <span class='ocrx_word' id='word_1_172' title='bbox 1283 1416 1414 1455; x_wconf 87' lang='lat' dir='ltr'><strong>Gloss.</strong></span> <span class='ocrx_word' id='word_1_173' title='bbox 1460 1417 1566 1456; x_wconf 89' lang='lat' dir='ltr'><strong>med.</strong></span> 
     </span>
     <span class='ocr_line' id='line_1_23' title="bbox 88 1471 548 1528; baseline 0.007 -16"><span class='ocrx_word' id='word_1_174' title='bbox 88 1473 260 1512; x_wconf 79' lang='lat' dir='ltr'><strong>Graecit.</strong></span> <span class='ocrx_word' id='word_1_175' title='bbox 291 1474 332 1511; x_wconf 87' lang='lat' dir='ltr'><strong>in</strong></span> <span class='ocrx_word' id='word_1_176' title='bbox 367 1471 548 1528; x_wconf 77' lang='grc' dir='ltr'><strong>Γράμμα.</strong></span> 
     </span>
    </p>

    <p class='ocr_par' dir='ltr' id='par_1_8' title="bbox 84 1527 1567 1754">
     <span class='ocr_line' id='line_1_24' title="bbox 203 1527 1567 1583; baseline -0.001 -13"><span class='ocrx_word' id='word_1_177' title='bbox 203 1532 424 1580; x_wconf 84' lang='lat' dir='ltr'><strong>Pag.706.</strong></span> <span class='ocrx_word' id='word_1_178' title='bbox 456 1535 522 1574; x_wconf 88' lang='grc'><strong>12.</strong></span> <span class='ocrx_word' id='word_1_179' title='bbox 581 1527 732 1583; x_wconf 78' lang='grc' dir='ltr'><strong>Σαήν]</strong></span> <span class='ocrx_word' id='word_1_180' title='bbox 782 1531 842 1569; x_wconf 89' lang='lat' dir='ltr'><strong>Ita</strong></span> <span class='ocrx_word' id='word_1_181' title='bbox 894 1529 1172 1582; x_wconf 85' lang='lat' dir='ltr'><strong>Theophanes.</strong></span> <span class='ocrx_word' id='word_1_182' title='bbox 1248 1531 1401 1570; x_wconf 77' lang='grc' dir='ltr'><strong><em>Σαΐτου</em></strong></span> <span class='ocrx_word' id='word_1_183' title='bbox 1449 1537 1567 1569; x_wconf 88' lang='lat' dir='ltr'><strong>vocat</strong></span> 
     </span>
     <span class='ocr_line' id='line_1_25' title="bbox 85 1586 1567 1641; baseline -0.001 -15"><span class='ocrx_word' id='word_1_184' title='bbox 85 1586 338 1641; x_wconf 86' lang='lat' dir='ltr'><strong>Nicephorus</strong></span> <span class='ocrx_word' id='word_1_185' title='bbox 385 1588 764 1640; x_wconf 82' lang='lat' dir='ltr'><strong>Constantinopolit.</strong></span> <span class='ocrx_word' id='word_1_186' title='bbox 810 1587 879 1625; x_wconf 90' lang='lat' dir='ltr'><strong>ubi</strong></span> <span class='ocrx_word' id='word_1_187' title='bbox 926 1587 1173 1639; x_wconf 82' lang='lat' dir='ltr'><strong>colloquium</strong></span> <span class='ocrx_word' id='word_1_188' title='bbox 1213 1586 1476 1640; x_wconf 84' lang='lat' dir='ltr'><strong>Imperatoris</strong></span> <span class='ocrx_word' id='word_1_189' title='bbox 1527 1594 1567 1625; x_wconf 87' lang='lat' dir='ltr'><strong>et</strong></span> 
     </span>
     <span class='ocr_line' id='line_1_26' title="bbox 86 1643 1568 1697; baseline 0.001 -15"><span class='ocrx_word' id='word_1_190' title='bbox 86 1645 187 1683; x_wconf 83' lang='lat' dir='ltr'><strong>Sai&#39;ti</strong></span> <span class='ocrx_word' id='word_1_191' title='bbox 226 1644 412 1696; x_wconf 80' lang='lat' dir='ltr'><strong>pluribus</strong></span> <span class='ocrx_word' id='word_1_192' title='bbox 448 1644 655 1685; x_wconf 87' lang='lat' dir='ltr'><strong>describit.</strong></span> <span class='ocrx_word' id='word_1_193' title='bbox 711 1645 759 1683; x_wconf 89' lang='lat' dir='ltr'><strong>Id</strong></span> <span class='ocrx_word' id='word_1_194' title='bbox 796 1653 924 1697; x_wconf 78' lang='lat' dir='ltr'><strong>porro</strong></span> <span class='ocrx_word' id='word_1_195' title='bbox 957 1644 1000 1682; x_wconf 87' lang='lat' dir='ltr'><strong>in</strong></span> <span class='ocrx_word' id='word_1_196' title='bbox 1032 1657 1179 1683; x_wconf 89' lang='lat' dir='ltr'><strong>annum</strong></span> <span class='ocrx_word' id='word_1_197' title='bbox 1209 1657 1268 1686; x_wconf 76' lang='lat' dir='ltr'><strong>vr.</strong></span> <span class='ocrx_word' id='word_1_198' title='bbox 1295 1643 1474 1683; x_wconf 86' lang='lat' dir='ltr'><strong>Heraclii</strong></span> <span class='ocrx_word' id='word_1_199' title='bbox 1503 1657 1568 1683; x_wconf 83' lang='lat' dir='ltr'><strong>re-</strong></span> 
     </span>
     <span class='ocr_line' id='line_1_27' title="bbox 84 1699 616 1754; baseline 0 -14"><span class='ocrx_word' id='word_1_200' title='bbox 84 1700 175 1754; x_wconf 83' lang='lat' dir='ltr'><strong>jicit</strong></span> <span class='ocrx_word' id='word_1_201' title='bbox 203 1699 311 1740; x_wconf 89' lang='lat' dir='ltr'><strong>idem</strong></span> <span class='ocrx_word' id='word_1_202' title='bbox 340 1700 616 1754; x_wconf 84' lang='lat' dir='ltr'><strong>Theophanes.</strong></span> 
     </span>
    </p>
   </div>
   <div class='ocr_carea' id='block_1_5' title="bbox 85 1753 1633 2893">
    <p class='ocr_par' dir='ltr' id='par_1_9' title="bbox 86 1753 1566 1924">
     <span class='ocr_line' id='line_1_28' title="bbox 202 1753 1565 1810; baseline -0.004 -9"><span class='ocrx_word' id='word_1_203' title='bbox 202 1759 421 1807; x_wconf 81' lang='lat' dir='ltr'><strong>Pag.706.</strong></span> <span class='ocrx_word' id='word_1_204' title='bbox 455 1761 522 1802; x_wconf 84' lang='grc'><strong>13.</strong></span> <span class='ocrx_word' id='word_1_205' title='bbox 583 1756 837 1810; x_wconf 84' lang='grc' dir='ltr'><strong><em>Μηκωνίου]</em></strong></span> <span class='ocrx_word' id='word_1_206' title='bbox 879 1753 1093 1810; x_wconf 79' lang='grc' dir='ltr'><strong><em>Μήκωνα,</em></strong></span> <span class='ocrx_word' id='word_1_207' title='bbox 1135 1756 1311 1795; x_wconf 81' lang='lat' dir='ltr'><strong>insulam</strong></span> <span class='ocrx_word' id='word_1_208' title='bbox 1350 1755 1565 1796; x_wconf 87' lang='lat' dir='ltr'><strong>finitimam</strong></span> 
     </span>
     <span class='ocr_line' id='line_1_29' title="bbox 86 1813 1569 1867; baseline 0 -15"><span class='ocrx_word' id='word_1_209' title='bbox 86 1814 186 1853; x_wconf 85' lang='lat' dir='ltr'><strong>Delo</strong></span> <span class='ocrx_word' id='word_1_210' title='bbox 218 1820 412 1853; x_wconf 87' lang='lat' dir='ltr'><strong>memorat</strong></span> <span class='ocrx_word' id='word_1_211' title='bbox 447 1816 610 1854; x_wconf 83' lang='lat' dir='ltr'><strong>Tzetzes</strong></span> <span class='ocrx_word' id='word_1_212' title='bbox 646 1814 689 1853; x_wconf 89' lang='lat' dir='ltr'><strong>in</strong></span> <span class='ocrx_word' id='word_1_213' title='bbox 728 1813 1060 1867; x_wconf 80' lang='lat' dir='ltr'><strong>Lycophronem·</strong></span> <span class='ocrx_word' id='word_1_214' title='bbox 1101 1813 1176 1853; x_wconf 84' lang='lat' dir='ltr'><strong>sed</strong></span> <span class='ocrx_word' id='word_1_215' title='bbox 1216 1813 1319 1853; x_wconf 85' lang='lat' dir='ltr'><strong>alius</strong></span> <span class='ocrx_word' id='word_1_216' title='bbox 1352 1814 1470 1853; x_wconf 86' lang='lat' dir='ltr'><strong>locus</strong></span> <span class='ocrx_word' id='word_1_217' title='bbox 1506 1821 1569 1853; x_wconf 89' lang='lat' dir='ltr'><strong>est</strong></span> 
     </span>
     <span class='ocr_line' id='line_1_30' title="bbox 87 1867 1329 1924; baseline -0.002 -12"><span class='ocrx_word' id='word_1_218' title='bbox 87 1867 344 1924; x_wconf 74' lang='grc' dir='ltr'><strong><em>Μηκῶνιον,</em></strong></span> <span class='ocrx_word' id='word_1_219' title='bbox 375 1871 571 1924; x_wconf 85' lang='lat' dir='ltr'><strong>siquidem</strong></span> <span class='ocrx_word' id='word_1_220' title='bbox 602 1871 716 1920; x_wconf 87' lang='lat' dir='ltr'><strong>urbi,</strong></span> <span class='ocrx_word' id='word_1_221' title='bbox 745 1877 797 1923; x_wconf 17' lang='lat' dir='ltr'><strong>ut!</strong></span> <span class='ocrx_word' id='word_1_222' title='bbox 823 1870 1074 1921; x_wconf 84' lang='lat' dir='ltr'><strong>Calchedon,</strong></span> <span class='ocrx_word' id='word_1_223' title='bbox 1105 1871 1329 1923; x_wconf 87' lang='lat' dir='ltr'><strong>oppositus.</strong></span> 
     </span>
    </p>

    <p class='ocr_par' dir='ltr' id='par_1_10' title="bbox 202 1924 1480 1980">
     <span class='ocr_line' id='line_1_31' title="bbox 202 1924 1480 1980; baseline -0.004 -9"><span class='ocrx_word' id='word_1_224' title='bbox 202 1930 297 1978; x_wconf 73' lang='lat' dir='ltr'><em>Pag·</em></span> <span class='ocrx_word' id='word_1_225' title='bbox 325 1932 420 1971; x_wconf 88' lang='lat'><strong>706.</strong></span> <span class='ocrx_word' id='word_1_226' title='bbox 453 1929 518 1971; x_wconf 82' lang='lat'><strong>14.</strong></span> <span class='ocrx_word' id='word_1_227' title='bbox 575 1924 640 1969; x_wconf 79' lang='grc' dir='ltr'><strong>Δι’</strong></span> <span class='ocrx_word' id='word_1_228' title='bbox 662 1924 810 1980; x_wconf 70' lang='grc' dir='ltr'><strong><em>αὐτοῦ]</em></strong></span> <span class='ocrx_word' id='word_1_229' title='bbox 840 1925 905 1968; x_wconf 84' lang='grc' dir='ltr'><strong>Δι’</strong></span> <span class='ocrx_word' id='word_1_230' title='bbox 933 1927 1083 1969; x_wconf 72' lang='grc' dir='ltr'><strong><em>ἑαυτοῦ</em></strong></span> <span class='ocrx_word' id='word_1_231' title='bbox 1109 1928 1209 1978; x_wconf 84' lang='lat' dir='ltr'><strong>legit</strong></span> <span class='ocrx_word' id='word_1_232' title='bbox 1234 1926 1480 1967; x_wconf 85' lang='lat' dir='ltr'><strong>Holstenius.</strong></span> 
     </span>
    </p>

    <p class='ocr_par' dir='ltr' id='par_1_11' title="bbox 85 1981 1565 2093">
     <span class='ocr_line' id='line_1_32' title="bbox 201 1981 1565 2039; baseline -0.004 -10"><span class='ocrx_word' id='word_1_233' title='bbox 201 1986 294 2035; x_wconf 72' lang='lat' dir='ltr'><strong><em>Pag-</em></strong></span> <span class='ocrx_word' id='word_1_234' title='bbox 323 1989 420 2029; x_wconf 84' lang='grc'><strong>706.</strong></span> <span class='ocrx_word' id='word_1_235' title='bbox 451 1988 517 2028; x_wconf 91' lang='grc'><strong>17.</strong></span> <span class='ocrx_word' id='word_1_236' title='bbox 576 1984 929 2039; x_wconf 82' lang='grc' dir='ltr'><strong><em>Διεπέμφθησαν]</em></strong></span> <span class='ocrx_word' id='word_1_237' title='bbox 983 1985 1090 2025; x_wconf 85' lang='lat' dir='ltr'><strong>[dem</strong></span> <span class='ocrx_word' id='word_1_238' title='bbox 1135 1985 1320 2024; x_wconf 88' lang='lat' dir='ltr'><strong>Holsten.</strong></span> <span class='ocrx_word' id='word_1_239' title='bbox 1361 1981 1414 2038; x_wconf 71' lang='grc' dir='ltr'><strong>δή</strong></span> <span class='ocrx_word' id='word_1_240' title='bbox 1448 1982 1565 2037; x_wconf 74' lang='grc' dir='ltr'><strong><em>ἐπέμ-</em></strong></span> 
     </span>
     <span class='ocr_line' id='line_1_33' title="bbox 85 2053 268 2093; baseline -0.016 -11"><span class='ocrx_word' id='word_1_241' title='bbox 85 2055 119 2093; x_wconf 83' lang='grc' dir='ltr'><strong><em>φ</em></strong></span> <span class='ocrx_word' id='word_1_242' title='bbox 181 2053 268 2082; x_wconf 85' lang='grc' dir='ltr'><strong>σαν.</strong></span> 
     </span>
    </p>

    <p class='ocr_par' dir='ltr' id='par_1_12' title="bbox 85 2045 1565 2378">
     <span class='ocr_line' id='line_1_34' title="bbox 119 2045 1563 2152; baseline -0.004 -10"><span class='ocrx_word' id='word_1_243' title='bbox 119 2045 178 2095; x_wconf 70' lang='grc' dir='ltr'><strong>θη</strong></span> <span class='ocrx_word' id='word_1_244' title='bbox 202 2101 294 2149; x_wconf 80' lang='lat' dir='ltr'><em>Pag-</em></span> <span class='ocrx_word' id='word_1_245' title='bbox 326 2102 426 2141; x_wconf 88' lang='grc'><strong>706.</strong></span> <span class='ocrx_word' id='word_1_246' title='bbox 460 2102 523 2142; x_wconf 83' lang='grc'><strong>18.</strong></span> <span class='ocrx_word' id='word_1_247' title='bbox 585 2095 820 2151; x_wconf 78' lang='grc' dir='ltr'><strong><em>Ολύμπιος]</em></strong></span> <span class='ocrx_word' id='word_1_248' title='bbox 852 2097 932 2146; x_wconf 77' lang='lat' dir='ltr'><strong>Qui</strong></span> <span class='ocrx_word' id='word_1_249' title='bbox 967 2101 1151 2152; x_wconf 81' lang='grc' dir='ltr'><strong><em>Τπαρχος</em></strong></span> <span class='ocrx_word' id='word_1_250' title='bbox 1173 2100 1254 2138; x_wconf 82' lang='grc' dir='ltr'><strong>τῶν</strong></span> <span class='ocrx_word' id='word_1_251' title='bbox 1283 2096 1563 2151; x_wconf 82' lang='grc' dir='ltr'><strong><em>Πραιτωρίων,</em></strong></span> 
     </span>
     <span class='ocr_line' id='line_1_35' title="bbox 85 2153 1563 2208; baseline -0.002 -14"><span class='ocrx_word' id='word_1_252' title='bbox 85 2154 315 2207; x_wconf 86' lang='lat' dir='ltr'><strong>Nicephoro</strong></span> <span class='ocrx_word' id='word_1_253' title='bbox 346 2156 687 2208; x_wconf 78' lang='lat' dir='ltr'><strong>constantinopol.</strong></span> <span class='ocrx_word' id='word_1_254' title='bbox 747 2154 1095 2202; x_wconf 86' lang='lat' dir='ltr'><strong>Quemadmodum</strong></span> <span class='ocrx_word' id='word_1_255' title='bbox 1134 2168 1234 2194; x_wconf 84' lang='lat' dir='ltr'><strong>vero</strong></span> <span class='ocrx_word' id='word_1_256' title='bbox 1271 2153 1447 2192; x_wconf 88' lang='lat' dir='ltr'><strong>Heraclii</strong></span> <span class='ocrx_word' id='word_1_257' title='bbox 1481 2153 1563 2191; x_wconf 90' lang='lat' dir='ltr'><strong>Le-</strong></span> 
     </span>
     <span class='ocr_line' id='line_1_36' title="bbox 86 2209 1565 2263; baseline -0.001 -14"><span class='ocrx_word' id='word_1_258' title='bbox 86 2211 169 2263; x_wconf 87' lang='lat' dir='ltr'><strong>gati</strong></span> <span class='ocrx_word' id='word_1_259' title='bbox 206 2225 229 2249; x_wconf 88' lang='lat' dir='ltr'><strong>a</strong></span> <span class='ocrx_word' id='word_1_260' title='bbox 267 2213 401 2262; x_wconf 66' lang='lat' dir='ltr'><strong>Satio,</strong></span> <span class='ocrx_word' id='word_1_261' title='bbox 439 2212 586 2251; x_wconf 86' lang='lat' dir='ltr'><strong>deinde</strong></span> <span class='ocrx_word' id='word_1_262' title='bbox 625 2227 646 2251; x_wconf 90' lang='lat' dir='ltr'><strong>a</strong></span> <span class='ocrx_word' id='word_1_263' title='bbox 687 2211 867 2250; x_wconf 81' lang='lat' dir='ltr'><strong>Chosro&#39;e</strong></span> <span class='ocrx_word' id='word_1_264' title='bbox 906 2212 1076 2263; x_wconf 90' lang='lat' dir='ltr'><strong>pessime</strong></span> <span class='ocrx_word' id='word_1_265' title='bbox 1116 2210 1274 2263; x_wconf 87' lang='lat' dir='ltr'><strong>accepti</strong></span> <span class='ocrx_word' id='word_1_266' title='bbox 1312 2210 1413 2258; x_wconf 87' lang='lat' dir='ltr'><strong>sint,</strong></span> <span class='ocrx_word' id='word_1_267' title='bbox 1453 2215 1494 2248; x_wconf 89' lang='lat' dir='ltr'><strong>et</strong></span> <span class='ocrx_word' id='word_1_268' title='bbox 1521 2209 1565 2247; x_wconf 85' lang='lat' dir='ltr'><strong>in</strong></span> 
     </span>
     <span class='ocr_line' id='line_1_37' title="bbox 87 2267 1561 2333; baseline -0.002 -26"><span class='ocrx_word' id='word_1_269' title='bbox 87 2267 312 2307; x_wconf 82' lang='lat' dir='ltr'><strong>custodiam</strong></span> <span class='ocrx_word' id='word_1_270' title='bbox 344 2269 538 2321; x_wconf 88' lang='lat' dir='ltr'><strong>conjecti,</strong></span> <span class='ocrx_word' id='word_1_271' title='bbox 569 2269 660 2308; x_wconf 85' lang='lat' dir='ltr'><strong>silet</strong></span> <span class='ocrx_word' id='word_1_272' title='bbox 688 2269 844 2307; x_wconf 87' lang='lat' dir='ltr'><strong>Auctor</strong></span> <span class='ocrx_word' id='word_1_273' title='bbox 874 2267 1083 2308; x_wconf 87' lang='lat' dir='ltr'><strong>Chronici:</strong></span> <span class='ocrx_word' id='word_1_274' title='bbox 1122 2268 1306 2333; x_wconf 80' lang='lat' dir='ltr'><strong>pluribus</strong></span> <span class='ocrx_word' id='word_1_275' title='bbox 1335 2280 1432 2306; x_wconf 87' lang='lat' dir='ltr'><strong>vero</strong></span> <span class='ocrx_word' id='word_1_276' title='bbox 1466 2280 1561 2304; x_wconf 85' lang='lat' dir='ltr'><strong>nar-</strong></span> 
     </span>
     <span class='ocr_line' id='line_1_38' title="bbox 85 2324 1503 2378; baseline -0.002 -14"><span class='ocrx_word' id='word_1_277' title='bbox 85 2331 179 2364; x_wconf 84' lang='lat' dir='ltr'><strong>rant</strong></span> <span class='ocrx_word' id='word_1_278' title='bbox 204 2324 312 2364; x_wconf 82' lang='lat' dir='ltr'><strong>idem</strong></span> <span class='ocrx_word' id='word_1_279' title='bbox 341 2325 597 2378; x_wconf 86' lang='lat' dir='ltr'><strong>Nicephorus</strong></span> <span class='ocrx_word' id='word_1_280' title='bbox 628 2332 667 2364; x_wconf 85' lang='lat' dir='ltr'><strong>et</strong></span> <span class='ocrx_word' id='word_1_281' title='bbox 698 2325 892 2376; x_wconf 86' lang='lat' dir='ltr'><strong>Georgius</strong></span> <span class='ocrx_word' id='word_1_282' title='bbox 920 2325 1141 2364; x_wconf 82' lang='lat' dir='ltr'><strong>Monachus</strong></span> <span class='ocrx_word' id='word_1_283' title='bbox 1169 2325 1212 2363; x_wconf 88' lang='lat' dir='ltr'><strong>in</strong></span> <span class='ocrx_word' id='word_1_284' title='bbox 1243 2324 1391 2365; x_wconf 88' lang='lat' dir='ltr'><strong>Chron</strong></span> <span class='ocrx_word' id='word_1_285' title='bbox 1424 2324 1503 2363; x_wconf 88' lang='lat' dir='ltr'><strong>MS.</strong></span> 
     </span>
    </p>

    <p class='ocr_par' dir='ltr' id='par_1_13' title="bbox 85 2377 1568 2665">
     <span class='ocr_line' id='line_1_39' title="bbox 202 2377 1568 2454; baseline -0.005 -28"><span class='ocrx_word' id='word_1_286' title='bbox 202 2382 429 2432; x_wconf 79' lang='lat' dir='ltr'><strong>Pag.706.</strong></span> <span class='ocrx_word' id='word_1_287' title='bbox 464 2386 530 2426; x_wconf 88' lang='grc'><strong>19.</strong></span> <span class='ocrx_word' id='word_1_288' title='bbox 588 2377 868 2434; x_wconf 78' lang='grc' dir='ltr'><strong><em>Αναστάσιος]</em></strong></span> <span class='ocrx_word' id='word_1_289' title='bbox 902 2382 1132 2454; x_wconf 85' lang='lat' dir='ltr'><strong>Nicephoro</strong></span> <span class='ocrx_word' id='word_1_290' title='bbox 1164 2380 1514 2432; x_wconf 79' lang='lat' dir='ltr'><strong>Constantinopol-</strong></span> <span class='ocrx_word' id='word_1_291' title='bbox 1546 2377 1568 2419; x_wconf 83' lang='grc' dir='ltr'>ὁ</span> 
     </span>
     <span class='ocr_line' id='line_1_40' title="bbox 85 2431 1559 2509; baseline -0.003 -30"><span class='ocrx_word' id='word_1_292' title='bbox 85 2436 162 2491; x_wconf 69' lang='grc' dir='ltr'><strong>τήν</strong></span> <span class='ocrx_word' id='word_1_293' title='bbox 181 2438 418 2492; x_wconf 80' lang='grc' dir='ltr'><strong><em>οἰκονομίαν</em></strong></span> <span class='ocrx_word' id='word_1_294' title='bbox 436 2442 512 2480; x_wconf 77' lang='grc' dir='ltr'><strong>τοῦ</strong></span> <span class='ocrx_word' id='word_1_295' title='bbox 531 2438 754 2509; x_wconf 68' lang='grc' dir='ltr'><strong><em>μεγίστου”</em></strong></span> <span class='ocrx_word' id='word_1_296' title='bbox 737 2441 872 2490; x_wconf 80' lang='grc' dir='ltr'><strong><em>ιεροῦ,</em></strong></span> <span class='ocrx_word' id='word_1_297' title='bbox 901 2434 936 2494; x_wconf 73' lang='grc' dir='ltr'><em>ᾦ</em></span> <span class='ocrx_word' id='word_1_298' title='bbox 958 2441 1098 2492; x_wconf 85' lang='grc' dir='ltr'><strong><em>Σοφία</em></strong></span> <span class='ocrx_word' id='word_1_299' title='bbox 1122 2438 1147 2480; x_wconf 80' lang='grc' dir='ltr'><em>ὅ</em></span> <span class='ocrx_word' id='word_1_300' title='bbox 1167 2443 1282 2487; x_wconf 84' lang='grc' dir='ltr'><strong><em>θεῖος</em></strong></span> <span class='ocrx_word' id='word_1_301' title='bbox 1302 2433 1438 2491; x_wconf 80' lang='grc' dir='ltr'><strong><em>Λόγος</em></strong></span> <span class='ocrx_word' id='word_1_302' title='bbox 1459 2431 1559 2476; x_wconf 75' lang='grc' dir='ltr'><strong>ἐπαὶ-</strong></span> 
     </span>
     <span class='ocr_line' id='line_1_41' title="bbox 85 2481 1562 2552; baseline -0.005 -16"><span class='ocrx_word' id='word_1_303' title='bbox 85 2509 240 2548; x_wconf 82' lang='grc' dir='ltr'><strong><em>νυμον,</em></strong></span> <span class='ocrx_word' id='word_1_304' title='bbox 277 2499 360 2536; x_wconf 80' lang='grc' dir='ltr'><strong>τῶν</strong></span> <span class='ocrx_word' id='word_1_305' title='bbox 381 2492 626 2552; x_wconf 78' lang='grc' dir='ltr'><strong><em>πραγμάτων</em></strong></span> <span class='ocrx_word' id='word_1_306' title='bbox 651 2481 975 2547; x_wconf 80' lang='grc' dir='ltr'><strong>πεπιστευμένος.</strong></span> <span class='ocrx_word' id='word_1_307' title='bbox 1031 2497 1078 2536; x_wconf 91' lang='lat' dir='ltr'><strong>In</strong></span> <span class='ocrx_word' id='word_1_308' title='bbox 1107 2496 1287 2549; x_wconf 85' lang='lat' dir='ltr'><strong>Epistola</strong></span> <span class='ocrx_word' id='word_1_309' title='bbox 1315 2506 1412 2533; x_wconf 84' lang='lat' dir='ltr'><strong>vero</strong></span> <span class='ocrx_word' id='word_1_310' title='bbox 1443 2495 1562 2530; x_wconf 87' lang='lat' dir='ltr'><strong>Sena-</strong></span> 
     </span>
     <span class='ocr_line' id='line_1_42' title="bbox 86 2551 1560 2606; baseline -0.002 -16"><span class='ocrx_word' id='word_1_311' title='bbox 86 2557 219 2591; x_wconf 86' lang='lat' dir='ltr'><strong>torem</strong></span> <span class='ocrx_word' id='word_1_312' title='bbox 247 2552 299 2591; x_wconf 81' lang='lat' dir='ltr'><strong>ad</strong></span> <span class='ocrx_word' id='word_1_313' title='bbox 319 2552 572 2593; x_wconf 72' lang='lat' dir='ltr'><strong>chosroem</strong></span> <span class='ocrx_word' id='word_1_314' title='bbox 559 2566 603 2591; x_wconf 86' lang='lat' dir='ltr'><strong>m</strong></span> <span class='ocrx_word' id='word_1_315' title='bbox 626 2551 826 2591; x_wconf 81' lang='lat' dir='ltr'><strong>Chronico</strong></span> <span class='ocrx_word' id='word_1_316' title='bbox 849 2553 1064 2606; x_wconf 82' lang='lat' dir='ltr'><strong>descripta,</strong></span> <span class='ocrx_word' id='word_1_317' title='bbox 1096 2551 1409 2604; x_wconf 81' lang='grc' dir='ltr'><strong><em>Θεοφιλέστατος</em></strong></span> <span class='ocrx_word' id='word_1_318' title='bbox 1433 2552 1560 2602; x_wconf 82' lang='grc' dir='ltr'><strong><em>Πρεσ-</em></strong></span> 
     </span>
     <span class='ocr_line' id='line_1_43' title="bbox 88 2604 893 2665; baseline -0.003 -15"><span class='ocrx_word' id='word_1_319' title='bbox 88 2604 256 2661; x_wconf 74' lang='grc' dir='ltr'><strong><em>βντερος</em></strong></span> <span class='ocrx_word' id='word_1_320' title='bbox 286 2609 356 2650; x_wconf 80' lang='grc' dir='ltr'><strong>καὶ</strong></span> <span class='ocrx_word' id='word_1_321' title='bbox 386 2608 613 2665; x_wconf 75' lang='grc' dir='ltr'><strong><em>Σύγκελλος</em></strong></span> <span class='ocrx_word' id='word_1_322' title='bbox 641 2609 893 2661; x_wconf 83' lang='lat' dir='ltr'><strong>indigitatur.</strong></span> 
     </span>
    </p>

    <p class='ocr_par' dir='ltr' id='par_1_14' title="bbox 87 2662 1557 2832">
     <span class='ocr_line' id='line_1_44' title="bbox 201 2662 1557 2719; baseline -0.008 -9"><span class='ocrx_word' id='word_1_323' title='bbox 201 2662 298 2715; x_wconf 78' lang='lat' dir='ltr'><strong>Pag</strong></span> <span class='ocrx_word' id='word_1_324' title='bbox 326 2666 518 2711; x_wconf 84' lang='grc'><strong>707.14</strong></span> <span class='ocrx_word' id='word_1_325' title='bbox 578 2667 790 2714; x_wconf 81' lang='grc' dir='ltr'><strong><em>Πολιτείας</em></strong></span> <span class='ocrx_word' id='word_1_326' title='bbox 809 2665 1045 2719; x_wconf 71' lang='grc' dir='ltr'><strong><em>ἐπίβουλος]</em></strong></span> <span class='ocrx_word' id='word_1_327' title='bbox 1076 2663 1308 2704; x_wconf 84' lang='lat' dir='ltr'><strong>Holstenius</strong></span> <span class='ocrx_word' id='word_1_328' title='bbox 1337 2662 1434 2712; x_wconf 68' lang='grc' dir='ltr'><strong>1οὲῑί</strong></span> <span class='ocrx_word' id='word_1_329' title='bbox 1443 2689 1455 2710; x_wconf 91' lang='grc'>,</span> <span class='ocrx_word' id='word_1_330' title='bbox 1487 2675 1557 2701; x_wconf 83' lang='grc' dir='ltr'><strong>πο.</strong></span> 
     </span>
     <span class='ocr_line' id='line_1_45' title="bbox 87 2715 1557 2778; baseline -0.001 -17"><span class='ocrx_word' id='word_1_331' title='bbox 87 2722 234 2770; x_wconf 60' lang='lat' dir='ltr'><strong>tarseus</strong></span> <span class='ocrx_word' id='word_1_332' title='bbox 258 2718 475 2776; x_wconf 79' lang='grc' dir='ltr'><strong><em>γενόμενος</em></strong></span> <span class='ocrx_word' id='word_1_333' title='bbox 492 2724 715 2778; x_wconf 83' lang='grc' dir='ltr'><strong>ἐπίβουλος.</strong></span> <span class='ocrx_word' id='word_1_334' title='bbox 772 2722 926 2763; x_wconf 80' lang='lat' dir='ltr'><strong>Deinde</strong></span> <span class='ocrx_word' id='word_1_335' title='bbox 941 2733 1016 2775; x_wconf 82' lang='lat' dir='ltr'><strong>pro</strong></span> <span class='ocrx_word' id='word_1_336' title='bbox 1034 2721 1302 2773; x_wconf 81' lang='grc' dir='ltr'><strong><em>νποφθείρει,</em></strong></span> <span class='ocrx_word' id='word_1_337' title='bbox 1331 2718 1427 2769; x_wconf 79' lang='lat' dir='ltr'><strong>legit</strong></span> <span class='ocrx_word' id='word_1_338' title='bbox 1446 2715 1557 2758; x_wconf 66' lang='lat' dir='ltr'><strong>tino-⁴</strong></span> 
     </span>
     <span class='ocr_line' id='line_1_46' title="bbox 88 2778 275 2832; baseline -0.011 -3"><span class='ocrx_word' id='word_1_339' title='bbox 88 2778 191 2829; x_wconf 81' lang='grc' dir='ltr'><strong>φθεί</strong></span> <span class='ocrx_word' id='word_1_340' title='bbox 191 2793 275 2832; x_wconf 75' lang='grc' dir='ltr'><strong>ρας·</strong></span> 
     </span>
    </p>

    <p class='ocr_par' dir='ltr' id='par_1_15' title="bbox 203 2829 1633 2893">
     <span class='ocr_line' id='line_1_47' title="bbox 203 2829 1633 2893; baseline -0.006 -15"><span class='ocrx_word' id='word_1_341' title='bbox 203 2837 297 2885; x_wconf 78' lang='lat' dir='ltr'><em>Pag·</em></span> <span class='ocrx_word' id='word_1_342' title='bbox 328 2837 424 2878; x_wconf 90' lang='grc'><strong>708.</strong></span> <span class='ocrx_word' id='word_1_343' title='bbox 455 2841 493 2879; x_wconf 93' lang='grc'><strong>7.</strong></span> <span class='ocrx_word' id='word_1_344' title='bbox 554 2835 888 2893; x_wconf 74' lang='grc' dir='ltr'><strong><em>Ποοτρέψαντος]</em></strong></span> <span class='ocrx_word' id='word_1_345' title='bbox 931 2833 1053 2883; x_wconf 80' lang='lat' dir='ltr'><strong>Quod</strong></span> <span class='ocrx_word' id='word_1_346' title='bbox 1082 2833 1122 2872; x_wconf 89' lang='lat' dir='ltr'><strong>in</strong></span> <span class='ocrx_word' id='word_1_347' title='bbox 1156 2830 1295 2890; x_wconf 82' lang='lat' dir='ltr'><strong>primis</strong></span> <span class='ocrx_word' id='word_1_348' title='bbox 1322 2830 1452 2870; x_wconf 77' lang='lat' dir='ltr'><strong>firmat</strong></span> <span class='ocrx_word' id='word_1_349' title='bbox 1485 2829 1560 2868; x_wconf 81' lang='lat' dir='ltr'><strong>Ni—</strong></span> <span class='ocrx_word' id='word_1_350' title='bbox 1631 2868 1633 2870; x_wconf 87' lang='lat'><strong>.</strong></span> 
     </span>
    </p>
   </div>
  </div>
 </body>
</html>
