1820 3276
239 226 342 276 388
800 225 1120 269 NOTAE

244 337 369 392 Sylvii
382 335 556 377 Polemei
568 335 803 375 Laterculo:
821 341 1002 375 mortuus
1022 348 1120 374 vero
1141 334 1372 375 xxv1.1unii
1391 348 1496 374 anno
1515 347 1706 374 cccnxm.

242 395 415 436 Proinde
431 393 533 432 vixit
554 406 677 431 annos
695 405 795 432 xxx.
813 405 969 432 menses
989 405 1065 432 vn.
1093 391 1177 431 dies
1203 405 1277 431 xx.
1338 392 1438 432 Vide
1461 392 1707 443 scaligerum

243 453 294 492 ad
318 450 460 491 Euseb.
489 456 528 488 et
545 449 731 488 Familias
747 449 807 501 By
810 455 932 488 zant..

360 506 579 558 Pag.552.
613 510 651 548 1.
710 509 772 546 Εν
793 509 846 561 τῇ
868 501 971 570 αυτῆ
989 503 1127 556 νυκτὶ]
1170 504 1314 542 Eadem
1351 504 1490 556 paullo
1518 503 1633 542 aliter
1661 516 1707 540 ac

243 565 370 604 fusius
389 562 623 602 habentur
612 576 653 601 m
683 563 766 602 vita
796 564 836 601 S.
870 546 1028 612 Basilii,
1059 560 1340 613 Amphilochio
1370 560 1472 599 falso
1504 559 1708 612 adscripta

242 634 332 675 pag.
356 624 449 663 181.
468 620 562 658 edit.
584 618 820 658 combefisii.

362 680 455 727 Pag·
485 676 582 720 552.
613 675 651 718 5
708 679 835 730 Αγιος
861 670 1178 730 Μερκούριος]
1193 673 1295 712 Vide
1327 671 1513 711 Familias
1541 672 1707 725 Byzant.

242 735 283 774 in
304 733 485 773 Juliano.

362 793 453 841 Pag
484 789 581 833 552.
614 791 654 832 6.
712 786 943 843 Σιδηρουν]
973 786 1118 826 Malala
1152 785 1286 836 addit,
1313 748 1606 837 oinootllssovw
1626 781 1708 834 καὶ,

241 854 319 889 etc.

358 905 452 953 Pag·
481 901 577 944 552.
607 903 673 943 13.
738 897 815 941 Τὸν
833 899 1005 953 κλῆρον]
1038 898 1180 938 Matala
1210 898 1344 946 addit,
1376 893 1519 940 αυτοῦ.

357 962 450 1009 Pag·
479 958 576 1001 552.
607 960 702 1000 16.
729 959 926 1005 Zac-2⁷:511]
956 955 1122 1004 Malala,
1152 958 1269 1008 σιγᾶν
1290 950 1430 996 αυτόν.

354 1015 448 1055 Ibi-d
510 1014 728 1065 Τοιοῦτον]
758 1013 904 1052 Subdit
928 1012 1092 1061 Malala,
1123 1010 1147 1052 ὅ
1165 1010 1208 1053 δὲ
1227 1007 1460 1063 σοφώτατος
1478 1006 1709 1064 Εὕτρόπιος

243 1072 268 1115 o‘
299 1066 593 1126 Χρονογρᾶφος
622 1069 667 1111 ἕν
695 1081 796 1119 τισι,
837 1071 981 1109 τοῦτον
1009 1067 1289 1122 ωμοφωνησεν
1325 1067 1369 1109 ἐν
1398 1071 1450 1124 τῇ
1483 1070 1708 1124 συγγραφῇ.

242 1130 443 1169 Hactenus
468 1126 628 1166 Joannis
644 1126 815 1165 Malalae
839 1126 1133 1177 Fragmentum.

364 1188 450 1235 Pog.
479 1183 576 1227 552.
611 1185 679 1224 21.
738 1183 795 1222 Εἰ
820 1181 1002 1230 θέλεται]
1036 1181 1143 1219 Haec
1167 1179 1323 1219 Joviani
1344 1179 1534 1218 allocutio
1555 1179 1666 1218 varie
1686 1193 1708 1217 a

245 1244 409 1282 Socrate
446 1246 485 1279 et
517 1241 736 1283 sozomeno
771 1239 967 1285 refertur,
1004 1237 1160 1276 tametsi
1192 1236 1326 1275 eadem
1353 1236 1462 1288 apud
1494 1242 1709 1287 utrumque

245 1304 375 1339 sonet.
432 1296 561 1336 Addit
578 1294 909 1348 Albupharaijus:
939 1294 1156 1333 Indicarunt
1171 1295 1285 1344 igitur
1303 1293 1364 1332 illi
1377 1306 1413 1331 se
1428 1294 1510 1342 jam
1529 1292 1706 1331 Christia-
1767 1292 1769 1295 ⁴

244 1370 308 1395 nos
330 1367 422 1403 esse,
452 1354 533 1392 licet
556 1357 650 1391 metu
667 1352 863 1404 Apostatae
888 1351 1110 1401 Religionem
1134 1363 1236 1388 suam
1268 1350 1560 1391 dis-simulassent.
1618 1348 1710 1387 Pro-

245 1413 326 1452 lata
351 1424 434 1460 ergo
457 1423 475 1449 e
492 1408 751 1461 gazophylacio
774 1408 902 1457 Cruce,
932 1421 1007 1446 eam
1030 1409 1118 1459 ipsis
1137 1406 1306 1445 vexillum
1327 1408 1468 1446 statuit.

362 1469 455 1517 Pag.
482 1465 579 1510 553.
607 1464 648 1507 4.
704 1461 1069 1518 Λαβοναρσάκιος]
1117 1463 1183 1501 Sic
1211 1465 1401 1515 Saporem
1432 1467 1576 1512 vocat,
1627 1475 1709 1502 co-

242 1530 456 1577 gnomento
476 1522 677 1561 Arsacem.
735 1523 928 1573 Saporem
959 1520 1078 1559 etiam
1101 1518 1180 1558 hoc
1209 1520 1301 1558 loco
1329 1525 1450 1560 vocat
1481 1518 1708 1559 Chronicon

240 1581 515 1622 Hebraeorum
546 1578 700 1618 editum
727 1591 749 1616 a
782 1577 1056 1616 Genebrardo.

360 1640 452 1687 Pag.
482 1631 578 1679 553.
612 1638 650 1676 6.
708 1629 981 1688 Πρεσβεύων]
1022 1633 1160 1671 Festus
1182 1631 1331 1671 Rufus.
1365 1631 1487 1671 Tanta
1513 1620 1709 1672 reverentia

243 1694 402 1733 Romam·
425 1694 576 1732 nominis
592 1691 696 1743 fuit,
724 1695 767 1729 ut
785 1705 810 1729 a
828 1690 950 1729 Persis
962 1693 1102 1742 primus
1125 1702 1233 1727 sermo
1258 1689 1301 1728 de
1323 1703 1413 1742 pace
1438 1689 1632 1728 haberetur.

361 1752 452 1800 Pag·
484 1749 580 1791 553.
607 1752 647 1790 7.
706 1745 942 1801 Σουρέναν]
972 1746 1058 1785 Post
1076 1746 1209 1797 Regem
1226 1745 1326 1798 apud
1346 1744 1475 1785 Persas
1496 1748 1709 1798 promeritae

244 1807 458 1857 di'gmtatis,
487 1803 618 1856 inquit
635 1803 868 1843 Ammianus
889 1803 995 1842 libro
1014 1816 1130 1843 xxrv.

360 1865 452 1913 Pag.
482 1862 577 1904 553.
617 1860 682 1902 15.
747 1859 1004 1914 Αρινθαῖον]
1046 1858 1120 1897 Cui
1145 1858 1357 1910 adjunctus
1384 1857 1462 1897 fuit
1493 1856 1706 1897 Sallustius

244 1918 471 1958 Praefectus
506 1917 708 1956 Praetorio
744 1915 977 1955 Galliarum.
1046 1915 1106 1954 Ita
1144 1914 1372 1953 Ammianus
1407 1913 1476 1952 lib.
1505 1927 1602 1953 xxv.
1636 1914 1706 1965 qui

244 1973 452 2015 Arinthaei
475 1979 679 2027 praeterea
705 1972 884 2011 meminit
903 1973 974 2011 lib.
994 1984 1109 2010 xxvr.
1133 1977 1175 2011 et
1190 1984 1322 2012 xxvn.
1378 1969 1418 2009 Is
1446 1969 1706 2023 postmodum

244 2032 394 2071 Consul
420 2031 497 2069 fuit
527 2044 589 2070 an.
609 2028 702 2068 Chr.
724 2042 925 2068 ceunxxu.

313 2134 317 2137 ,
360 2091 453 2138 Pag.
483 2086 578 2130 554.
610 2088 650 2128 6.
711 2081 799 2126 Ov’n
819 2083 1032 2137 εἰσῆλθεν]
1060 2083 1307 2122 Ammianus:
1331 2080 1456 2121 Nisibi
1472 2082 1597 2134 cupide
1610 2084 1705 2131 visa,

243 2149 347 2184 extra
373 2145 492 2183 urbem
521 2145 644 2181 statim
673 2146 794 2181 castra
821 2145 943 2194 posuit
968 2141 1147 2193 Princeps.
1206 2140 1261 2178 lta
1292 2139 1409 2178 etiam
1437 2140 1637 2178 Zosimus:
1665 2144 1705 2177 at

244 2201 413 2240 Ioannes
432 2198 707 2239 Antiochenus
726 2198 850 2238 biduo
869 2197 999 2237 Nisibi
1019 2203 1308 2238 commoratum
1331 2196 1485 2237 scribit.

360 2260 453 2307 Pag.
482 2254 578 2299 554.
610 2259 652 2298 7.
714 2257 748 2296 Ο
774 2252 818 2296 δὲ
850 2251 1035 2307 Ιούνιος]
1064 2254 1245 2293 Binesem
1267 2258 1385 2292 vocat
1402 2253 1645 2292 Ammianus.

360 2316 454 2363 Pag.
481 2311 580 2353 554.
610 2314 649 2354 8.
708 2310 837 2360 Εἰς“
814 2327 883 2352 ενα
909 2314 991 2351 τῶν
1016 2306 1206 2365 πύργων]
1248 2309 1499 2349 Ammianus:
1529 2308 1706 2349 Postridie

243 2368 388 2408 Bineses
415 2382 506 2407 unus
530 2381 574 2406 ex
596 2368 736 2417 Persis,
779 2381 878 2421 quem
901 2370 995 2407 inter
1022 2368 1114 2406 alios
1141 2367 1307 2406 excellere
1330 2367 1511 2415 diximus,
1531 2365 1705 2404 mandata

244 2425 362 2476 Regis
394 2426 559 2478 complere
584 2424 766 2475 festinam
784 2454 796 2473 ,
829 2427 1000 2475 promissa
1020 2425 1227 2476 flagitabat
1257 2426 1452 2463 instanter.-
1480 2427 1514 2460 et
1537 2422 1705 2473 Principe

228 2509 230 2511 v
240 2484 463 2534 permittente
479 2481 660 2529 Romano,
690 2483 870 2519 civitatem
898 2483 1100 2531 ing-tessus,
1129 2482 1247 2531 gentis
1276 2493 1360 2518 suae
1383 2481 1524 2529 signum
1545 2479 1590 2517 ab
1621 2490 1704 2517 arce

245 2539 401 2588 extulit,
427 2510 734 2588 submigraticinem
765 2550 782 2574 e
805 2540 931 2588 patria
957 2538 1093 2575 civibus
1121 2539 1290 2581 nuntians
1317 2536 1527 2574 luctuosam.
1581 2534 1703 2574 Istius

245 2609 370 2648 porro
397 2595 437 2633 in
469 2593 652 2633 adeunda
685 2593 896 2631 civitatum
925 2606 972 2632 ac
991 2593 1234 2645 oppidorum
1252 2592 1498 2646 possessione
1519 2591 1562 2630 in
1581 2590 1703 2631 turri-

245 2651 321 2698 bus
357 2651 506 2690 vexilla
542 2649 740 2701 erigendi,
780 2650 819 2687 in
855 2649 991 2701 adepti
1016 2648 1183 2688 dominii
1220 2655 1513 2700 argumentum,
1563 2646 1702 2696 moris,

246 2709 474 2761 exemplum
502 2712 657 2759 prostat
687 2705 795 2758 apud
823 2705 1125 2744 Constantinum
1161 2704 1210 2744 de
1241 2704 1447 2744 Administ.
1473 2705 1574 2758 Imp.
1610 2717 1700 2758 cap.

245 2777 357 2803 xnv1.
377 2765 444 2803 ubi
465 2764 514 2803 de
539 2762 782 2802 Adranutzio
799 2761 1035 2814 Imperatori
1055 2761 1517 2814 Constantinopolitano,
1545 2775 1592 2800 ac
1611 2759 1702 2799 [be-

246 2834 384 2859 rorum
413 2821 595 2873 Principe
625 2818 784 2859 tradito.
853 2819 939 2857 Alia
969 2818 1106 2870 paullo
1130 2818 1325 2870 sequioris
1357 2818 1495 2859 aetatis
1522 2816 1700 2871 suggeri-

246 2889 336 2916 mus
355 2878 395 2916 in
421 2877 585 2919 Dissert.
603 2889 701 2915 xxx.
728 2874 779 2914 ad
797 2874 1026 2915 Joinvillam
1045 2888 1085 2929 p.
1100 2875 1197 2919 355.
1218 2875 1312 2920 356.
