1832 3276
303 224 406 282 ‘556
776 213 1298 280 ANIMADVERSIONES

306 347 379 385 cit:
421 346 521 388 Quae
559 346 678 384 oculus
713 359 779 384 non
806 346 917 397 vidit,
955 361 1016 386 nec
1043 351 1143 386 auris
1170 348 1338 396 audivit,
1375 361 1436 387 nec
1464 350 1502 387 in
1529 361 1588 386 cor
1615 349 1762 387 hominis

303 403 499 450 descendit,
528 408 566 439 et
596 415 698 453 quae
728 416 778 440 ex
810 403 897 440 nivi
925 402 1058 442 Heliae
1089 404 1330 456 apocryphis
1360 411 1594 456 sequuntur.
1651 403 1760 442 Idem

304 471 464 498 rursum
495 459 542 495 ad
575 458 735 496 Galatas
766 472 816 497 ex
849 460 1090 512 Apocalypsi
1119 460 1285 511 Moysis:
1316 459 1439 512 Neque
1468 463 1684 499 circumcisio
1710 464 1761 498 est

304 515 465 566 aliquid,
500 528 562 552 nec
596 518 843 566 praeputium,
881 517 943 554 sed
977 529 1066 555 naua
1104 522 1280 556 creatura.
1338 518 1386 555 Et
1414 517 1465 554 ad
1492 515 1682 569 Ephesios
1709 529 1761 556 ex

303 571 522 609 Hieremiae
563 571 802 623 apocryphis
839 585 939 622 quae
975 573 1238 625 appellantur,
1310 573 1430 623 Surge
1465 575 1528 624 qui
1563 573 1693 626 dormis
1728 577 1761 612 et

304 641 436 677 exurge
463 641 487 664 α
515 630 680 675 mortuis,
709 632 743 666 et
770 629 986 666 illuminabit
1014 634 1047 666 te
1077 629 1250 671 Christus.
1307 628 1479 668 Proinde
1506 628 1606 667 haec
1635 643 1658 667 a
1688 642 1761 667 no-

303 684 364 721 bis
397 684 501 721 dicta
532 690 643 732 sunt,
683 697 762 721 non
796 683 844 722 ad
875 697 1010 722 eorum
1040 685 1300 724 temeritatem
1333 685 1659 735 confirmandam,
1690 685 1759 736 qui

301 739 399 777 haec
431 741 515 778 sine
544 740 772 779 discrimine
801 746 841 778 et
867 740 1017 792 judicio
1045 742 1188 779 volunt
1215 742 1358 792 legere,
1387 741 1488 780 absit
1514 741 1607 790 hoc,
1644 740 1760 795 multi

301 796 403 834 enim
439 797 532 834 dum
564 796 694 834 omnia
723 810 819 834 vera
850 811 950 849 quae
977 797 1025 835 iis
1058 798 1328 848 continentur,
1364 797 1641 846 crediderunt,
1681 811 1761 836 mn·
1828 819 1832 855 ᾗ

300 866 419 903 gnum
449 853 542 891 inde
572 853 849 891 detrimentum
879 867 1078 906 accepere.
1136 854 1251 893 Unde
1290 861 1329 893 et
1364 862 1497 893 sancta
1528 854 1596 892 Dei
1627 854 1760 892 Eccle.
1826 858 1832 912 j

299 909 379 959 sia,
410 915 448 946 et
476 909 685 947 universus
713 916 872 962 patrum
900 916 1059 948 senatus
1086 909 1207 960 haec,
1238 910 1402 963 perinde
1426 917 1546 962 atque
1566 909 1759 961 reliquam
1824 913 1832 979 l

299 979 451 1004 sacram
481 965 738 1017 scripturam,
776 967 894 1016 vulgo
924 966 1003 1017 legi
1031 967 1182 1016 vetuit,
1220 981 1240 1004 a
1271 967 1516 1019 simplicibus
1547 979 1689 1019 nempe
1719 971 1760 1004 et
1824 981 1832 1036 l

297 1022 479 1061 indoctis.
516 1023 597 1066 Nos
625 1035 716 1072 ergo
742 1022 960 1060 testimonia
990 1036 1111 1074 supra
1141 1023 1289 1075 scripta
1320 1029 1472 1061 tantum
1504 1022 1553 1062 ad
1585 1022 1662 1060 hoc
1691 1022 1760 1060 ad-

299 1077 524 1127 hibuimus,
563 1085 608 1116 ut
638 1078 933 1117 ostenderemus
963 1079 1203 1129 Egregorum
1234 1092 1304 1117 seu
1332 1080 1480 1118 ducum
1511 1079 1697 1130 scelera,
1719 1084 1759 1117 et

297 1135 498 1185 gigantum
526 1134 780 1186 impietatem.
814 1135 863 1173 de
893 1148 971 1185 qua
999 1142 1038 1174 et
1070 1135 1234 1173 Divinus
1264 1135 1418 1187 Moyses
1447 1135 1636 1184 meminit,
1667 1147 1758 1172 cum

297 1197 462 1243 propter
502 1190 612 1228 illam
654 1191 843 1229 mundum
887 1190 999 1241 aquis
1028 1191 1263 1231 inundatum
1293 1192 1413 1230 fuisse
1442 1192 1592 1231 scribit.
1650 1191 1757 1229 Haec

231 1253 274 1287 17
295 1261 346 1285 ex
366 1247 562 1299 Syncello.
621 1247 821 1298 Egregorii
841 1260 964 1298 porro
993 1247 1155 1286 ducenti
1181 1255 1461 1298 memorantur,
1491 1260 1661 1300 quorum
1681 1246 1757 1285 du-

296 1317 360 1341 ces
389 1317 459 1341 seu
492 1303 726 1342 decuriones
755 1309 1016 1341 numerantur
1043 1318 1113 1344 xx.
1145 1318 1243 1355 quos
1263 1304 1303 1342 in
1325 1303 1512 1343 thesauro
1534 1303 1767 1342 Eusebiano,

294 1373 347 1398 ex
387 1361 514 1411 primo
547 1359 700 1398 Enochi
732 1360 835 1398 libro
866 1360 1041 1398 nominat
1071 1361 1283 1411 castigator
1314 1367 1537 1415 temporum
1568 1359 1755 1410 Semina,
1822 1386 1824 1391 ·

295 1415 526 1468 Atarcuph,
564 1423 638 1454 etc.
680 1416 748 1454 ubi
778 1417 899 1455 multa
931 1416 978 1454 de
1006 1417 1234 1468 Egregoris,
1275 1418 1455 1469 quamvis
1481 1433 1501 1455 a
1530 1416 1689 1456 Judaeis
1717 1421 1756 1454 et

294 1473 502 1511 haereticis
533 1472 757 1524 depravata.

405 1529 471 1568 lv.
540 1530 700 1568 Vz'dentes
726 1530 849 1579 angeli
873 1530 945 1568 Dei
960 1531 1067 1581 filias
1094 1529 1308 1582 hominum]
1340 1543 1503 1583 prorsus
1529 1528 1754 1568 orthodoxe

293 1592 427 1624 noster
457 1584 792 1638 Chronographus
819 1585 1017 1637 disputat,
1047 1592 1086 1624 et
1116 1586 1262 1625 refellit
1288 1600 1374 1636 eos,
1405 1587 1472 1638 qui
1493 1586 1652 1637 angelos
1669 1598 1751 1636 cae·
1823 1592 1832 1643 q

293 1643 408 1681 lestes
433 1642 611 1693 spiritus,
642 1655 742 1693 quos
772 1643 936 1694 proprie
966 1641 1122 1692 angelos
1151 1643 1398 1695 appellamus
1426 1642 1751 1694 interpretantur,

293 1700 400 1750 quod
446 1699 611 1751 impium
659 1699 806 1737 sentire
843 1712 933 1737 cum
980 1699 1166 1738 universa
1203 1699 1374 1738 Ecclesia
1413 1699 1609 1749 affirmat,
1652 1711 1752 1750 quae

292 1755 472 1793 homines
502 1756 590 1807 pios
620 1769 671 1794 ex
701 1754 820 1793 Setho
851 1761 966 1793 natos
994 1755 1151 1805 angelos
1181 1761 1220 1794 et
1253 1755 1354 1794 filios
1387 1755 1454 1794 Dei
1482 1761 1613 1794 vocat.
1669 1754 1750 1802 No·
1822 1779 1832 1824 ἵ

291 1818 351 1850 tat
379 1812 522 1849 Suidas
550 1826 598 1850 ex
630 1812 755 1850 veteri
776 1812 980 1863 scriptore
1009 1812 1110 1849 filios
1140 1812 1221 1861 Dei,
1251 1826 1318 1850 seu
1344 1813 1503 1863 angelos
1530 1812 1633 1859 illos,
1666 1823 1751 1850 esse

291 1868 394 1905 filios
425 1867 555 1917 Sethi,
586 1868 764 1917 Enochi,
796 1874 834 1905 et
863 1868 1005 1917 Enosi,
1035 1868 1156 1907 verba
1187 1875 1280 1907 sunt
1307 1867 1426 1907 haec:
1473 1868 1526 1908 Οἱ
1550 1870 1625 1908 τοῦ
1653 1864 1751 1918 Σὴθ

289 1924 357 1964 καὶ
375 1921 496 1976 Εναῗχ
524 1924 591 1964 καὶ
621 1922 740 1972 Ενώς
768 1925 907 1971 παῖδες
933 1923 1018 1965 υἱοὶ
1047 1927 1150 1965 θεοῦ
1178 1925 1442 1974 νοείσθωσαν,
1471 1924 1615 1971 οἵτινες
1635 1920 1749 1964 ἇλόν-

290 1996 352 2028 τες
381 1976 575 2035 α’κολασίᾳ
603 1978 700 2034 πρὸς
727 1977 798 2027 τοὶς
827 1979 1051 2034 θυγατέρας
1083 1982 1191 2021 Καῒν
1220 1981 1433 2032 εἰσῆλθον,
1472 1980 1512 2030 ἐξ
1542 1975 1599 2021 ὧν
1636 1979 1679 2020 οἱ
1705 1979 1749 2020 ἐκ

288 2039 361 2089 τῆς
398 2034 643 2088 καταλλήλου
682 2037 912 2090 μιαιγαμίας
950 2037 1129 2089 γίνονται
1169 2037 1346 2090 γίγαντες
1383 2034 1449 2076 dio?
1487 2035 1560 2088 μὲν
1589 2036 1748 2076 δίκαιον

291 2092 443 2147 ἰσχυροὶ
473 2092 541 2132 καὶ
571 2092 764 2146 μέγιστοι,
801 2090 867 2132 dccl
905 2090 947 2132 δὲ
976 2091 1047 2134 τὸν
1076 2090 1218 2133 ἄδικον
1246 2092 1311 2133 καὶ
1341 2092 1534 2145 βέβηλον,
1576 2091 1748 2144 πονηροὶ

289 2149 357 2189 καὶ
401 2147 591 2190 κάκιστοι.
650 2148 779 2197 Sethi,
830 2148 1001 2196 Enochi,
1055 2149 1173 2187 Enosi
1216 2149 1330 2187 liberi
1371 2149 1640 2200 intelligantur
1675 2147 1747 2187 filii

289 2206 374 2244 DEI
412 2206 532 2254 dieti,
573 2205 642 2255 qui
684 2207 787 2258 capti
826 2219 958 2244 amore
990 2205 1159 2244 filiarum
1200 2205 1309 2244 Caini
1348 2205 1517 2244 incestas
1548 2204 1748 2244 cumillis

286 2262 445 2313 nuptias
475 2263 733 2314 copularunt,
762 2276 811 2300 ex
842 2262 987 2314 quibus
1015 2263 1100 2300 nati
1130 2268 1223 2301 sunt
1249 2262 1456 2312 Gigantes,
1487 2267 1651 2313 propter
1678 2275 1745 2313 pa·

285 2324 367 2356 tres
398 2317 556 2369 quidem
581 2318 723 2370 justos,
754 2319 875 2356 fortes
905 2325 944 2357 et
975 2319 1252 2370 procerissimi,
1284 2324 1451 2370 propter
1468 2318 1632 2356 cainum
1650 2330 1746 2356 vero

286 2375 465 2426 iniquum
496 2381 534 2412 et
563 2375 749 2425 sanguine
779 2375 914 2413 fratris
942 2375 1212 2426 inquinatum,
1244 2375 1415 2428 improbi
1445 2373 1692 2426 pessimique.

401 2431 520 2478 Quod
550 2431 790 2483 scripturam
821 2431 961 2470 attinet
991 2432 1099 2483 apud
1130 2432 1376 2484 septuaginta
1412 2431 1618 2481 legebatur
1649 2429 1742 2468 olim
1776 2452 1778 2455 -

288 2486 445 2541 ἄγγελοι
464 2490 585 2536 θεοῦ,
623 2501 722 2537 quae
751 2487 868 2526 hodie
896 2488 935 2526 in
968 2488 1166 2526 Carafiana
1196 2501 1274 2526 non
1305 2493 1437 2535 extat,
1465 2487 1534 2526 sed
1563 2486 1618 2524 ita
1647 2486 1743 2524 scri-

285 2551 400 2596 ptum
440 2544 558 2582 fuisse
597 2549 763 2582 testatur
805 2545 848 2582 Ι).
877 2543 1141 2594 Augustinus,
1182 2543 1354 2595 Cyrillus
1393 2549 1434 2582 et
1461 2543 1539 2582 alii.
1600 2542 1740 2593 Aquila

286 2601 406 2638 vertit
434 2600 535 2638 filios
568 2601 765 2650 Deorum„
787 2600 814 2638 i.
846 2613 877 2639 e.
910 2601 1137 2650 angelorum
1169 2600 1231 2638 vel
1260 2605 1498 2640 sanctorum.
1556 2600 1740 2651 Symma-

287 2656 385 2695 chus
428 2656 497 2694 filii
540 2656 763 2708 principum
803 2655 887 2696 υἱοὶ
924 2659 1006 2696 τοῖν
1046 2653 1378 2697 δυναστευόντων.
1436 2661 1575 2694 auctor
1614 2653 1740 2693 nostri
1826 2690 1832 2699 ἲ

283 2712 464 2751 chronici
503 2720 712 2764 utramque
750 2712 959 2751 lectionem
996 2712 1192 2762 agnoscit,
1241 2712 1309 2750 sed
1340 2711 1501 2750 eandem
1530 2710 1739 2762 utriusque

285 2770 603 2821 explicationem.
637 2770 799 2808 Damnat
829 2782 925 2806 vero
953 2768 1020 2820 qui
1050 2769 1236 2807 caelestes
1261 2768 1425 2819 spiritus
1446 2769 1590 2806 docent
1607 2778 1738 2806 amore

221 2832 264 2866 18
288 2826 540 2864 faeminarum
581 2832 728 2876 captos.
787 2826 911 2864 Fuere
943 2825 1045 2863 enim
1085 2825 1153 2876 qui
1186 2823 1362 2863 <licerent
1391 2831 1548 2862 sanctos
1578 2823 1739 2875 angelos

290 2882 338 2921 de
370 2884 479 2922 caelo
513 2884 734 2935 puellarum
766 2896 896 2921 amore
925 2882 1077 2921 saucios
1107 2881 1378 2931 descendisse·5
1408 2894 1553 2933 eosque
1582 2894 1631 2920 ex
1661 2893 1738 2919 na-
