1820 3276
478 208 537 253 IN
572 208 902 253 CHRONIGON
935 209 1225 254 PASCHALE.
1494 209 1595 256 389

230 319 324 370 Pag.
353 317 448 362 554.
480 320 545 361 11.
604 316 800 372 Σιλβανὸς
829 316 985 373 Κὸμης]
1018 320 1056 359 Is
1085 331 1276 359 causarum
1303 319 1459 371 defensor
1488 319 1594 359 dici·
1618 326 1647 361 P
1670 327 1739 363 566

116 382 184 416 tur
209 375 431 425 Ammiano,
463 388 544 427 quo
575 375 667 414 loco
698 375 958 417 miserabilem
989 391 1034 416 ac
1064 377 1291 417 luctuosam
1313 376 1596 417 Nisibiensium

117 447 169 473 ex
201 433 303 471 urbe
333 445 542 471 excessum
571 432 774 474 describit.

234 489 330 539 Pag·
362 488 458 533 554.
491 489 557 531 13.
617 486 905 542 Ομωμοκὲναι]
943 489 1053 528 Idem
1082 489 1282 542 Scriptor:
1322 490 1477 542 Cumque
1504 491 1597 530 nihil

110 550 379 597 promoveretur,
402 545 656 595 jurisjurandi
681 547 884 596 religionem
909 545 1076 598 Principe
1103 546 1309 586 destinatim
1332 547 1595 598 praetendente,

117 607 195 642 etc.
251 602 381 642 Infra:
408 602 602 652 Indignum
630 602 783 654 Imperio
803 603 955 654 facinus
984 606 1119 652 amictu
1141 604 1301 655 perjurii
1311 603 1488 654 fugiendi
1507 618 1598 651 com-

115 661 231 699 misit.‘
283 658 362 698 Sed
391 672 545 707 revera,
574 665 620 698 ut
648 659 703 698 ait
732 660 876 698 Festus
908 660 1049 709 Rufus,
1079 661 1243 712 cupidior
1263 662 1367 710 regni
1389 674 1494 712 quam
1519 662 1599 712 glo-

115 717 194 754 riae
220 715 271 754 iis
301 715 602 755 conditionibus
632 716 857 768 acquievit,
887 715 984 755 licet
1012 717 1214 756 Romanae
1243 718 1446 769 potentiae
1467 718 1599 756 minus

119 772 410 812 consentaneis.
470 773 698 812 Excusatur
737 779 867 812 tamen
906 779 1126 825 utcumque
1167 773 1216 812 ab
1251 773 1398 825 Orosio
1428 774 1496 815 lib.
1527 788 1598 815 vn.

118 842 208 882 cap.
237 843 351 869 xxxn
410 828 509 868 Vide
543 828 786 881 Procopium
817 830 884 871 lib.
919 844 945 871 1.
976 830 1122 871 Persic.
1153 844 1241 884 cap.
1269 843 1371 870 xvn.
1402 836 1441 870 et
1469 831 1597 869 Scali-

115 898 254 937 gerum
287 885 339 924 ad
369 884 518 927 Chron.
550 886 726 927 Eusebii.

230 941 456 993 Pag.554.
488 942 554 985 14
612 939 776 996 Δόξαν]
808 915 919 991 Quid
948 943 983 981 si
1013 944 1168 995 legatur
1196 939 1340 992 νόξαν·
1370 955 1472 982 voce
1492 942 1598 982 enim
1625 946 1654 979 V
1678 945 1747 983 495

116 997 239 1038 latina
267 999 309 1038 id
339 999 534 1052 expressit
561 999 766 1040 Jovianus.
800 999 903 1039 Vide
933 1000 1096 1040 Glossas
1125 1000 1283 1040 Basilio.
1310 1000 1354 1038 in
1383 998 1460 1038 hac
1489 1013 1601 1039 voce.

229 1055 328 1107 Pag.
357 1056 452 1099 555.
482 1059 523 1097 2.
580 1056 845 1123 Σπουδαίου]
876 1057 1037 1107 Malim,
1069 1057 1312 1106 σπουδαίως.

190 1111 327 1163 Pag.
357 1112 453 1156 555
484 1112 524 1154 5.
587 1116 740 1166 Μῆνας
775 1110 809 1154 ι’.
821 1113 837 1165 ]
873 1114 966 1164 Leg.

229 1168 327 1220 Pag.
358 1168 454 1217 555.
485 1173 527 1212 7.
589 1171 782 1223 Ιοβιανοῦ
807 1131 1070 1224 Αὕγουστου]
1102 1169 1292 1209 Jovianus
1322 1183 1414 1209 cum
1447 1170 1599 1210 Varro-

114 1224 236 1265 niano
264 1225 349 1264 filio
380 1224 563 1278 Ancyrae
593 1227 745 1266 Consul
773 1234 1039 1279 processerat,
1067 1227 1130 1266 uti
1151 1233 1317 1266 narrant
1338 1226 1601 1280 Theophanes

117 1288 158 1322 et
187 1282 385 1334 Georgius
413 1282 669 1323 Hamartolus
703 1283 743 1322 in
786 1283 935 1326 Chron.
966 1284 1050 1325 MS.
1083 1282 1166 1324 Και
1192 1281 1327 1324 ἐλθων
1362 1283 1406 1325 ἐν
1433 1281 1602 1341 Αγκύρα

114 1341 188 1392 τῆς
205 1339 413 1388 Γαλατίας,
442 1342 606 1388 ,Τπατος
627 1343 839 1407 προῆλθεν
858 1338 936 1381 σύν
955 1343 1015 1396 τῷ
1039 1339 1186 1382 ἑαυτοῦ
1202 1339 1282 1396 υἱῷ
1308 1327 1603 1397 Ουάριωνιανῷ

115 1395 383 1447 Επιφανὲντα
411 1398 556 1437 τοῦτον
587 1393 872 1450 ἀναγορεύσας,
901 1396 944 1435 id
967 1402 1027 1436 est
1056 1382 1334 1445 Nobilissimum,
1365 1410 1434 1436 seu
1463 1398 1602 1440 Caesa-

114 1465 213 1492 rem.
270 1453 367 1492 Post
387 1466 595 1492 excessum
615 1467 712 1493 vero
727 1453 885 1492 Joviani
903 1453 946 1492 hi
967 1454 1075 1494 Coss,
1094 1453 1313 1493 nominati:
1343 1453 1440 1493 Divo
1456 1455 1603 1494 Iuliano

67 1534 71 1538 ι
114 1513 149 1547 et
187 1509 402 1549 Varroniano
433 1509 529 1550 Coss.
559 1510 601 1549 in
632 1511 720 1562 Leg.
750 1524 808 1551 1v.
836 1510 933 1552 Cod.
965 1510 1117 1550 Theod.
1147 1510 1198 1550 de
1227 1510 1431 1551 Jurisdict.

230 1565 328 1617 Pag.
358 1564 455 1609 555.
485 1569 525 1609 8.
582 1563 799 1620 Δᾶστανα]
843 1568 938 1619 Leg.
965 1563 1230 1618 Δαδάστανα,
1274 1567 1478 1619 quomodo
1510 1568 1603 1607 edi-

115 1621 267 1673 dimus,
308 1628 394 1661 tum
432 1636 483 1662 ex
514 1623 612 1662 Cod.
642 1624 770 1664 Vatic.
799 1630 886 1663 tum
926 1637 977 1663 ex
1008 1624 1240 1674 Ammiano,
1275 1624 1427 1663 ‘Joanne
1458 1624 1603 1663 Antio-

116 1678 470 1730 cheno,1datio,
511 1685 551 1719 et
588 1681 691 1722 aliis.
769 1679 827 1722 Τὰ
866 1676 1113 1722 Antoniorum
1153 1680 1276 1721 habet
1311 1681 1602 1733 Philostorgius

115 1736 187 1777 lib.
220 1749 312 1776 vul.
342 1750 430 1788 cap.
460 1750 549 1778 vm.

231 1792 330 1842 Pag
359 1791 456 1837 555.
486 1796 527 1835 9.
588 1790 675 1845 Πρὸ
705 1789 770 1846 ιβ’.
801 1777 902 1834 Koch.
930 1796 1088 1848 Μαρτ.]
1118 1793 1286 1844 Idatius,
1315 1808 1374 1835 x1.
1404 1796 1601 1845 Socrates,

116 1861 204 1902 xm.
231 1849 477 1902 Eutropius,
505 1862 591 1889 xiv.
621 1849 709 1889 Kal.
739 1849 854 1889 Mart.
885 1850 1078 1890 scribunt

232 1905 455 1956 Pag.555.
489 1909 555 1948 10.
615 1906 837 1959 Ρὼμαίων]
868 1907 991 1946 Addit
1020 1907 1250 1946 Holstenius
1280 1904 1355 1960 λη’.

229 1962 328 2002 Ibid.
386 1963 664 2015 Σαλουστίου]
700 1963 738 2002 Is
768 1969 809 2002 et
839 1964 1026 2004 Secundus
1057 1964 1203 2014 dictus,
1234 1964 1386 2004 Consul
1415 1978 1508 2004 cum
1537 1966 1606 2004 Ju-

117 2017 224 2057 liano
254 2032 311 2059 1v.
343 2025 438 2065 erat,
471 2033 562 2058 cum
591 2020 660 2059 ille
689 2019 856 2069 interiit,
892 2028 932 2061 et
959 2021 1191 2060 Praefectus
1221 2021 1428 2061 Praetorio
1457 2022 1604 2061 Gallia-

35 2093 38 2096 ·
117 2089 220 2123 rum,
251 2075 302 2114 de
331 2089 413 2128 quo
443 2077 602 2128 copiose
634 2077 714 2129 egit
745 2077 1040 2118 Gotthofredus
1068 2078 1111 2117 in
1130 2077 1483 2131 Prosopographia
1506 2079 1603 2124 Qod.

116 2131 270 2171 Theod.
299 2138 346 2172 ut
375 2139 416 2171 et
445 2133 652 2172 Lacarrius
686 2134 736 2173 de
769 2135 989 2175 Praefectis
1018 2135 1224 2175 Praetorio
1256 2135 1492 2174 Galliarum.

231 2188 329 2240 Pag·
358 2187 456 2233 555.
488 2193 556 2233 11.
615 2189 698 2231 Καὶ
726 2194 905 2233 παλαιοῦ
931 2191 1181 2244 Πατρικίου]
1209 2189 1274 2230 An
1302 2192 1522 2243 Expatricio
1548 2191 1604 2230 ita

117 2245 316 2297 expressit
344 2246 543 2298 Scriptor,
574 2261 622 2285 an
657 2261 755 2286 vero
785 2246 956 2289 παλαιὸν
990 2248 1151 2301 adjecit,
1178 2254 1226 2287 ut
1253 2263 1274 2286 a
1293 2249 1486 2288 Sallustio
1506 2248 1604 2298 filio,

118 2301 188 2353 qui
219 2301 384 2354 perinde
416 2303 645 2342 Praefectus
677 2304 880 2343 Praetorio
910 2304 998 2354 suit,
1032 2312 1073 2345 et
1103 2305 1152 2343 de
1179 2318 1262 2357 quo
1280 2305 1406 2344 multa
1427 2306 1606 2357 congerit

64 2364 75 2367 ”
118 2359 224 2398 idem
247 2358 552 2410 Gotthofredus‚
582 2360 873 2411 distingueret?
935 2361 1051 2401 Certe
1080 2361 1277 2401 Patricius
1306 2375 1468 2402 rursum
1496 2363 1604 2402 iufra

119 2429 223 2455 anno
255 2428 439 2456 cccnxxx.
465 2417 716 2468 indigitatur.

232 2471 330 2523 Pag.
361 2472 457 2517 555.
488 2477 552 2517 13.
613 2473 902 2527 Σηλυμβρίαν]
941 2475 1000 2513 Ita
1030 2474 1346 2521 emendavimus,
1379 2489 1471 2514 cum
1502 2488 1605 2527 per-

118 2541 255 2580 peram
287 2530 520 2583 Ολυμβρίαν
550 2530 673 2570 editio
703 2530 936 2583 praeferret.
996 2531 1100 2570 Urbs
1131 2537 1334 2572 caeterum
1362 2538 1471 2581 nota,
1503 2545 1604 2583 quae

119 2586 358 2638 Σηλυμβρία
379 2592 418 2625 et
434 2588 643 2641 Σηλυβρία
664 2587 939 2641 Scriptoribus
956 2587 1187 2641 promiscue
1207 2588 1378 2627 dieitur:
1408 2588 1458 2627 de
1486 2588 1604 2641 cujus

121 2641 339 2682 conditore
378 2643 435 2682 ita
468 2645 639 2696 Symeon
670 2643 890 2714 Logotheta
927 2644 970 2683 in
1001 2643 1148 2685 Chron.
1179 2645 1261 2683 MS.
1289 2644 1500 2698 Σηλυβρία
1527 2647 1604 2686 τοῦ

121 2701 201 2739 τῶν
231 2701 404 2751 Θρακῶν
432 2700 652 2750 Βασιλέως,
694 2698 783 2753 ἥτις
812 2697 944 2753 αὐτην
974 2699 1130 2755 ᾤκισεν.
1189 2700 1442 2740 Holstenius:
1473 2705 1601 2742 Σολυ·

123 2755 242 2807 βρίαν
267 2755 357 2804 hic,
401 2763 440 2795 et
469 2753 548 2798 eino
581 2759 808 2812 Σολυβρίας
837 2759 943 2797 infra
970 2744 1091 2809 l‘egit‚
1130 2757 1200 2796 sed
1231 2758 1347 2799 male.
1408 2758 1601 2797 Describit

123 2812 333 2863 Sponius
322 2826 363 2850 m
394 2812 560 2853 Miscell.
591 2814 783 2853 Eruditae
813 2815 1006 2867 Antiquit.
1032 2814 1373 2871 inscriptionem
1362 2829 1402 2853 111
1424 2815 1599 2867 ejusdem

66 2887 77 2893 -
123 2867 233 2907 urbis
261 2869 385 2907 muris
414 2877 625 2922 repertam,
658 2885 760 2924 quae
782 2872 901 2911 docet
925 2873 1067 2912 urbem
1093 2873 1366 2922 instauratam,
1397 2871 1598 2921 Micha'ele,
