1884 3262
470 185 529 228 IN
563 177 892 230 CHRONICON
924 186 1213 230 PASCHALE.
1472 186 1574 234 297

110 294 181 333 ubi
203 293 252 333 de
269 307 367 333 Lxx.
386 294 688 347 Interpretibus.
747 295 1000 339 Ammianus:
1029 298 1158 337 Insula
1176 297 1333 346 Pharos,
1363 298 1427 336 ubi
1443 299 1574 337 Protea

110 364 185 390 cum
204 352 400 391 Phocarum
413 355 582 403 gregibus
601 353 816 392 diversatum
833 353 1009 393 Homerus
1018 355 1213 406 fabulatur
1228 353 1412 406 inflatius.

221 407 316 458 Pag·
346 411 442 451 363.
475 413 540 452 17.
600 406 693 450 Από
718 410 862 462 μιλίων
883 407 954 462 δ’.]
985 412 1167 464 Spatium
1192 410 1301 450 istud
1327 410 1434 450 inter
1447 411 1574 451 eonti-
1597 415 1627 450 P
1650 416 1720 452 520

107 469 265 503 nentem
292 471 331 503 et
355 465 526 504 insulam
554 465 694 514 Phari,
725 480 844 518 quam
880 468 1038 520 Φαρὶαν
1067 474 1190 507 vocat
1221 466 1469 520 Epiphanius
1501 469 1579 509 lib.

108 521 157 559 de
174 521 348 564 Mensur.
372 529 412 561 et
432 522 601 563 Ponder.
619 523 889 574 interjectum,
925 522 1214 578 Τετραστᾶδιον
1232 531 1381 563 vocant
1398 524 1576 578 Scripto-

105 591 194 625 res,
226 583 344 630 atque
363 579 403 617 in
425 579 474 617 iis
499 581 685 630 Tzetzes,
714 579 1016 633 Heptastadium
1034 595 1132 620 vero
1152 582 1406 628 Ammianus,
1436 588 1482 620 ut
1505 582 1575 621 Jo-

105 633 253 686 sephus
284 641 325 675 et
355 636 522 687 Strabo,
552 634 835 678 Επταστάδιον
866 640 990 690 χῶμα.
1049 638 1112 676 Ex
1142 638 1287 690 quibus
1311 639 1516 690 colligitur
1532 640 1576 677 in

104 691 184 729 hoc
202 691 392 731 chronici
411 693 526 744 loco,
558 701 597 733 et
617 693 725 746 apud
745 694 966 733 Cedrenum
987 700 1025 734 et
1046 697 1282 746 Symeonem
1303 695 1574 746 Logoffletam,

104 747 274 788 milliare
300 763 376 801 pro
400 750 530 789 stadio
560 751 771 803 usurpari,
802 765 895 789 cum
914 751 1010 790 alias
1030 752 1200 791 milliare
1223 758 1314 790 octo
1335 752 1463 791 stadia
1484 767 1576 791 con-

105 804 250 855 lineat,
278 812 325 844 ut
358 813 496 845 notum
528 808 678 859 pueris.
738 808 884 847 Caesar
898 808 969 847 lib.
990 822 1051 849 111.
1071 809 1121 848 de
1140 809 1253 848 Bello
1277 809 1409 859 civili,
1437 823 1574 848 nce-cc.

103 875 293 913 passuum
314 862 560 913 longitudine
578 864 703 903 fuisse
721 871 904 904 testatur.

217 919 312 969 Pag·
341 922 436 962 363.
470 923 538 963 19.
596 921 805 974 Εποίησεν
822 921 852 975 ἦ
868 918 1132 976 Κλεοπάτρα]
1158 922 1257 963 cod.
1277 922 1404 962 Vatic.
1422 921 1452 975 ἦ
1472 918 1575 976 αὐτή

102 976 250 1015 Κλεοπ.
281 1006 290 1015 .
321 1007 331 1015 .
465 995 468 998 ’

215 1032 311 1083 Pag·
339 1035 436 1076 363.
466 1037 534 1076 20.
592 1033 800 1086 Κνηδίου]
827 1034 886 1073 Ita
915 1034 1165 1087 reposuimus
1192 1048 1242 1072 ex
1264 1034 1362 1073 cod.
1387 1034 1513 1074 vatic.
1535 1041 1574 1073 et

101 1089 373 1141 Scriptoribus
410 1091 615 1141 omnibus,
661 1105 752 1130 cum
789 1105 1000 1144 perperam
1043 1091 1195 1129 editum
1229 1098 1333 1131 esset
1375 1092 1572 1144 Κνησίου.

100 1144 304 1184 Rhodium
332 1146 579 1199 Diophanem
602 1147 707 1187 dixit
726 1149 897 1187 Joannes
919 1149 1084 1187 Tzetzes
1104 1147 1206 1186 Chil.
1226 1162 1291 1187 111.
1309 1162 1347 1190 v.
1365 1150 1432 1190 26.
1454 1162 1574 1199 quem

99 1207 231 1240 tamen
253 1202 424 1245 Chi1.v1.
448 1218 488 1243 v.
509 1206 602 1247 194.
626 1202 809 1258 Κνήδιον
829 1207 950 1244 fuisse
968 1205 1160 1257 agnoscit.
1190 1204 1314 1255 Infra,
1335 1219 1410 1258 pro
1429 1201 1572 1258 χθόνα,

102 1258 197 1297 Cod.
222 1259 351 1300 vatic.
373 1264 516 1311 χθῶνα
533 1261 641 1311 legit.

212 1316 307 1367 Pag·
336 1318 435 1359 364.
465 1317 505 1358 5.
563 1319 790 1371 Σωσιβίου]
822 1318 880 1356 Ita
900 1317 996 1357 cod.
1018 1318 1199 1358 Vatican.
1220 1318 1423 1371 Σωσίβιος
1439 1319 1576 1369 legen-

98 1371 195 1410 dum
225 1373 408 1411 censebat
438 1374 500 1412 vir
531 1374 699 1424 doctus,
730 1375 844 1427 quasi
872 1374 915 1412 id
942 1373 1051 1425 quod
1083 1380 1271 1413 narratur
1298 1376 1332 1413 is
1353 1375 1572 1426 scripserit.

64 1480 78 1483 s
99 1429 195 1467 Tres
229 1428 309 1468 hoc
340 1431 516 1480 nomine,
555 1431 624 1470 sed
653 1432 721 1483 qui
751 1438 842 1473 ante
866 1430 966 1469 haec
993 1437 1172 1483 tempora
1201 1432 1363 1482 vixere,
1391 1438 1575 1470 recenset

98 1485 260 1524 Suidas:
293 1487 483 1536 alterum,
513 1487 588 1525 nisi
620 1502 668 1527 ex
694 1489 743 1526 iis
770 1490 846 1533 sit,
878 1489 1071 1526 Laconem
1099 1487 1141 1525 in
1171 1487 1499 1540 chronographia
1522 1488 1574 1527 de

97 1541 262 1582 Homeri
286 1549 413 1582 aetate
441 1545 622 1584 Clemens
649 1545 719 1585 lib.
744 1559 773 1585 1.
802 1548 992 1586 Stromat.
1016 1551 1063 1583 ut
1085 1545 1284 1584 Sosibium
1310 1545 1433 1583 alium
1454 1544 1577 1584 Athe-

96 1613 220 1638 naeus
233 1600 413 1640 laudant.

211 1657 307 1707 Pag·
337 1658 432 1700 364.
465 1661 530 1700 11.
592 1660 759 1712 Πρῶτος
777 1656 928 1712 ἐγένετο
950 1654 1203 1711 Μονοῖρχης]
1236 1659 1326 1706 Qua
1349 1659 1390 1698 in
1414 1665 1573 1698 senten-

98 1712 154 1750 tia
173 1719 233 1751 est
255 1714 444 1763 Orosius,
475 1715 544 1765 qui
561 1715 854 1767 Imperatorum
877 1715 1021 1754 seriem
1040 1715 1088 1754 ab
1115 1715 1296 1766 Augusto
1319 1716 1491 1755 orditur.

212 1770 310 1820 Pag.
340 1770 436 1813 364.
473 1776 538 1814 12.
605 1773 639 1815 O
669 1771 923 1825 Κλαυγῖνος]
953 1772 1012 1810 lta
1038 1772 1216 1824 praefert
1246 1772 1382 1812 Codex
1409 1773 1573 1812 Vatica-

96 1839 192 1876 nus,
222 1827 379 1865 tametsi
401 1841 483 1866 non
512 1828 611 1866 citra
638 1829 840 1867 mendum.
898 1829 938 1866 Si
967 1842 1222 1868 nummorum
1246 1829 1414 1882 Augusti
1439 1837 1573 1868 atten-

97 1882 245 1922 dantur
268 1883 554 1936 Inscriptiones
567 1917 577 1935 ,
610 1892 728 1923 erunt
758 1886 927 1924 fortasse
956 1886 1026 1937 qui
1045 1900 1118 1937 pro
1141 1885 1216 1924 hac
1236 1899 1358 1936 voce,
1390 1901 1491 1938 quae
1511 1887 1573 1924 ni-

96 1938 157 1977 hil
190 1947 328 1988 sonat,
359 1940 570 1991 legendum
599 1942 750 1990 velint,
782 1941 807 1983 ὅ
838 1943 957 1982 θείου
991 1940 1098 1992 vitis,
1129 1943 1483 1995 De'vz‘filiusnnam
1513 1943 1571 1982 sic

96 1997 246 2049 passim
265 1999 307 2038 in
333 1997 495 2036 Graecis
514 1998 766 2037 inscribitur:
796 2001 1179 2039 ATTOKPATSZP
1194 2002 1408 2040 ΚΑΙΣΑΡ
1422 2002 1578 2040 ΘΕΟΤ

103 2055 243 2092 ΤΙΟΣ.
298 2055 343 2093 In
376 2054 526 2092 Latinis
554 2068 651 2094 vero
679 2061 719 2094 et
743 2055 786 2093 in
808 2056 936 2094 Fastis
959 2055 1214 2107 Capitolinis,
1245 2057 1352 2098 IMP.
1374 2058 1585 2095 CAESAR·

95 2108 206 2148 DIVI
222 2110 265 2149 F.
284 2111 565 2150 AUGUSTUS.
627 2112 717 2160 Quo
738 2119 923 2164 spectant
939 2113 1014 2151 ista
1035 2113 1241 2151 Censorini
1260 2108 1346 2166 ca‘p.
1360 2127 1448 2151 xxi.
1505 2114 1571 2152 Ex

97 2171 178 2205 ante
197 2168 288 2206 diem
306 2182 394 2207 xw.
416 2168 502 2206 Kal.
522 2168 716 2207 Februarii
730 2170 928 2220 Imperator
946 2169 1080 2208 Caesar
1099 2170 1146 2208 D.
1161 2170 1205 2208 F.
1226 2173 1402 2209 sententia
1419 2171 1468 2208 L.
1480 2171 1572 2208 Ma-

95 2227 196 2262 mcii
224 2224 356 2264 Planci
380 2238 405 2263 a
428 2224 567 2263 Senatu
597 2228 812 2276 caeterisque
840 2228 975 2264 civibus
999 2227 1186 2276 Augustus
1214 2228 1418 2280 appellatus
1435 2232 1507 2276 est,
1536 2242 1572 2266 se

96 2293 168 2318 vn.
196 2285 229 2318 et
257 2281 316 2319 M.
358 2281 525 2331 Vipsania
545 2282 711 2333 Agrippa
740 2282 834 2321 Coss.
892 2286 946 2320 At
973 2283 1161 2322 Petavius
1190 2284 1260 2323 lib.
1280 2298 1324 2325 x.
1355 2284 1404 2322 de
1434 2285 1570 2323 Doctr.

96 2337 233 2389 Temp.
262 2351 350 2389 cap.
375 2350 474 2376 Lxx.
508 2336 759 2390 Οκταβιανός
786 2339 999 2390 legendum
1027 2347 1182 2379 censet:
1211 2355 1330 2393 quam
1357 2341 1572 2393 conjectu-

97 2407 184 2432 ram
222 2394 431 2446 amplexus
464 2401 522 2432 est
552 2393 577 2434 o‘
603 2396 825 2448 μακαρίτης
856 2396 1007 2434 amicus
1033 2403 1170 2436 noster
1198 2398 1366 2436 loannes
1393 2398 1570 2450 Baptista

98 2450 318 2489 Cotelerius
337 2457 430 2490 tom.
449 2465 510 2491 ιιι.
530 2451 776 2490 Monument.
797 2452 908 2490 Eccl.
930 2452 1006 2491 Gr.
1061 2453 1175 2501 Quae
1197 2455 1357 2506 quidem
1382 2469 1428 2493 eo
1446 2468 1569 2493 vero-

99 2506 286 2557 similior,
316 2520 397 2559 quo
426 2506 596 2560 hujusce
616 2507 813 2559 *Chronici
844 2508 1027 2560 Scriptor
1058 2510 1282 2561 Augustum
1306 2512 1388 2550 fere
1413 2523 1570 2562 semper

101 2563 339 2602 Octavianum
367 2563 566 2614 indigitat:
596 2565 753 2603 tametsi
777 2578 974 2617 nusquam
999 2565 1055 2603 ita
1082 2567 1326 2618 appellatum
1349 2567 1455 2620 apud
1473 2569 1570 2605 Sue·
1595 2576 1628 2611 v
1651 2575 1719 2615 435

98 2619 274 2668 tunium,
312 2620 518 2671 Tacitum,
556 2621 773 2670 Velleium‚
801 2622 985 2670 Florum,
1018 2621 1198 2673 aliosque
1228 2623 1357 2662 eidem
1386 2624 1566 2674 Augusto

100 2689 292 2727 suppares
323 2676 574 2728 ScriptoreS,
605 2692 772 2730 prorsus
798 2685 978 2718 constet:
1008 2693 1030 2717 a
1061 2678 1208 2731 quibus
1241 2680 1440 2729 octavius,
1469 2686 1515 2719 ut
1543 2694 1565 2718 a

100 2731 226 2770 Dione
249 2729 470 2782 Οκταούιος
486 2736 712 2786 nuncupari
730 2735 850 2783 solet²
872 2737 1094 2774 Octavianus
1112 2741 1242 2774 autem
1262 2751 1284 2774 a
1305 2735 1470 2775 caeteris
1495 2737 1566 2789 qui

101 2786 289 2839 deinceps
327 2789 545 2840 scripsere,
593 2791 770 2841 Juliano,
811 2792 929 2831 Festo
968 2792 1094 2842 Rufo,
1132 2793 1356 2845 Eutropio,
1394 2799 1564 2845 utroque

101 2843 284 2893 Victore,
313 2844 490 2898 zosimo,
519 2846 705 2900 Vegetio,
736 2850 948 2902 Semtore,
976 2848 1187 2902 Freculfo,
1218 2855 1258 2890 et
1287 2848 1373 2889 aliis
1401 2851 1562 2904 passim.
