1820 3276
473 211 532 253 IN
566 210 894 254 CHRONICON
927 210 1216 254 PASCHALE.
1474 208 1574 256 469

107 318 282 372 Corippo
312 317 393 356 dici
420 323 657 370 reparatorem
685 323 793 372 opina·
817 323 984 370 nominis,
1028 320 1098 371 qui
1134 320 1224 361 cos.
1260 319 1459 373 processit
1486 321 1576 360 Kal.

103 375 279 415 anuarii
318 375 542 426 Imperator
578 377 824 428 appellatus,
863 384 908 416 ut
946 377 1001 416 ait
1031 378 1244 430 corippus,
1302 376 1473 416 Proinde
1502 391 1575 417 ex-

103 431 316 484 pungenda
346 431 556 470 videretur
586 432 686 471 haec
721 434 950 473 Consularis
979 441 1097 483 nota,
1128 433 1492 486 scribendumque,
1528 441 1575 473 ut

102 489 211 542 apud
251 488 581 528 Continuatorem
619 489 864 537 Marcellini,
906 491 976 542 qui
1013 491 1053 529 in
1090 490 1198 529 hunc
1228 504 1377 529 annum
1414 491 1574 541 desinit,

103 551 144 584 et
171 545 342 584 Marium
371 545 697 595 Aventicensem,
729 546 773 584 P.
793 547 832 586 C.
853 547 993 585 Basilii
1007 561 1105 586 xxv,
1129 547 1211 587 Ind.
1228 561 1313 586 xiv.
1374 548 1452 586 Sed
1482 561 1575 587 cum

100 601 366 640 sastinianum
396 602 609 641 decessisse
638 617 770 642 mense
799 604 1015 643 Novembri
1042 604 1219 656 ejusdem
1243 604 1497 654 Indicfionis,
1528 619 1574 643 ac
1599 652 1602 656 .

100 658 273 711 proinde
305 659 343 697 P.
375 658 418 698 C.
450 659 586 697 Basilii
616 672 730 698 xxw.
762 674 864 699 anno
896 660 987 699 Chr.
1017 675 1139 702 uva.
1169 660 1330 700 tradant
1359 659 1573 713 Theopha-

100 729 193 763 nes,
226 717 398 766 Symeon
427 714 666 765 Logotheta,
705 723 746 755 et
775 717 927 768 aliquot
956 718 1042 768 alii,
1071 718 1115 756 in
1143 731 1310 770 eamque
1339 718 1576 757 sententiam

101 778 192 811 eant
224 772 431 823 plaerique
464 786 514 810 ex
543 772 851 812 eruditioribus:
881 781 1018 812 contra
1050 789 1170 826 quam
1191 776 1344 813 Auctor
1373 774 1576 823 Chronici,

99 829 270 867 ,loannes
310 829 591 878 Biclariensis,
633 836 671 868 et
710 830 859 869 Marius
898 831 1188 879 Avenficensis,
1237 831 1308 883 qui
1344 831 1386 869 in
1426 845 1576 870 annum

99 892 328 937 sequentem
369 884 454 937 ejus
493 886 646 925 obitum
685 888 888 934 reserunt3
935 887 1151 926 admodum
1196 901 1295 926 vero
1334 894 1394 926 est
1432 889 1573 936 simile,

99 943 296 980 ,lustinum
335 941 539 980 Juniorem
578 942 803 993 Augustum
842 943 910 982 hic
947 944 1117 995 intelligi
1147 944 1314 993 debere,
1353 958 1435 982 non
1466 946 1575 997 quod

99 998 319 1038 secundum
351 998 500 1037 Consul
529 1006 615 1038 tum
646 1001 788 1050 suerit,
832 1000 1036 1051 (absurda
1068 1001 1175 1040 enim
1205 1014 1372 1054 prorsus
1402 1000 1470 1039 hic
1500 1002 1574 1040 de-

99 1055 249 1107 scripta
280 1055 372 1093 anni
401 1061 517 1105 nota,
551 1069 643 1095 cum
675 1071 758 1096 vox
788 1055 906 1110 μετὰ,
950 1059 1208 1097 Consulatum
1236 1057 1359 1096 alium
1390 1071 1575 1109 praeces-

99 1113 197 1152 sisse
226 1110 405 1166 indicet)
447 1113 519 1151 sed
558 1113 668 1164 quod
709 1115 862 1166 primus
899 1114 1008 1153 illius
1046 1114 1210 1167 Imperii
1244 1115 1383 1164 fuerit,
1420 1115 1575 1154 tametsi

97 1172 246 1209 rectius
285 1169 514 1221 appositum
555 1169 717 1220 suisset,
757 1169 854 1222 μετιὶ
900 1175 971 1211 Τπ.
1010 1172 1222 1212 Βασιλείου
1255 1168 1300 1212 τὸ
1335 1168 1402 1211 κε’.
1432 1170 1573 1223 μόνου,

99 1226 169 1279 qui
198 1226 394 1276 genuinus
423 1232 482 1264 est
509 1225 624 1264 istius
654 1227 746 1265 anni
775 1227 1126 1275 characterismus,
1163 1234 1209 1266 ut
1245 1234 1304 1266 est
1333 1228 1441 1279 apud
1472 1229 1572 1266 Con-

96 1284 341 1322 tinuatorem
382 1283 601 1321 Marcellini
643 1290 681 1322 et
720 1284 911 1323 Marium:
951 1285 1088 1323 nullus
1127 1285 1228 1323 enim
1271 1299 1317 1323 eo
1348 1298 1451 1323 anno
1487 1285 1575 1323 Cos.

96 1340 196 1390 fuit,
226 1340 294 1377 sed
326 1353 430 1376 anno
462 1340 619 1377 demum
649 1354 804 1380 Μαίνῃ.
840 1341 923 1382 ind.
948 1355 1015 1379 xv.
1047 1341 1133 1379 Kal.
1162 1342 1245 1379 Jan.
1274 1341 1453 1379 Justinus
1484 1342 1574 1379 Cos.

96 1397 316 1449 processit,
351 1402 395 1434 ut
421 1409 517 1434 mox
546 1396 756 1436 docemus:
786 1413 807 1436 a
839 1411 918 1449 quo
951 1397 1111 1450 quidem
1143 1412 1232 1436 cum
1264 1398 1356 1435 anni
1384 1397 1574 1449 deinceps

96 1454 204 1492 illius
235 1453 499 1502 Consulatus,
530 1467 607 1492 non
639 1460 771 1492 autem
799 1455 978 1507 imperii,
1011 1455 1214 1493 interdum
1239 1461 1498 1505 putarentur,
1529 1454 1574 1492 id

95 1509 324 1563 plaerisque
353 1509 534 1548 fraudem
566 1511 680 1560 fecit,
721 1525 811 1549 cum
842 1512 1011 1550 eundem
1043 1526 1126 1550 esse
1155 1511 1316 1563 imperii
1347 1518 1387 1549 et
1417 1511 1573 1549 Consu-

94 1568 200 1606 latus
239 1566 500 1605 annumsibi
539 1566 580 1605 in
626 1567 801 1606 animum
843 1569 1093 1607 inducerent.
1155 1569 1266 1607 Alius
1306 1567 1458 1620 quippe
1494 1567 1576 1606 fuit

95 1623 282 1675 Imperii,
325 1623 426 1661 alius
461 1624 726 1671 Consulatus:
769 1638 860 1663 nam
886 1638 1031 1664 annum
1061 1639 1088 1663 1.
1119 1624 1282 1677 Imperii
1314 1638 1419 1662 anno
1449 1638 1572 1662 anv.

95 1694 228 1719 mense
268 1679 483 1718 Novembri
524 1681 616 1719 iniit
655 1681 855 1730 Justiuus,
899 1689 943 1721 ut
973 1682 1182 1720 docuimus
1211 1682 1252 1720 in
1281 1680 1457 1719 Familiis
1486 1681 1574 1732 By-

95 1744 199 1776 zant.
235 1737 359 1788 idque
401 1743 510 1789 patet
549 1751 599 1776 ex
637 1738 930 1790 subscriptione
958 1739 1150 1777 Novellae
1179 1737 1359 1788 ejusdem
1392 1737 1572 1787 Augusti,

104 1794 154 1833 Ut
182 1795 293 1846 possit
321 1806 365 1832 ex
395 1808 557 1832 consensu
587 1795 736 1833 dissolvi
749 1798 1022 1843 matrimonium,
1053 1809 1155 1846 quae
1176 1796 1268 1834 data
1289 1794 1438 1833 dicitur
1454 1806 1573 1832 xvm.

97 1851 185 1890 Kal.
219 1851 360 1888 Octobr.
390 1864 484 1889 aimo
502 1865 528 1889 1.
559 1851 691 1890 Indict.
719 1865 788 1890 xv.
819 1866 924 1891 anno
954 1852 1105 1890 scilicet
1132 1865 1270 1890 nrxvt.
1301 1851 1411 1889 nulla
1441 1849 1573 1888 adhuc

99 1908 338 1946 Consulatus
367 1906 473 1946 facta
503 1909 719 1956 mentione,
751 1922 869 1959 quem
899 1915 1110 1961 postquam
1139 1908 1250 1956 iniit,
1278 1921 1383 1946 anno
1419 1907 1574 1945 scilicet

96 1978 252 2003 Dvau.
285 1970 331 2002 ut
362 1963 560 2014 diximus,
601 1972 684 2003 tum
728 1965 838 2003 illius
874 1966 1112 2004 Consulatus
1147 1966 1347 2004 numerari
1389 1977 1572 2016 coepere.

97 2021 159 2060 Ad
199 2020 310 2058 hunc
349 2035 472 2073 porro
510 2021 719 2060 ,lastiniani
759 2035 903 2060 annum
944 2036 1089 2061 xxxix.
1138 2022 1311 2074 pertinet
1357 2020 1572 2072 Inscriptio

98 2079 236 2117 Pontis
266 2077 408 2116 Salarii
439 2077 550 2131 apud
579 2079 741 2117 Gruter.
772 2093 877 2118 (mxl.
908 2093 938 2119 1.

213 2137 307 2184 Pag-
336 2137 434 2178 688.
462 2137 500 2177 3.
562 2131 655 2188 ια’.]
702 2137 754 2174 De
794 2135 906 2174 annis
946 2135 1107 2186 imperii
1146 2134 1289 2173 Justini
1326 2132 1406 2183 egit
1446 2133 1570 2171 Hznr.

96 2191 278 2230 Valesius
310 2191 362 2229 ad
389 2192 604 2243 Evagrium
633 2192 700 2230 lib.
727 2206 763 2232 v.
797 2206 886 2244 cap.
918 2205 1037 2230 xxiii.
1098 2191 1178 2230 Nos
1209 2190 1327 2229 etiam
1359 2191 1400 2228 iu
1431 2189 1571 2228 Famil.

96 2247 264 2301 Byzant.
296 2260 381 2299 pag.
411 2250 480 2290 99.

210 2304 308 2344 Ibid.
366 2307 431 2344 Ην
459 2302 503 2344 δὲ
534 2303 642 2359 ἰδέᾳ]
673 2303 773 2342 Vide
804 2304 1025 2342 Cedrenum
1056 2317 1160 2342 anno
1191 2317 1218 2341 1.
1248 2301 1471 2342 Justiniani.

215 2363 308 2411 Pag.
338 2363 434 2403 688.
467 2361 506 2403 4.
568 2358 686 2401 Μετοῖ
720 2363 794 2400 Υπ.
827 2361 1036 2401 Ιουστίνου
1064 2360 1159 2401 νέου
1178 2355 1279 2413 Αὕγ.
1306 2355 1464 2412 μόνου]
1497 2358 1568 2396 De-

96 2416 215 2457 lenda
242 2416 452 2456 videretur
480 2415 580 2456 haec
606 2430 690 2456 vox
720 2414 838 2468 μετοέ,
877 2417 954 2455 nisi
991 2423 1083 2469 post
1112 2416 1345 2467 abrogatum
1382 2429 1402 2452 a
1442 2414 1570 2452 Justi-

98 2475 217 2513 niano
247 2474 527 2523 Consulatum,
565 2473 704 2512 eadem
733 2474 907 2512 formula
935 2474 1122 2526 deinceps
1150 2473 1235 2512 fere
1269 2485 1425 2524 semper
1463 2471 1569 2520 lega-

98 2537 166 2570 tur
205 2530 436 2570 obtinuisse.
484 2531 573 2569 Hoc
611 2530 717 2569 enim
756 2543 860 2568 anno
897 2537 982 2569 tum
1023 2532 1195 2582 primum
1227 2528 1438 2568 Consulem
1467 2538 1570 2577 pro-

98 2587 263 2627 cessisse
298 2586 418 2626 docet
455 2587 671 2626 Panvinius
710 2601 761 2625 ex
798 2587 924 2626 Fastis
962 2587 1180 2627 Maffeianis
1206 2586 1289 2638 squi
1315 2585 1369 2623 ita
1398 2582 1567 2620 habent:

97 2645 201 2683 Anno
240 2644 388 2682 secundo
422 2645 564 2683 Iustino
603 2645 749 2682 Juniore
786 2645 949 2695 Augusto
988 2647 1141 2696 primum
1177 2643 1250 2681 solo
1287 2641 1363 2679 Cos.
1423 2638 1501 2676 Sed
1530 2644 1570 2676 et

97 2700 268 2754 ipsemet
306 2699 458 2739 Auctor
495 2701 687 2740 Chronici
723 2700 765 2738 id
802 2701 898 2741 satis
934 2701 1090 2745 innuit.
1131 2699 1227 2738 dum
1268 2697 1316 2735 ab
1354 2694 1435 2733 hoc
1463 2707 1567 2733 anno

100 2763 313 2808 sequentes
345 2757 673 2797 Postconsulatus
702 2763 845 2810 putat,
873 2771 1045 2809 cumque
1072 2756 1250 2795 Justinus
1280 2765 1404 2791 annos
1433 2750 1569 2803 Impe-

100 2813 151 2851 rii
180 2827 203 2851 a
232 2813 363 2866 primo
394 2827 466 2852 suo
497 2815 719 2854 Consulatu
741 2820 886 2867 putare
914 2813 1101 2866 deinceps
1134 2809 1331 2862 coeperit,
1362 2807 1472 2860 quod
1501 2814 1570 2846 te-

101 2874 228 2908 statur
257 2870 458 2922 Corippus
484 2871 554 2911 lib.
586 2885 641 2912 iv.
673 2885 710 2910 n.
738 2885 797 2909 xl.

1601 719 1726 758 v543
