1884 3262
672 225 1086 270 PRAEFATIO.
1554 234 1617 279 21

149 338 338 388 Senator,
370 351 461 376 cum
488 337 586 376 dixit
603 337 665 392 ¹):
709 338 868 377 Habent
897 341 1012 379 etiam
1038 351 1129 394 post
1157 351 1411 391 tractatores,
1448 340 1620 381 diversos

148 392 334 433 relatores
360 404 574 446 temporum
598 393 729 433 studia
750 393 996 446 Christiana,
1025 399 1094 451 qui
1121 397 1400 437 Ecclesiastico
1421 399 1618 451 gravitate

148 451 375 503 compositi,
415 466 485 503 per
519 450 803 490 vicissitudines
834 468 983 502 rerum,
1021 452 1374 508 mutabilitatesque
1398 469 1616 507 regnorum,

146 504 272 544 lacteo
301 505 479 558 quidem,
519 505 587 545 sed
619 509 843 547 cautissimo
881 510 1006 546 nitore
1046 508 1265 550 decurrunt.
1302 536 1306 539 >
1335 509 1414 562 Qui
1440 525 1527 549 cum
1556 526 1616 549 res

144 560 448 602 Ecclesiasticus
475 562 669 618 rff'erant,
705 573 740 601 et
777 563 1062 603 vicissitudines
1090 564 1313 605 accedentes
1344 582 1414 618 per
1441 576 1616 619 tempor-a

147 615 301 656 diversa
322 617 564 667 describant,
592 635 739 658 necesse
767 630 821 658 est
849 630 890 658 ui
915 636 1047 659 sensus
1071 619 1277 673 legentium
1306 621 1417 661 rebus
1440 621 1614 661 caelesti-

21 665 36 731 ’ζ
73 694 77 698 ·
147 672 218 712 bus
249 690 394 728 semper
421 673 620 722 erudiant,
650 674 808 728 quando
839 675 942 714 nihil
967 675 1022 714 ad
1035 676 1235 730 fortuitos
1265 693 1403 728 casus,
1435 677 1538 716 nibil
1559 677 1615 716 ad

145 729 317 768 Deorum
347 740 555 783 potestates
598 733 798 785 infirmas,
837 743 880 771 ut
912 730 1080 771 Gentiles
1105 732 1315 788 ficerunt,
1356 733 1426 772 sed
1449 733 1613 773 arbitrio

148 783 342 826 Creatoris
361 785 563 839 applicare
581 789 769 826 veraciter
790 790 969 826 universa
989 788 1238 829 contendant.
1298 791 1505 829 Caeterum
1529 791 1615 829 lau-

144 841 294 881 dantur
315 858 336 880 a
354 843 510 880 Labbeo
527 842 574 894 2)
608 858 658 882 ex
679 843 923 882 Bibliotheca
947 845 1220 884 Monchaliana
1245 847 1419 885 Tabulae
1446 847 1615 885 Pascha-

142 899 201 937 les
217 899 426 951 Hippolyti
450 900 679 938 Portuensis
702 901 887 953 Episcopi
909 902 1059 940 Graece
1079 909 1117 941 et
1138 903 1274 941 Latine
1296 917 1386 942 cum
1412 904 1490 942 vita
1507 904 1612 956 ejus·
1637 898 1670 933 V
1698 900 1739 933 ll

143 954 234 993 dem
265 956 475 1008 Hippolyti
505 970 553 994 ex
580 957 682 995 libro
717 958 849 996 Sancti
882 958 1110 1010 Hieronymi
1143 960 1312 1010 Graece,
1353 966 1390 999 et
1418 974 1615 999 commen-

141 1012 246 1050 tario
278 1012 415 1050 italico
446 1014 599 1052 recenti
629 1028 748 1052 manu
778 1015 819 1052 in
846 1015 1001 1053 easdem
1032 1016 1201 1055 tabulas.
1268 1017 1348 1055 Sed
1375 1031 1423 1054 an
1454 1015 1527 1054 hae
1549 1023 1613 1054 ta-

140 1068 260 1107 bulae
283 1069 443 1107 eaedem
469 1070 547 1108 sint
573 1083 662 1108 cum
695 1070 833 1119 edita,
867 1071 983 1123 cujus
1012 1073 1283 1123 meminimus,
1313 1072 1423 1111 haud
1453 1073 1614 1111 omnino

140 1125 318 1177 planum.
386 1126 533 1165 Extant
565 1127 739 1175 ejusdem
764 1128 975 1180 Hippolyti
1004 1143 1126 1181 opera
1157 1129 1252 1176 alia,
1285 1136 1370 1168 tum
1396 1131 1436 1167 in
1462 1130 1614 1168 Biblio-

139 1180 256 1220 theca
276 1182 398 1232 Regia
416 1183 523 1221 MSS.
542 1181 588 1232 3)
618 1190 702 1222 tum
729 1185 832 1222 edita
855 1185 1010 1236 pridem
1034 1200 1055 1222 a
1079 1185 1256 1235 canisio,
1287 1186 1546 1234 combefisio,
1578 1194 1616 1224 et

140 1238 251 1277 aliis:
283 1239 476 1290 quaedam
507 1240 645 1278 laudat
667 1247 872 1292 praeterea
894 1242 1103 1293 syncellus
1119 1241 1180 1293 4).
1241 1243 1319 1280 Sed
1348 1243 1398 1281 de
1415 1243 1614 1295 Hippoly=

139 1300 182 1332 to
211 1302 252 1333 et
279 1295 363 1347 ejus
391 1297 549 1348 scriptis
581 1297 846 1335 consulendus
883 1305 1044 1349 praeter
1074 1299 1286 1337 Eusebium
1318 1299 1420 1337 idem
1452 1299 1615 1337 Combe-

138 1350 248 1390 fisius
282 1352 334 1389 ad
364 1352 474 1390 illius
503 1353 653 1391 librum
689 1353 739 1392 de
770 1367 844 1392 ΧΗ.
873 1355 1081 1406 Apostolis
1113 1362 1152 1394 et
1179 1356 1249 1395 lib.
1279 1355 1330 1395 de
1358 1355 1616 1394 Antichristo.

249 1465 356 1503 XVI.
415 1464 501 1502 Hac
521 1466 744 1513 enimvero,
782 1479 900 1517 quam
921 1463 989 1504 hic
1012 1467 1212 1518 attigimus
1239 1468 1440 1513 scribendi
1462 1468 1615 1507 ratione
1626 1469 1706 1510 Qua
1719 1479 1790 1522 ¹1¹?-

137 1519 200 1558 usi
220 1518 266 1574 5)
299 1522 504 1559 Cassianus
537 1529 678 1559 auctor
692 1522 964 1572 Exegeticcfin,
1005 1523 1217 1573 Tatianus‚
1241 1531 1288 1562 ut
1315 1525 1432 1563 etiam
1464 1525 1514 1563 de
1543 1511 1836 1568 illoth⁰d⁰ffu¹¹d

137 1583 306 1615 testatur
331 1584 472 1616 auctor
498 1577 687 1616 chronici
714 1577 936 1628 Paschalis‚
967 1579 1149 1617 Clemens
1170 1581 1483 1631 Alexandrinus,
1514 1571 1774 1641 Hip-cffiffin’

137 1635 324 1685 polytu'8‚
363 1633 608 1686 Theophilus
638 1634 932 1684 Antiochenus‚
972 1635 1100 1674 Julius
1132 1637 1366 1686 Africanus,
1405 1619 1648 1687 EusebiuS,p
1724 1632 1734 1641 ⁹

138 1691 309 1742 Prosper
333 1691 563 1741 Aquitanus,
596 1691 790 1741 Georgius
810 1692 1032 1742 Syncellus,
1063 1698 1103 1730 et
1131 1693 1285 1744 aliquot
1301 1694 1381 1744 alii,
1412 1695 1480 1746 qui
1501 1693 1616 1732 Chri-

139 1747 305 1785 stianam
323 1747 552 1798 religionem
586 1762 667 1785 non
695 1761 778 1786 esse
802 1761 992 1799 nuperam
1015 1747 1054 1797 ἐξ
1077 1745 1332 1801 οἷρχαιότητος
1356 1754 1440 1791 τῶν
1459 1766 1618 1802 προφη-

137 1806 258 1843 τικῶν
285 1801 528 1856 γραμμάτων
554 1804 902 1854 demonstrarunt,
941 1805 1172 1856 Mosemque
1207 1807 1447 1858 praecedere
1472 1807 1617 1859 Troja-

137 1873 234 1898 num
263 1859 408 1898 bellum
438 1874 712 1899 nccccxxvln.
746 1862 858 1898 annis
885 1862 1131 1913 probarunt,
1163 1864 1273 1914 quod
1297 1865 1339 1902 in
1362 1864 1500 1916 primis
1523 1864 1619 1902 fecit

138 1915 388 1967 Theophilus
413 1917 482 1957 lib.
501 1931 560 1955 111.
593 1918 644 1955 ad
665 1918 930 1969 Autolycum,
959 1918 1028 1969 qui
1057 1925 1104 1956 ut
1122 1919 1165 1956 id
1195 1920 1344 1958 certius
1365 1921 1618 1959 demonstra-

138 1979 274 2021 retur,
306 1973 355 2010 ab
375 1973 464 2024 ipso
485 1974 624 2011 mundi
645 1974 811 2012 exordio
830 1975 1085 2026 repetendam
1112 1981 1339 2028 temporum
1366 1977 1509 2016 seriem
1533 1977 1617 2015 exi-

140 2029 346 2067 stimabat:
381 2032 454 2069 Ινα
473 2028 516 2069 δὲ
548 2027 830 2083 ἀκριβεστέραν
851 2027 1086 2084 ποιήσωμεν
1105 2030 1180 2084 τήν
1201 2029 1409 2082 ἀπόδειξιν
1428 2037 1511 2074 τῶν
1528 2049 1619 2073 και-

139 2088 224 2138 ρῶν
243 2086 312 2126 καὶ
326 2081 504 2137 χρόνων,
537 2088 643 2126 Θεοῦ
672 2085 772 2138 ἡμῖν
792 2087 1054 2140 παρέχοντος,
1087 2085 1136 2128 οὕ
1159 2086 1283 2141 μόνον
1310 2088 1359 2130 τοὶ
1385 2087 1482 2142 μετὰ
1498 2106 1619 2130 κατα·

138 2140 316 2194 κλυσμόν
340 2142 611 2195 ἷστορθῦντες,
642 2138 742 2182 ἄλλα
758 2142 827 2182 καὶ
847 2141 896 2183 τοὶ
919 2142 996 2196 πρὸ
1029 2148 1333 2197 κατακλυσμοῦ,
1371 2147 1428 2194 εἰς
1462 2144 1507 2187 τό
1549 2145 1620 2186 καὶ

138 2201 220 2239 τῶν
258 2196 448 2238 ἁπάντων
476 2197 576 2238 κατὰ
615 2197 660 2239 το“
701 2197 873 2239 δυνατόν
914 2201 1040 2240 εἰπεῖν
1079 2200 1179 2253 ’ἦμῐν
1209 2199 1280 2242 τόν
1315 2198 1493 2254 ἀριθμόν
1523 2201 1619 2242 νυνὶ

138 2252 419 2307 ποιησόμεθα,
449 2252 749 2307 ἀναδραμόντες
779 2255 846 2295 ἐπὶ
871 2254 947 2307 τὴν
973 2253 1174 2297 ἀνέκαθεν
1206 2254 1336 2310 ἀρχήν
1363 2261 1436 2310 τῆς
1465 2262 1539 2299 τοῦ
1554 2256 1618 2299 xo-

141 2323 244 2363 σμου
262 2313 424 2359 κτίσεως
443 2309 497 2363 ἢν
517 2308 720 2364 ἆνέγραψε
739 2314 897 2363 Μωσῆς
917 2311 942 2353 o‘
958 2309 1151 2365 θεράπων
1172 2317 1247 2354 τοῦ
1269 2316 1376 2354 Θεοῦ
1398 2312 1617 2355 διοέ-Πνεύ-

141 2383 262 2419 ματος
281 2367 410 2422 ἁγίου.
472 2369 519 2406 Et
542 2369 679 2406 eodem
714 2368 785 2407 lib.
825 2365 885 2407 Οὐ
920 2366 996 2422 γοῖρ
1029 2367 1232 2421 πρόκειται
1261 2369 1361 2423 ἡμῖν
1389 2369 1466 2423 ὕλη
1492 2376 1618 2412 πολυ-

140 2426 301 2477 λογίας,
329 2420 430 2463 ἄλλα
453 2425 508 2471 εἰς
537 2422 583 2465 τό
623 2427 857 2477 φανεροῖσαι
892 2423 967 2477 τὴν
995 2429 1078 2466 τῶν
1105 2423 1258 2479 χρόνων
1286 2423 1366 2468 vind
1390 2430 1618 2480 καταβολῆς

139 2478 293 2534 κόσμου
324 2477 545 2534 ποσότητα,
590 2481 660 2522 καὶ
683 2481 834 2535 ἐλέγξαι
868 2479 944 2534 τήν
978 2484 1273 2534 ματαιοπονίαν
1305 2483 1373 2525 καὶ
1415 2486 1616 2538 φλυαρίαν

187 2665 229 2709 ¹)
255 2664 309 2699 De
332 2663 435 2701 divin.
459 2665 540 2700 lect.
563 2678 592 2700 c.
616 2666 671 2701 22

185 2711 229 2754 ²)
254 2710 342 2755 Pag.
369 2712 446 2746 189.

186 2757 228 2799 ³)
251 2756 364 2790 Codd.
395 2758 496 2792 1828.
521 2758 621 2793 1892.

188 2803 231 2844 ⁴)
256 2802 343 2846 Pag.
366 2804 446 2838 218.
469 2804 548 2838 230.
571 2803 651 2838 358.
696 2802 813 2836 Canis.
836 2806 917 2837 tom.
941 2804 974 2839 5.
999 2807 1070 2837 ant.
1093 2804 1173 2839 lect.

188 2848 230 2890 ⁵)
257 2847 427 2893 Epiphan.
450 2850 546 2882 haer.
570 2850 626 2884 31.
653 2860 686 2883 n.
705 2850 762 2884 33.
810 2849 941 2893 scalig.
964 2849 1009 2882 ad
1032 2850 1172 2883 Graeca
1198 2849 1325 2882 Euseb.
1351 2859 1385 2893 p.
1405 2845 1484 2884 402.
1509 2852 1544 2883 et
1568 2847 1611 2881 ad

235 2892 330 2927 Hier.
356 2905 390 2939 p.
415 2896 448 2931 3.
494 2893 657 2928 Chronic.
682 2895 852 2929 Pascbale
875 2907 909 2941 p.
934 2895 1013 2930 261.
1039 2895 1099 2929 ubi
1122 2894 1165 2928 de
1193 2894 1355 2929 Tatiano.
