1884 3262
449 182 509 225 IN
542 175 871 227 CHROMGON
898 181 1184 226 PASCHALE.
1449 179 1550 229 355

87 291 260 346 Orphito
287 290 377 331 Cos.
405 291 484 330 suit
512 304 616 331 anno
640 293 917 345 praecedenti,
946 300 1066 346 atque
1092 293 1190 333 adeo
1221 303 1272 332 ex
1293 290 1369 331 alia
1387 291 1549 341 familis,

86 348 250 402 conjicit
266 348 479 388 Norisiue'
466 361 510 386 m
532 348 711 417 Epistola
731 351 938 390 Consulari
955 365 997 404 p.
1016 354 1109 394 107.

200 405 296 455 Pag
324 405 420 449 488-
450 403 515 447 14.
574 401 752 459 Μάρκου
773 403 1003 460 Αυρηλίου]
1031 406 1182 445 Idatius
1199 412 1241 446 et
1258 407 1448 457 Senator,
1486 407 1550 447 Ve-

83 472 125 500 ro
146 476 211 501 111.
240 466 274 500 et
305 459 508 505 Quadrato.
566 462 762 515 Prosper,
798 464 883 503 Vero
901 477 958 504 ιν.
1017 463 1095 503 Sed
1115 463 1304 502 hocloco
1323 464 1548 515 legendum,

83 524 130 556 ut
149 518 190 557 in
208 517 337 557 Fastis
355 516 604 567 Savillianis,
633 513 818 560 Λουκίου
844 517 890 560 ‘to'
916 517 965 573 γ’.
1023 520 1062 558 Is
1082 522 1183 559 enim
1206 520 1281 559 fuit
1299 521 1446 560 Lucius
1467 523 1550 561 Au·

82 574 204 614 relius
225 574 375 625 Verus,
406 589 485 613 non
503 588 598 615 vero
618 576 796 615 Marcus:
827 582 947 628 atque
967 578 1019 615 ita
1038 576 1159 616 habet
1177 577 1405 620 panvinius.

198 631 292 682 Pag.
322 633 417 674 483
451 635 516 675 16-
575 632 872 685 Λπρωνιανοῦ]
902 633 1093 674 Sicaldat.
1119 635 1311 685 Prosper,
1343 634 1549 673 Victorius

83 694 133 727 et
156 689 336 727 Senator.
392 687 471 727 Alii
510 689 659 728 Iunium
689 689 890 729 Pontanum
918 690 1116 741 Collegam
1152 690 1384 743 adjungunt.
1440 691 1549 730 Fasti

82 744 288 784 Savilliani
306 744 537 796 Aproniano
556 751 691 784 notam
712 761 760 785 11.
781 746 946 785 addunt.

193 799 415 851 Pag.484.
450 803 487 843 1.
544 798 728 851 Λούκιος
750 798 970 855 Αυρήλιος,
1001 801 1102 854 etc.]
1135 802 1217 842 Sub
1249 803 1421 843 mediam
1448 803 1548 856 hye-

81 870 203 906 mem,
233 863 279 895 ut
308 857 449 896 scribit
468 855 650 899 Galenus
674 859 743 897 lib.
771 859 864 913 περὶ
897 862 971 899 τοῦ
1001 856 1313 912 προγινώσκειν,
1345 866 1385 899 et
1405 860 1475 899 lib.
1497 860 1548 899 de

79 913 248 966 Scriptis
280 913 383 959 suis,
413 926 504 953 cum
531 926 612 954 una
633 927 724 954 cum
747 914 871 955 fratre
891 916 1058 955 Marco·
1047 930 1087 954 m
1102 916 1254 955 bellum
1273 923 1416 956 eontra
1440 918 1548 956 Ger-

78 983 214 1009 manos
237 970 567 1022 proficisceretur.

190 1026 283 1077 Pag.
312 1025 409 1070 484.
437 1031 479 1070 7.
539 1027 755 1081 Mel-itum]
784 1029 848 1068 Ex
884 1028 1031 1070 Chron.
1061 1025 1236 1069 Eusebii.
1293 1028 1396 1069 Vide
1423 1028 1545 1069 Henr.

76 1082 356 1122 Dodwellum
344 1097 387 1122 m
403 1084 688 1125 Dissertatione
705 1086 942 1138 Cyprianica
957 1100 1015 1125 11.
1033 1099 1073 1125 n.
1088 1098 1236 1125 xxxxx.

190 1140 286 1179 Ibid.
344 1140 428 1181 Καὶ
445 1138 766 1196 Απολλινᾶριος]
798 1144 854 1182 De
881 1156 961 1194 quo
989 1141 1094 1181 idem
1122 1141 1345 1182 Eusebius
1333 1155 1375 1180 1n
1395 1140 1543 1182 Chron.

81 1201 122 1235 et
145 1195 214 1236 lib.
233 1209 293 1236 tv.
322 1195 425 1237 Hist.
452 1197 558 1239 Eccl.
585 1210 825 1251 cap.xxv11.
859 1198 928 1238 lib.
951 1211 991 1240 v.
1022 1212 1112 1252 cap.
1129 1213 1218 1239 xxx.
1250 1198 1420 1238 Photius
1445 1199 1544 1241 cod.

0 1266 2 1268 ’
76 1264 166 1294 xxv.
198 1258 244 1292 et
259 1253 338 1292 alii.

192 1312 284 1360 Pag.
310 1307 507 1354 484.14.
565 1305 742 1363 Μάρκος
771 1306 1002 1364 Αὐρήλιος]
1034 1310 1284 1350 Describitur
1314 1310 1413 1350 haec
1440 1310 1545 1364 Epi-

76 1366 178 1405 stola
201 1372 294 1418 post
322 1366 538 1405 secundam
566 1366 710 1406 Justini
739 1365 1000 1433 Apologiam,
1032 1374 1071 1407 et
1102 1368 1150 1407 ab
1185 1365 1357 1407 Eusebio
1387 1368 1543 1410 lib.1v.

75 1423 181 1462 Hist.
205 1422 312 1463 Eccl.
336 1437 423 1475 cap.
442 1436 520 1461 xn.
551 1435 670 1475 quam
698 1423 911 1476 peritiores
929 1424 1065 1464 multis
1087 1425 1135 1464 de
1154 1425 1283 1464 causis
1299 1424 1455 1463 Justino
1476 1424 1545 1463 ab·

73 1471 277 1532 judicant,
307 1479 420 1532 cujus
452 1479 652 1519 variantes
681 1480 872 1520 lectiones
887 1481 955 1519 hic
974 1481 1269 1535 descripsimus
1327 1480 1543 1534 Σέβαστος,

77 1535 191 1576 addit
215 1536 357 1577 Euseb.
386 1532 598 1589 Αρμένιος.
658 1537 828 1587 Deinde,
857 1554 901 1579 το
929 1537 1067 1589 πέντε,
1093 1538 1240 1577 Euseb.
1273 1535 1318 1579 τὸ
1346 1534 1542 1607 πέμπτον.

77 1595 226 1649 Πολλω
244 1589 740 1663 γάρ,Ει18ε1).πολυγᾶρ.
789 1568 950 1642 A'v’vovg
970 1592 1039 1647 μή,
1069 1595 1209 1634 Euseb.
1228 1592 1324 1643 τοὺς
1339 1592 1411 1647 μή.
1464 1590 1543 1636 Av’-

74 1654 180 1700 τοῖς,
195 1634 352 1688 Euseb.
382 1646 543 1698 αὐτούς.
601 1647 904 1718 Εμβοὶλλοντες,
934 1649 1077 1691 Euseb.
1099 1647 1311 1705 ἐμβάλλετε
1330 1652 1542 1705 βεβαιοῦν-

74 1718 152 1754 τες.
212 1706 490 1756 flammam,
523 1705 666 1747 Euseb.
696 1703 941 1760 πειθόμενοι.
1005 1710 1093 1749 Τῶν
1115 1707 1365 1763 γενομένων,
1394 1707 1540 1748 Euseb.

5 1758 7 1762 ’
73 1765 154 1804 τῶν
161 1776 243 1816 γ
272 1759 412 1805 νόνων.
474 1765 546 1803 Οτι
571 1777 669 1816 περ,
703 1765 844 1804 Euseb.
873 1762 970 1806 οταν
988 1778 1075 1818 περ.
1135 1766 1189 1806 Οἱ
1210 1761 1306 1818 μὲν,
1334 1764 1479 1803 Euseb.
1499 1762 1544 1805 οἱ

74 1818 148 1872 μὲν
178 1835 271 1861 ουν.
333 1822 424 1860 Τῶν
458 1819 599 1866 Θεων,
620 1821 763 1859 Euseb.
791 1824 873 1862 ταῖν
901 1835 943 1862 τε
972 1823 1098 1862 Θεῶν.
1155 1824 1363 1893 Αμελεῖξε,
1394 1821 1539 1861 Euseb.

73 1875 203 1927 addit,
231 1874 300 1916 καὶ
318 1879 390 1929 τῆς
405 1875 626 1930 θρησκείας
643 1892 718 1931 περ
721 1876 736 1918 1
753 1875 820 1919 τὸν
842 1874 1073 1919 ἀθάνατον·
1107 1875 1154 1919 ὃν
1171 1876 1223 1930 δη
1238 1875 1336 1926 τούς
1353 1879 1541 1947 Χριστια-

73 1929 184 1981 νούς.
243 1932 419 1985 Οχλοῦν,
449 1933 593 1972 Euseb.
611 1932 814 1986 ἐνοχλοῦν.
874 1933 1146 1989 Προέγραψα,
1176 1934 1318 1976 Euseb.
1341 1930 1457 1990 αντέγ
1459 1949 1541 1989 ρα-

72 1999 149 2040 ψα.
210 1991 265 2037 Ος
280 1992 485 2040 τοιοῦτον,
515 1986 657 2030 Euseb.
675 2005 732 2040 ως
754 1989 819 2044 δη,
844 1997 919 2031 etc.
976 1994 1041 2032 Εν
1060 1991 1224 2047 Εφέσω,
1255 1991 1369 2030 addit
1391 1991 1539 2031 Euseb.

72 2045 116 2087 ἐν
134 2048 193 2102 τῷ
208 2049 334 2102 κοινῷ
349 2049 421 2099 τῆς
438 2022 583 2095 Ᾰσίας.

161 2087 794 2158 Ρας.485.18.11ροετέθη]
824 2103 1014 2143 Formula
1031 2104 1231 2155 vulgaris,
1260 2103 1310 2142 de
1329 2116 1407 2156 qus
1424 2103 1537 2143 Bris-

39 2205 42 2209 .
73 2159 209 2198 eonius
223 2159 278 2197 lib
297 2172 364 2198 111.
384 2159 515 2199 Form.
533 2171 574 2213 p.
597 2160 691 2203 866-
1573 2164 1577 2167 ’

187 2219 280 2266 Pag.
310 2214 407 2259 486.
439 2221 478 2259 2.
538 2219 582 2256 H
600 2219 679 2257 τῶν
698 2215 962 2270 ἐγκρατιτῶν]
985 2215 1075 2256 vid.
1087 2214 1284 2269 Epiphan.
1293 2215 1411 2258 Haer.
1420 2226 1535 2258 xxxi.

73 2275 111 2311 et
129 2269 186 2310 ibi
205 2270 391 2311 Petavius
413 2278 454 2311 st
471 2270 551 2324 elii.

186 2331 278 2379 Pag.
306 2327 402 2372 486.
432 2332 472 2373 9.
536 2325 590 2369 Το
620 2325 743 2382 ἅρῥεν
767 2327 837 2369 καὶ
864 2325 908 2370 τὸ
930 2327 1064 2407 θῆλυ]
1095 2327 1196 2368 Vide
1226 2328 1465 2368 Cotelerium
1483 2327 1535 2369 ad

73 2383 281 2425 Constitut.
302 2384 362 2438 Ap
365 2391 481 2438 ostp
485 2386 612 2430 ,266

186 2440 406 2492 Pag.486.
441 2397 506 2484 14.
565 2441 649 2482 Καὶ
675 2439 884 2492 Λὶῶνας]
897 2440 955 2479 De
984 2440 1126 2494 quibus
1157 2439 1294 2480 multis
1322 2440 1401 2493 egit
1427 2441 1533 2481 idem

73 2496 291 2537 cotelerius
315 2499 365 2537 nd
384 2498 453 2540 lib.
470 2507 528 2540 π.
550 2497 889 2538 Constitutionum
909 2496 1091 2550 Apostol.
1112 2510 1198 2553 cap.
1219 2509 1314 2537 vm.

85 2557 89 2560 ”
187 2554 279 2606 nug.
310 2552 503 2598 486.·18.
560 2552 803 2606 Μουσανὸς]
854 2554 1025 2606 Georgia
1071 2554 1260 2607 Syneello
1304 2564 1396 2607 pag.
1435 2552 1531 2596 355.

74 2607 325 2660 Μωσιανός.
381 2610 538 2651 Musam·
565 2613 783 2664 scriptoris
809 2610 988 2650 meminit
1013 2610 1206 2651 Eusebius
1236 2613 1279 2650 in
1310 2610 1456 2649 Chron.
1491 2614 1532 2648 et

73 2665 143 2706 lib.
159 2679 215 2707 xv.
231 2667 331 2707 Hist.
348 2680 438 2721 cap.
455 2668 608 2709 xxvm.
631 2677 671 2708 et
689 2669 953 2721 Hieronymus
966 2667 1017 2708 de
1032 2668 1268 2721 Scriptorib.
1292 2667 1398 2707 Eccl.

0 2723 1 2729 ¹
188 2726 279 2774 Pug-
309 2724 403 2767 486.
440 2728 505 2768 19.
550 2722 806 2778 Αντωνῑνος]
847 2726 909 2765 Ex
938 2725 1098 2765 Eusebii
1124 2725 1227 2764 Hist.
1255 2724 1362 2762 Eccl.
1393 2721 1461 2761 lib.
1488 2734 1531 2765 v.

74 2788 159 2830 cap.
175 2790 214 2818 v.
232 2786 272 2820 et
283 2779 501 2831 Chronico,
530 2782 598 2821 ubi
619 2782 886 2822 consulendus
903 2782 1102 2833 Scaliger,
1132 2781 1201 2833 qui
1223 2780 1332 2832 quod
1351 2778 1418 2818 hie
1440 2792 1531 2818 nar-

72 2841 187 2875 ratur
218 2845 300 2876 nou
329 2836 406 2877 sub
433 2839 635 2878 Antonino
665 2839 760 2891 Pio,
789 2839 848 2879 uti
874 2839 1036 2892 scripsit
1062 2837 1302 2878 Themistius
1328 2835 1438 2877 Orat.
1458 2846 1526 2876 xv.
