1884 3262
122 479 157 518 V'
183 486 253 523 353

283 191 379 242 144
599 192 841 236 SELECTA
867 193 939 235 AD
978 192 1469 238 ILLUSTRATIONEM

981 460 1063 517 X.

281 589 435 637 ΤΟΥ
472 588 587 635 ΕΝ
631 588 936 636 ΑΓΙΟΙΣ
992 551 1526 636 ΘΕΟΔΟΡΙΤΟΥ
1573 590 1752 636 ΕΠΙ-

693 679 1038 728 ΣΚΟΠΟΥ
1078 680 1366 732 ΤΥΡΟΥ,

280 792 425 832 ΠΕΡΙ
458 791 569 831 ΤΟΤ
588 792 1011 832 ΒΑΠΤΙΣΜΑΤΟΣ
1042 793 1168 832 ΤΩΝ
1188 792 1380 832 ΑΓΙῼΝ
1394 792 1762 832 ΑΠΟΣΤΟΛΩΝ
1803 811 1809 826 =

727 861 836 899 ΚΑΙ
864 862 977 899 ΤΗΣ
1003 861 1306 900 ΘΕΟΤΟΚΟΥ.
1660 880 1663 883 ·

391 979 671 1039 Λπορουντων
699 998 824 1024 τινων
851 982 922 1024 καὶ
950 978 1165 1054 λεγόντων,
1202 981 1298 1025 Τπο
1324 983 1435 1033 τίνος
1465 981 1544 1038 ἄρα
1573 983 1616 1024 οἱ
1641 979 1755 1025 Λπό-

280 1044 414 1084 στολοι
442 1040 770 1112 ἐβαπτίσθησαν,
801 1039 871 1081 καὶ
904 1041 940 1081 εἰ
967 1037 1024 1092 μή
1056 1039 1374 1093 ἐβαπτίσθησαν,
1405 1056 1495 1090 πως
1524 1037 1752 1094 ἑβαπτιζον·

278 1098 348 1140 καὶ
379 1098 416 1139 εἰ
444 1115 500 1151 μη
529 1113 640 1168 παρα
668 1111 779 1145 τινος
807 1094 1184 1150 κεχειροτόνηνται,
1222 1112 1313 1145 πως
1341 1094 1633 1165 ἐχειροτόνουν,
1670 1101 1755 1139 Πα-

281 1151 523 1224 ρώρμησαν
540 1149 618 1195 ουν
656 1169 733 1206 την
772 1152 972 1221 ημετέραν
1015 1154 1256 1194 ταπείνωσιν
1296 1150 1626 1213 φιλοπονώτερον
1663 1153 1756 1209 περὶ

279 1209 435 1253 τούτων
473 1226 548 1262 την
587 1210 757 1271 ἔρευναν
797 1206 1066 1263 ποιήσασθαι.
1126 1207 1318 1264 Εύρομεν
1357 1212 1434 1252 οὐν
1469 1212 1514 1253 ἐν
1541 1216 1627 1260 τοῖς
1655 1211 1755 1253 υπο-

282 1265 464 1336 μνήμασι
502 1269 578 1308 τοῦ
603 1265 738 1337 αγίου
775 1268 1021 1335 Σωφρονίου
1057 1265 1127 1307 καὶ
1164 1265 1264 1307 ἄλλα
1302 1265 1376 1318 μὲν
1405 1271 1567 1309 πλεῖστα
1595 1266 1758 1336 μνήμης

283 1323 396 1375 ἄξια,
427 1320 526 1364 αλλα
557 1339 638 1376 μην
667 1339 737 1363 και
766 1326 907 1373 τοῦτο,
938 1320 1001 1363 ότι
1030 1319 1158 1375 μόνον
1193 1339 1264 1364 τον
1295 1340 1411 1377 αγιον
1439 1324 1596 1378 Πέτρον
1626 1325 1648 1366 ὅ
1669 1321 1758 1366 Κύ-

277 1397 366 1449 ριος
396 1381 564 1428 οἰκείαις
593 1378 702 1432 χερσὶ
731 1375 965 1451 ἐβαπτισεν,
999 1378 1152 1433 Πέτρος
1183 1378 1227 1421 δὲ
1246 1380 1456 1434 Ανδρέαν,
1487 1381 1556 1422 καὶ
1574 1381 1758 1435 Ανδρέας

279 1434 468 1505 Ιακωβον
498 1453 566 1477 και
601 1433 801 1507 Ιωαννην
864 1431 996 1484 Ουτος
1035 1434 1079 1477 δὲ
1118 1452 1215 1485 τους
1252 1436 1421 1486 λοιπους
1456 1453 1613 1487 παντας
1648 1443 1757 1480 Ano·

279 1491 466 1542 στόλους·
508 1492 578 1534 καὶ
607 1488 670 1533 ότι
706 1508 783 1546 την
812 1492 1044 1534 Δέσποιναν
1080 1509 1200 1546 ημων
1238 1490 1438 1536 Θεοτόκον
1469 1492 1655 1548 Ιωαννης
1681 1509 1759 1537 συν

277 1567 333 1592 τω
366 1550 508 1606 Πέτρω
539 1545 765 1603 ἐβαπτισεν.
826 1549 909 1590 Και
939 1548 1133 1602 προθειςὶ
1140 1547 1200 1591 ότι
1228 1546 1402 1603 ανεψιος
1426 1569 1481 1605 ην
1511 1551 1532 1594 ὁ
1562 1549 1760 1606 Θεολόγος

277 1610 352 1649 τοῦ
383 1608 543 1659 Κυρίου
582 1606 702 1659 ημῶν
734 1609 863 1658 Ιησου
892 1609 1072 1659 Χριστοῦ
1110 1622 1212 1647 κατα
1242 1604 1384 1678 σαρκα.
1446 1612 1480 1650 Ο
1508 1625 1583 1663 γαρ
1616 1607 1759 1662 Ιωσηφ

279 1664 301 1706 ὅ
330 1677 514 1733 μνηστηρ
547 1665 621 1714 τῆς
649 1662 892 1716 παρθένου,
941 1662 1135 1718 τέσσαρας
1163 1661 1282 1713 υἷους
1311 1665 1422 1718 ἔσχεν
1451 1665 1495 1707 ἐκ
1522 1669 1595 1719 τῆς
1624 1668 1759 1720 βιωτι-

275 1723 353 1773 κῆς
390 1716 517 1761 αὐτοῦ
555 1717 775 1772 γυναικὸς,
832 1717 1048 1773 Ιακωβον,
1089 1722 1291 1774 Σίμωνα,
1333 1719 1485 1763 Ιούδαν
1527 1723 1596 1764 καὶ
1615 1727 1760 1792 Ιωσῆ,

276 1777 348 1819 καὶ
375 1781 481 1830 τρεῖς
510 1775 759 1829 θυγατέρας,
792 1774 970 1830 Εσθηρ,
1003 1774 1172 1846 Θαμαρ,
1201 1778 1271 1819 καὶ
1305 1775 1508 1845 Σαλώμην
1537 1776 1759 1833 ὁμώνυμον

278 1837 330 1890 τῇ
359 1832 507 1904 μητρὶ,
557 1830 613 1884 ’ἤν
649 1848 739 1872 τινα
780 1832 936 1882 ἐξέδοτο
969 1831 1109 1902 Ιωσηφ
1147 1831 1245 1888 πρὸς
1281 1850 1412 1888 γαμον
1450 1839 1507 1891 τῷ
1539 1838 1756 1909 Ζεβεδαίω.

281 1875 405 1931 Μεθ’
443 1906 497 1941 ης
533 1888 663 1929 ε’τεκεν
704 1888 729 1930 ὅ
769 1891 986 1943 Ζεβεδαῖος
1026 1887 1211 1943 Ιακωβον
1249 1891 1319 1932 καὶ
1357 1890 1424 1933 τὸν
1454 1878 1764 1963 Εὕαγγελιστηνγ

281 1942 507 2005 Ιωαννην,
546 1943 593 1994 ὃς
620 1950 726 1998 τρεῖς
755 1945 928 2000 μητέρας
954 1946 1065 1999 ἔσχεν
1095 1947 1163 1988 ἐπὶ
1191 1949 1265 2000 τῆς
1294 1951 1392 2018 γῆς’,
1431 1965 1508 2001 την
1537 1947 1755 2004 Σαλώμην,

280 2003 322 2052 ἐξ
351 2019 404 2056 ης
431 2001 501 2043 καὶ
529 2000 734 2057 γεγένηται
765 2006 1018 2073 σωματικως·
1051 2003 1241 2058 δευτέραν
1271 2003 1336 2053 δὲ,
1366 2002 1425 2046 ’ὅτι
1453 2009 1637 2076 Βροντης
1664 2005 1758 2058 ύίὀς

280 2056 515 2112 ἐχρηματισε
543 2062 698 2111 νοητῶς
726 2057 836 2113 παρὰ
860 2062 934 2101 τοῦ
966 2060 1142 2113 Κυρίου·
1171 2060 1241 2101 καὶ
1246 2062 1400 2132 τρίτην
1417 2060 1493 2117 τὴν
1512 2061 1632 2117 αγίαν
1655 2066 1756 2106 Θεο-

278 2113 400 2157 τόκον
427 2118 706 2168 πνευματικῶς
724 2145 735 2165 ,
782 2132 884 2157 κατα
923 2114 969 2158 vo*
1008 2115 1166 2176 ρηθεν
1175 2115 1257 2159 ’ὑπὸ
1294 2122 1369 2160 τοῦ
1398 2121 1556 2191 Κυρίου
1585 2120 1652 2162 ἐπὶ
1678 2123 1756 2162 τοῦ

281 2175 479 2243 σταυροῦ,
520 2169 617 2214 Ιδου
645 2189 673 2226 η
704 2168 836 2228 μήτηρ
867 2185 962 2214 σου”
1001 2173 1072 2214 καὶ
1111 2168 1237 2224 αὐθις
1273 2172 1383 2230 πρός
1417 2192 1492 2230 την
1528 2173 1752 2220 Θεοτόκον·

282 2226 381 2271 Ιδου
410 2228 433 2271 ὁ
458 2225 548 2279 υἱός
577 2240 663 2271 σου.
