1884 3262
319 213 420 263 '348
822 188 1199 263 *NOTAE

319 328 453 368 vinius
483 328 723 380 Papinianum
750 329 855 379 legit.
870 324 872 327 ’
914 329 1153 384 Pompeiano
1185 330 1440 382 Peregrinum
1471 332 1661 383 collegam
1682 323 1786 371 male

319 385 551 424 adscribunt
587 385 694 423 Fasti
731 386 970 464 Savilliani,
1030 388 1096 439 qui
1147 387 1319 426 triennio
1361 394 1454 440 post
1482 378 1649 427 deinum
1696 389 1784 427 Cos.

319 443 408 483 §nit
440 501 528 548 Pag.
559 497 653 540 501.
687 500 751 541 12.
810 495 1091 554 Αὕρηλιανοῦ]
1122 500 1321 548 Anianum,
1342 499 1409 537 vel
1429 500 1620 539 Arrianum
1637 500 1787 539 habent

318 554 426 593 Fasti
451 567 599 593 omneS.
655 555 851 606 Apn‘anum
886 561 920 595 et
951 557 1112 609 Pappum
1149 555 1223 595 hos
1262 556 1371 594 Coss.
1407 555 1450 593 in
1490 556 1694 596 Gordiano
1724 571 1786 596 111.
1844 582 1847 584 -

318 611 585 663 Capitolinus:
626 612 818 651 Arrianum
855 617 888 651 et
928 614 1066 666 Papum
1097 614 1162 664 (al.
1192 614 1348 664 Papam)
1393 619 1516 651 vocat
1552 614 1785 667 Anonymus

317 667 414 707 Afer
442 667 492 706 de
529 667 718 707 Paschate
752 669 881 708 editus
921 670 970 708 ab
1008 671 1210 723 Episcopo
1242 669 1459 708 Oxoniensi
1488 676 1583 722 post
1612 670 1784 723 Cypria-

315 737 436 772 num,
466 724 537 763 ubi
566 724 601 763 is
631 726 866 764 Consulatus
895 727 1043 766 dicitur
1075 741 1161 766 esse
1190 740 1225 768 v.
1260 738 1389 764 annus
1419 726 1629 767 Gordiani:
1659 727 1784 779 idque

315 781 461 845 probat
488 781 663 846 primum
691 782 775 834 ejus
805 796 951 822 annum
974 784 1116 834 fuisse,
1147 796 1227 836 quo
1247 783 1396 830 Consul
1416 782 1493 821 fuit
1513 797 1604 822 cum
1627 783 1783 834 Aviola,

311 838 429 891 juxta
458 838 639 877 virorum
672 839 886 878 doctorum
915 842 1159 880 sententiam.

430 898 522 946 Pag
554 896 746 938 501.13.
807 895 1049 950 Γορδιανός]
1091 898 1208 936 Hunc
1237 896 1371 934 locum
1401 895 1538 935 laudat
1568 865 1783 935 Casaubo-
1827 896 1830 901 “

313 965 390 990 nus
420 952 472 991 ad
502 952 800 1003 Capitolinum,
852 967 967 1005 quem
1006 961 1051 993 ut
1089 961 1129 994 et
1166 953 1288 992 alium
1329 953 1497 992 Cedreni
1529 953 1664 992 eadem
1697 944 1782 992 sere

314 1008 365 1047 de
394 1005 469 1046 hac
497 1007 634 1047 schola
665 1023 686 1047 a
718 1009 923 1050 Gordiano
953 1012 1138 1051 instituta
1167 1010 1410 1060 scribentis,
1452 1009 1670 1048 confictum
1698 1022 1782 1049 esse

311 1079 478 1118 prorsus
507 1065 716 1105 existimat.

430 1125 650 1173 Pag·501.
691 1124 757 1166 14.
821 1123 1003 1171 Τελείους
1042 1123 1111 1165 καὶ
1149 1120 1384 1174 εὖσθενεῖς]
1449 1121 1666 1171 Quomodo
1705 1117 1782 1174 legi

313 1179 499 1217 solebant
535 1179 699 1229 milites,
742 1193 923 1232 σωματος
959 1176 1091 1236 ευεξίᾳ
1116 1175 1194 1221 καὶ
1227 1179 1386 1231 ηλικίας
1421 1175 1532 1235 οἷκμῇ
1561 1180 1618 1228 εἰς
1651 1195 1782 1232 μαχην

311 1232 552 1288 ἐπιτήδειοι,
584 1242 629 1274 ut
659 1243 718 1275 est
747 1237 854 1289 apud
886 1237 1159 1276 Herodianum
1189 1237 1256 1274 lib.
1284 1250 1341 1274 vx.
1371 1239 1516 1275 statura
1540 1236 1677 1285 decori,
1705 1239 1783 1275 vir-

312 1296 388 1330 tute
408 1305 558 1342 graves,
589 1292 697 1345 apud
727 1293 944 1336 Pollionem
974 1293 1017 1331 in
1036 1293 1289 1332 Trebelliano
1316 1299 1513 1344 tyranno.
1544 1266 1780 1345 Spartianus

311 1348 351 1387 in
385 1349 610 1388 Caracalla:
639 1350 716 1400 legi
739 1353 847 1389 etiam
863 1350 1004 1388 valzdos
1024 1351 1074 1389 ad
1094 1351 1260 1388 militiam
1279 1352 1473 1401 praecepit.

427 1407 519 1456 Pag.
551 1405 649 1447 501-
683 1407 746 1449 15.
807 1403 1079 1460 Καὶμεγᾶλης
1104 1405 1223 1455 ὄντας
1244 1404 1366 1460 θέας]
1398 1405 1497 1445 Vide
1520 1404 1650 1443 Gloss.
1674 1404 1780 1446 med.

309 1462 393 1501 Lat.
421 1461 466 1500 in
495 1476 532 1502 v.
562 1465 717 1512 incoma,
748 1470 788 1503 et
816 1463 858 1502 in
889 1463 1026 1504 Addit.

424 1521 518 1569 Pag·
549 1521 643 1562 501.
677 1523 744 1562 17.
802 1516 1056 1574 Σενιῶρων]
1108 1514 1341 1572 Ιουνιιόρων
1380 1518 1581 1558 Cedrenus
1620 1524 1658 1557 et
1694 1517 1780 1557 Ha-

308 1576 502 1614 martolus
532 1576 697 1627 legunt,
741 1583 782 1615 et
817 1583 928 1616 recte
967 1578 1091 1616 forte·
1132 1575 1329 1628 siquidem
1358 1575 1464 1614 hanc
1493 1574 1701 1614 cohortem
1730 1575 1780 1614 de

308 1645 382 1670 suo
413 1633 573 1671 nomine
602 1633 819 1686 appellavit
853 1633 1078 1673 Gordianus
1107 1633 1270 1682 Junior,
1301 1646 1373 1671 seu
1402 1633 1584 1672 Tertius:
1617 1645 1709 1670 nam
1739 1637 1780 1672 et

307 1688 483 1727 Senioris
512 1703 730 1740 cognomen
761 1691 887 1729 Tertii
915 1691 1025 1743 patri
1064 1689 1259 1729 adscribit
1295 1689 1557 1741 Capitolinus.
1617 1690 1700 1738 At,
1737 1688 1779 1727 ni

306 1745 447 1795 fallor,
490 1747 651 1785 aliunde
692 1747 867 1786 nominis
903 1748 1014 1799 origo
1042 1746 1226 1799 petenda.
1284 1746 1419 1798 Neque
1457 1746 1559 1785 enim
1601 1743 1779 1785 Iuniorem

305 1814 348 1839 se
378 1815 553 1853 unquam
584 1803 803 1855 appellasse
825 1804 1071 1843 Gordianum
1101 1803 1284 1854 legimus,
1316 1817 1390 1841 nec
1416 1802 1458 1842 id
1487 1816 1584 1850 vero
1614 1801 1778 1841 videtur

157 1859 188 1893 V
212 1859 281 1898 468
305 1857 445 1898 simile.
504 1860 602 1897 Nam
636 1860 669 1897 si
698 1873 838 1899 revera
870 1861 1187 1899 candidatorum
1226 1858 1429 1898 cohortem
1468 1872 1540 1897 seu
1567 1872 1778 1898 numerum

304 1913 480 1954 instituit
511 1915 762 1966 Gordianus,
794 1916 940 1956 cohors
970 1917 1039 1956 illa
1069 1917 1178 1955 dicta
1207 1916 1329 1954 fuerit
1360 1916 1620 1954 Gordianorum
1651 1915 1778 1954 Senio-

306 1985 403 2021 rum,
432 1986 513 2010 non
543 1987 564 2009 a
597 1973 800 2012 Gordiano
831 1974 1016 2023 Seniore,
1057 1973 1127 2025 qui
1158 1972 1359 2011 Seniorem
1388 1973 1540 2024 pariter
1567 1985 1777 2024 nunquam

305 2041 347 2066 se
390 2029 633 2080 appellavit,
685 2030 755 2068 sed
799 2043 880 2081 quo
923 2030 971 2068 ab
1014 2030 1137 2068 altera
1169 2043 1270 2081 quae
1302 2030 1567 2068 Gordianorum
1593 2029 1777 2068 Iunior-um

306 2084 412 2123 dicta
444 2085 586 2134 suerit,
618 2085 950 2138 distingueretur,
990 2086 1191 2138 quomodo
1221 2086 1262 2123 in
1290 2084 1440 2124 Notitia
1468 2083 1649 2138 Imperii,
1679 2085 1775 2124 Con-

304 2144 458 2180 stantini
467 2174 477 2191 ‚
510 2143 728 2191 Arcadiani,
764 2143 1021 2192 Theodosiam',
1050 2147 1114 2183 etc.
1175 2142 1337 2181 seniores
1371 2147 1404 2181 et
1433 2142 1596 2181 Jum'ores
1626 2142 1774 2195 passim

302 2199 511 2247 leguntur:
555 2198 624 2237 ubi
664 2200 827 2238 seniores
858 2200 1088 2239 Junioribus
1121 2213 1276 2251 semper
1311 2205 1641 2252 praeponuntur,
1687 2212 1776 2238 ser-

304 2261 398 2293 vato
428 2255 581 2294 scilicet
618 2256 880 2295 institutionis
919 2257 1085 2296 ordine:
1133 2256 1242 2295 unde
1281 2256 1470 2307 colligere
1506 2262 1566 2295 est
1600 2255 1713 2294 binas
1749 2269 1774 2296 a

306 2310 509 2350 Gordiano
539 2313 739 2352 institutas
770 2313 980 2364 cohortes,
1013 2328 1060 2352 ac
1082 2313 1243 2352 diverso
1277 2319 1476 2364 tempore,
1509 2313 1564 2350 ita
1596 2318 1643 2351 ut
1671 2324 1773 2363 quae

301 2367 456 2419 prima,
506 2368 718 2418 seniorum,
767 2371 891 2409 altera
932 2384 1034 2423 quae
1080 2369 1280 2417 secunda,
1326 2371 1512 2408 Juniorum
1549 2368 1773 2421 appellatae

301 2423 478 2474 fuerint,
508 2424 759 2477 proindeque
789 2426 934 2465 cohors
962 2427 1032 2465 illa
1065 2427 1344 2466 candidatorum
1360 2427 1567 2473 Iuniarum,
1598 2437 1717 2476 quam
1749 2439 1773 2464 a

299 2479 489 2533 Philippo
528 2481 752 2520 institutam
789 2483 929 2522 scribit
967 2483 1121 2522 Auctor
1161 2481 1379 2530 Chronici,
1428 2481 1480 2520 ad
1523 2480 1772 2520 Gordianum

302 2537 465 2575 omnino
495 2537 718 2589 pertineat,
748 2551 1036 2591 perperamque
1067 2539 1265 2591 Philippo,
1285 2537 1477 2576 attributa
1503 2540 1567 2578 sit.
1626 2537 1772 2577 Memi-

300 2593 362 2632 nit
391 2607 514 2646 porro
543 2600 659 2633 vetus
687 2594 900 2648 Inscriptio
930 2596 1038 2649 apud
1070 2596 1289 2637 Gruterum
1308 2608 1397 2635 Lm.
1423 2597 1488 2636 10.
1521 2594 1690 2645 Legionis
1709 2608 1769 2634 m.

299 2649 432 2690 Felicis
458 2651 674 2691 Gordianae.

156 2717 185 2752 P
209 2715 278 2755 546
418 2709 512 2757 Pag
542 2708 638 2750 501·
670 2710 733 2751 19.
772 2708 1020 2758 Τατιανοῦ]
1058 2707 1244 2746 Titianum
1271 2705 1421 2745 habent
1447 2707 1556 2745 Fasti
1586 2719 1733 2746 omnes.

417 2766 511 2814 Pag
541 2763 635 2807 502.
668 2767 707 2806 3.
772 2759 888 2831 Νόσω
924 2762 1119 2817 βληθεὶς]
1169 2767 1319 2815 Aqua
1308 2763 1523 2802 intercute
1564 2763 1766 2802 Juniorem

301 2819 571 2885 Gordianum,
603 2834 720 2873 quem
741 2805 943 2874 Ου’νιορον
968 2826 1108 2869 vocat,
1138 2818 1352 2858 decessisse
1382 2819 1522 2858 scribit
1551 2819 1767 2867 Cedrenus,

300 2876 370 2928 qui
399 2876 668 2930 Augustorum
697 2877 913 2918 Historiam
943 2877 1042 2918 mire
1069 2875 1149 2916 hoc
1178 2877 1268 2915 loco
1297 2876 1454 2924 turbat,
1484 2882 1532 2915 ut
1561 2882 1600 2916 et
1629 2877 1767 2915 Zona—
