1820 3276
238 228 338 276 386
621 211 625 216 '
803 224 1122 268 NOTAE

353 334 452 387 Pag.
481 333 575 379 548.
604 332 648 378 5.
705 329 915 387 Βιτάλιος]
944 335 1150 375 Sozomen.
1182 332 1253 374 lib.
1278 345 1333 372 v1.
1364 344 1449 384 cap.
1477 343 1578 370 xxv.
1606 329 1702 382 Epi-

238 395 360 449 phau.
391 399 430 432 et
458 391 540 440 elii.
1136 402 1138 406 ’

357 452 450 500 Pag·
481 448 578 492 548.
611 450 675 491 10.
736 445 953 502 Προσὲφυ]
994 447 1060 486 Sic
1083 447 1217 485 locum
1245 445 1365 485 istum
1393 441 1703 490 emendavimus,

98 516 131 551 v
151 514 220 554 493
246 521 335 547 cum
365 504 490 545 editio
520 504 665 543 Raderi
694 503 750 542 ita
779 503 1017 557 praeferret:
1051 499 1183 559 Ταύτῃ
1211 504 1264 558 τῇ
1291 499 1439 554 αἱρέσει
1467 498 1536 539 καὶ
1556 500 1706 538 Amoli-

240 561 403 618 νᾶριος,
434 560 490 610 αἷς
516 558 792 610 Ανδολαϊκεΰς
820 563 892 613 τῆς
926 560 1082 613 Συρίας
1109 559 1391 612 Γραμματικοῦ
1419 553 1508 604 υἱὸς
1534 550 1706 608 γεγονοός

240 619 412 674 προέφη.
473 618 585 666 Quae
614 618 672 657 ita
700 618 733 656 is
762 618 905 657 vertit:
942 617 1027 656 Hac
1056 617 1194 655 haeresi
1220 614 1376 666 infectus
1400 613 1484 665 suit
1511 614 1545 650 et
1570 610 1708 667 Apolli-

239 680 361 725 naris,
392 674 678 727 quemadmodum
697 675 963 714 Andolaicemis
986 673 1103 725 Syrus
1125 670 1478 722 Grammaticifilius
1491 669 1705 706 memoravit.

241 736 308 773 Sic
336 732 441 771 infra
470 744 559 784 pag.
590 731 684 774 335.
715 731 760 771 Α·.
825 731 974 784 Πέρσαι
999 728 1249 780 ἐπολέμησαν
1284 727 1443 781 Τζαθίῳ
1481 726 1538 779 τῷ
1557 725 1707 772 Λαζῶν

242 793 426 840 Βασιλεῖ,
457 786 512 836 ὥς
549 787 798 840 προσφυὲντι
829 786 1041 839 Ρωμαίοις.
1088 786 1211 824 Porro
1249 789 1343 823 nota
1382 788 1476 821 sunt
1514 793 1616 832 quae
1654 779 1706 818 de

241 848 323 886 hoc
362 844 627 898 Apollinare,
665 858 737 884 seu
779 843 1051 897 Aponium-io,
1093 848 1134 881 et
1170 840 1256 895 ejus
1291 846 1407 894 patre
1437 835 1707 877 Grammatico

243 909 409 944 narrant
436 901 677 953 Scriptores,
704 916 709 924 “
872 907 879 916 *

359 962 454 1009 Pag.
482 958 579 1002 548.
612 962 676 1000 11.
735 955 819 997 Καὶ
853 954 1125 1006 Σαλουστίου]
1176 954 1231 992 De
1273 952 1352 991 hoc
1389 950 1608 990 Consulatu
1652 947 1708 987 ita

244 1017 475 1056 Ammianus
502 1014 573 1056 lib.
602 1027 727 1053 xxxn.
762 1013 931 1053 Julianus
956 1026 1036 1051 vero
1054 1013 1138 1061 jam
1163 1015 1216 1049 ter
1247 1010 1324 1057 Cos·
1344 1011 1458 1048 ascito
1484 1010 1524 1046 in
1551 1005 1709 1054 collegio

248 1074 409 1113 Trabeae
447 1070 649 1120 Sallustio,
686 1070 875 1122 Praefecto
908 1083 972 1121 per
1003 1069 1171 1116 Gallias,
1210 1070 1334 1118 quater
1355 1068 1430 1116 ipse
1456 1063 1709 1115 amplissimum

244 1133 378 1169 inierat
399 1130 675 1178 magistratum.-
702 1131 736 1165 et
759 1127 947 1166 uidebatur
969 1138 1098 1163 novum
1124 1125 1336 1173 adjunctum
1360 1135 1431 1160 esse
1445 1120 1609 1170 Augusto
1628 1119 1708 1169 pri-

244 1190 367 1226 vatum
383 1184 620 1234 Sallustium,
650 1184 743 1236 quod
762 1187 844 1235 post
863 1183 1124 1221 Diocletianum
1141 1184 1175 1218 et
1191 1179 1432 1218 Aristobulum
1448 1177 1569 1216 nullus
1591 1176 1712 1213 nmai-

243 1246 346 1284 „erat
366 1245 517 1291 gestum.

363 1296 453 1348 Pag-
483 1294 577 1340 548.
620 1299 687 1339 12.
746 1297 810 1335 Εν
852 1293 1072 1349 στρατείαις
1109 1289 1446 1344 ἐξεταζομένους]
1501 1289 1710 1327 Sozomen.

244 1355 315 1395 lib.
345 1367 384 1394 v.
417 1366 502 1405 cap.
530 1365 637 1391 xv11.
1542 1355 1546 1358 ·

361 1411 454 1460 Pag·
484 1407 580 1452 548.
623 1407 688 1451 15.
748 1403 999 1458 Θεότεκνος]
1050 1403 1153 1445 vide
1191 1400 1502 1458 Philostorginm
1537 1400 1609 1439 lib.
1638 1409 1711 1439 vn.

245 1482 290 1508 cn
324 1497 334 1508 .
363 1481 457 1506 xm.
722 1487 725 1491 ·

293 1481 321 1521 P
363 1525 455 1573 Pag.
487 1520 585 1564 548.
616 1523 685 1563 20.
745 1519 884 1574 Ιρων]
938 1518 1020 1567 Qui
1058 1521 1183 1571 Ηρων
1221 1516 1370 1556 dicitur
1407 1512 1533 1554 eidem
1575 1511 1710 1552 Philo-

247 1579 396 1633 storgio
435 1579 527 1618 loco
568 1575 755 1626 laudato,
803 1575 1032 1630 Nicephoro
1061 1574 1132 1615 lib.
1161 1587 1204 1615 x,
1235 1585 1319 1626 cap.
1347 1581 1465 1613 xxxx.
1507 1574 1547 1610 et
1582 1568 1712 1608 Theo-

247 1636 376 1692 phani
405 1649 510 1675 anno
537 1649 601 1671 111.

359 1691 454 1731 lbid.
514 1687 717 1743 Θηβαῖος]
749 1687 990 1739 Philostorg.
1020 1684 1174 1741 Ηρωνά
1191 1700 1282 1727 τινα
1308 1685 1352 1727 ἐκ
1371 1685 1519 1737 Θηβῶν
1535 1685 1618 1723 ταῖν
1639 1678 1713 1722 ΑΖ-

246 1749 424 1805 γυπτίων
461 1743 720 1800 ὁρμώμενον,
760 1745 829 1786 καὶ
860 1745 916 1794 εἰς
949 1740 1213 1793 Επισκόπους
1242 1741 1479 1791 τελέσαντα,
1517 1746 1598 1780 etc.
1654 1738 1713 1777 lta

250 1807 345 1846 Iron
374 1818 455 1844 non
486 1804 562 1842 fuit
589 1801 815 1841 Thebarum
844 1802 1081 1854 Episcopus.

364 1864 461 1912 Pag‘
489 1859 586 1903 549.
616 1862 654 1901 6.
718 1858 966 1912 Τριβοῦνος]
993 1859 1057 1897 Ex
1076 1855 1340 1906 Philostorgio
1366 1853 1439 1893 lib.
1457 1864 1532 1893 vn.
1556 1862 1644 1904 cap.
1655 1860 1711 1893 vx.

248 1914 412 1958 Socrate
441 1916 510 1956 lib.
542 1927 597 1954 1v.
629 1928 716 1968 cap.
746 1929 778 1956 1.
807 1916 1026 1954 Sozomeno
1058 1913 1128 1952 lib.
1159 1922 1218 1954 vl.
1250 1922 1337 1964 cap.
1367 1921 1425 1948 vt.
1471 1909 1713 1962 Eutropium

247 1978 312 2028 qui
338 1979 422 2015 tunc
449 1973 666 2011 Domesticus
691 1971 883 2010 militabat.

365 2032 460 2080 Pag.
489 2029 585 2072 549.
614 2030 654 2069 7.
714 2022 983 2082 Κορνούτων]
1030 2026 1242 2078 Perperam
1271 2017 1539 2076 Κωρωνᾶτων
1565 2019 1714 2060 eohor-

247 2092 329 2126 tem
365 2086 488 2125 habet
523 2083 799 2136 Theophanes.
874 2082 981 2121 Inter
1021 2092 1207 2121 numeros
1245 2080 1439 2119 militares
1475 2092 1557 2117 non
1593 2077 1715 2117 semel

247 2148 466 2183 occurrunt
493 2141 538 2181 in
565 2148 737 2193 utraque
769 2136 913 2179 Notitia
940 2138 1106 2192 Imperii
1136 2139 1284 2178 Corma·
1299 2134 1484 2188 Iuniana,
1510 2141 1552 2175 et
1569 2135 1717 2174 Gmmti

249 2200 423 2240 Seniores.

367 2259 461 2307 Pag·
492 2252 588 2298 549.
629 2257 697 2298 12.
754 2251 983 2306 Αρτὲμιος]
1045 2250 1166 2303 Cujus
1215 2247 1395 2289 meminit
1441 2248 1621 2288 Julianus
1668 2246 1713 2286 'in

250 2312 376 2366 Epist.
404 2321 446 2351 x.
508 2308 605 2363 Ejus
643 2323 742 2350 vero
786 2308 1023 2362 Martyrium
1061 2314 1226 2355 narrant
1253 2305 1520 2346 'theodoritus
1547 2305 1616 2345 lib.
1646 2315 1712 2341 ιιι.

248 2383 339 2422 cap.
367 2381 471 2408 xvn.
500 2366 763 2419 Theophanes
793 2379 896 2405 anno
925 2376 988 2406 111.
1018 2365 1241 2413 Cedreaus,
1282 2370 1321 2403 et
1351 2364 1505 2402 Auctor
1532 2360 1714 2412 Martyrii

249 2423 428 2478 ejusdem
457 2422 642 2472 Artemii,
674 2424 743 2475 qui
771 2423 893 2461 latine
923 2422 1054 2461 editus
1085 2435 1107 2460 a
1137 2420 1278 2468 Surio,
1305 2431 1443 2471 graece
1472 2418 1643 2457 habetur
1671 2417 1713 2455 in

248 2480 497 2521 Bibliotheca
526 2478 648 2531 Regia
678 2485 716 2518 et
746 2476 976 2529 colbertea‚
1021 2491 1074 2517 ex
1111 2487 1190 2529 quo
1230 2475 1500 2528 excerpsimus
1530 2483 1633 2525 quae
1661 2473 1712 2512 ad

248 2537 358 2577 illius
385 2536 648 2590 reliquiarum
676 2535 974 2575 translationem
1013 2538 1196 2589 spectant
1230 2533 1273 2572 in
1310 2531 1424 2571 Notis
1453 2531 1506 2571 ad
1533 2532 1713 2570 Zonarae

251 2594 426 2635 Annales
455 2606 544 2647 pag.
579 2595 647 2636 87.

367 2653 460 2702 Pag.
496 2649 591 2694 549.
630 2648 694 2692 18.
749 2645 1014 2701 Αἰμιλιανός]
1061 2645 1296 2686 Theodorit.
1324 2645 1395 2684 lib.
1425 2656 1487 2686 111.
1515 2655 1607 2696 cap.
1635 2653 1710 2683 vn.

250 2706 416 2747 Hieron.
446 2707 489 2745 in
520 2704 667 2744 Chron.
697 2703 930 2756 Theophan.
959 2717 1021 2744 an.
1050 2718 1114 2743 111.
1142 2701 1358 2768 Nicephor.
1388 2701 1458 2741 lib.
1475 2712 1515 2741 x.
1544 2712 1633 2754 cap.
1651 2710 1711 2739 tx.

367 2763 460 2814 Pag.
491 2762 585 2806 549.
626 2760 693 2805 19.
755 2757 1004 2816 Ου’·ίκαρίου]
1055 2758 1289 2799 Theodont.
1331 2759 1407 2800 τοῦ
1443 2760 1516 2812 τῆς
1549 2753 1712 2812 Θράκης

252 2817 412 2872 ἁπάσης
440 2824 652 2873 Αρχοντος.
929 2840 932 2842 v

359 2879 450 2927 Pag.
480 2876 578 2920 550.
613 2879 648 2918 1.
708 2869 956 2923 Θαλάσσιος]
991 2871 1223 2927 Theophan.
1255 2883 1316 2912 an.
1345 2887 1403 2911 111.
