1884 3262
542 201 811 246 CHRONICI
842 203 1148 246 PASCHALIS.
1499 202 1597 251 >109

495 345 846 386 NOMINA
902 349 1216 388 REGUM.

233 425 328 463 Saul
347 424 397 463 de
415 425 539 464 Tribu
561 425 779 479 Benjamin.

230 483 446 534 Postquam
485 489 617 521 autem
654 484 893 522 translatum
925 492 986 523 est
1017 498 1185 535 regnum
1210 486 1254 524 in
1285 485 1452 525 Tribum
1482 485 1598 534 Juda,

117 539 272 589 David,
306 540 516 587 Salomon,
548 540 746 589 Roboam‚
778 541 903 589 Abia,
934 543 1010 581 Asa
1024 572 1034 589 ,
1052 542 1266 595 Josaphat‚
1287 545 1435 594 Joram,
1457 543 1599 582 Ocho-

118 596 208 635 zias‘
222 627 232 645 ,
270 596 450 635 Joatham
470 626 480 645 ,
523 595 659 636 Achaz
682 626 696 646 ,
736 598 927 637 Ezechias
953 631 964 648 ‚
1002 600 1202 638 manasses
1218 631 1228 650 ,
1268 602 1389 639 Amos
1410 633 1421 650 ‚
1459 600 1599 649 Josias‚

118 653 299 693 Joachim
311 683 322 702 ,
348 653 564 702 Eliachim,
582 654 787 704 Sedecias,
819 662 860 695 et
881 656 1083 695 jeconias:
1114 657 1185 695 sub
1204 657 1285 696 hoc
1303 658 1599 709 transmigratio

118 712 223 750 facta
246 716 306 749 est
325 711 399 749 sub
419 710 808 752 Nabuchodonosor.

231 768 399 806 Nomina
430 769 604 820 Regum,
638 769 706 820 qui
732 776 1001 820 regnaverunt
1028 769 1072 809 in
1102 771 1279 810 Samaria
1311 785 1435 824 super
1462 771 1600 811 decem

118 825 264 866 Tribus
284 838 335 863 ex
357 838 435 876 quo
457 838 622 874 regnum
644 826 818 865 divisum
840 833 909 866 est.
1162 841 1164 843 ’

229 882 437 920 Jeroboam
458 881 565 921 filius
594 883 752 922 Nabath
774 885 890 923 annis
909 898 1012 924 xxn.

197 951 201 955 ·
230 938 387 977 Nabath
411 938 516 977 filius
536 939 621 992 ejus
641 941 753 979 annis
772 941 943 981 duobus.

231 996 333 1034 Saba
348 995 454 1035 filius
466 996 614 1035 Achiae
624 998 738 1036 annis
750 1011 860 1037 xxxv.
871 999 949 1038 Hic
959 997 1184 1038 vindicavit
1196 998 1361 1038 domum
1373 997 1394 1035 J
1396 997 1599 1037 eroboam.

231 1053 329 1092 Hela
346 1052 450 1091 filius
469 1054 568 1092 Base
589 1056 701 1093 annis
720 1054 892 1094 duobus.

230 1110 391 1148 zambri
415 1110 527 1149 annis
546 1125 620 1150 xn.

230 1166 372 1206 Achab
390 1167 496 1206 filius
520 1167 606 1220 ejus
631 1169 746 1208 annis
764 1184 874 1210 xxn.

230 1224 447 1276 ochosias,
482 1225 590 1264 filius
616 1225 774 1278 Achab,
806 1234 847 1266 et
864 1228 997 1266 Joram
1024 1227 1132 1266 filius
1154 1225 1360 1276 Jeconiae,
1391 1225 1504 1264 annis
1522 1238 1599 1263 xn.

116 1283 196 1322 Sub
219 1281 298 1332 11οο
316 1281 418 1320 filios
438 1296 532 1321 suos
551 1289 591 1322 et
609 1290 765 1323 stercus
786 1285 1059 1324 columbinum
1079 1284 1122 1323 hi
1142 1285 1209 1336 qui
1229 1289 1342 1323 erant
1359 1283 1402 1321 in
1422 1282 1600 1321 Samaria

115 1339 470 1380 manducaverunt.

229 1396 353 1446 Jehu,
383 1396 490 1435 filius
510 1396 668 1446 Namsi,
700 1398 813 1436 annis
840 1411 986 1437 xxvm.
1045 1397 1122 1436 Hic
1150 1399 1190 1437 in
1225 1397 1340 1436 initio
1374 1398 1465 1450 pius
1501 1397 1598 1435 suit:

116 1454 211 1493 fecit
240 1453 459 1492 vindictam
487 1467 616 1506 super,
642 1453 806 1493 domum
829 1454 987 1505 Achab,
1019 1455 1164 1495 occisis
1192 1456 1328 1495 Joram
1361 1461 1401 1495 et
1426 1453 1596 1503 Jezabel,

115 1518 154 1552 et
175 1510 352 1550 Ochosia
371 1511 475 1561 Rege
495 1510 610 1551 Juda.

152 1577 154 1579 ’
227 1567 400 1607 joachaz
424 1568 537 1606 annis
555 1581 659 1606 xvn.
955 1604 957 1608 ,

228 1625 321 1663 Joas
351 1624 458 1664 filius
478 1625 563 1678 ejus
585 1624 700 1663 annis
722 1639 808 1664 ΧΠ.
866 1625 944 1664 Hic
963 1626 1163 1666 Amasiam
1185 1627 1332 1679 Regem
1355 1625 1527 1675 occidit,
1559 1630 1599 1663 et

116 1682 318 1722 destruxit
343 1682 392 1721 de
410 1696 527 1721 muro
545 1682 764 1721 Jerusalem
786 1681 923 1721 cubita
942 1697 1050 1725 cccc.

229 1738 460 1786 Jeroboam,
491 1739 595 1778 filius
616 1739 732 1789 Joas,
763 1740 875 1778 annis
901 1754 970 1780 xv.

229 1796 394 1835 Azarias
407 1827 418 1845 ‚
446 1796 552 1835 filius
570 1796 781 1836 Jeroboam
798 1826 808 1845 ,
839 1798 1042 1836 mensibus
1060 1797 1202 1838 tribus.

230 1854 359 1893 Selem
373 1884 385 1904 ,
415 1853 521 1892 filius
541 1853 662 1904 Abia,
690 1868 824 1894 meuse
842 1867 935 1894 uno.

230 1911 473 1958 Unornane,
502 1910 607 1950 filius
632 1911 759 1961 Gadi,
790 1913 904 1950 annis
925 1912 1078 1952 decem.

230 1967 408 2006 Falacias
427 1968 591 2007 Manaae
614 1968 727 2007 annis
748 1969 920 2008 duobus.

232 2025 381 2073 Facea,
411 2024 517 2063 filins
547 2025 776 2075 Romeliae,
806 2027 918 2065 annis
941 2026 1093 2066 decem.
1151 2025 1229 2064 Hic
1256 2024 1414 2063 obsedit
1437 2025 1598 2063 Jerusa-

118 2082 222 2131 lem,
251 2088 442 2132 regnante
469 2081 630 2131 Achaz,
661 2097 743 2121 non
765 2083 944 2135 possedit
965 2098 1064 2122 eam.

234 2138 358 2188 Osee,
388 2138 494 2177 filius
521 2139 639 2186 Dale,
667 2139 780 2179 annis
803 2147 910 2180 octo.
943 2140 1025 2179 Sub
1048 2140 1131 2178 hoc
1149 2139 1290 2178 decem
1311 2138 1441 2177 tribus
1461 2144 1599 2176 trans-

118 2196 311 2246 migratae
331 2202 426 2235 sunt
454 2196 498 2234 in
528 2196 692 2248 regione
710 2196 920 2236 Medorum
946 2211 968 2235 a
995 2198 1286 2245 salmanassar,
1317 2195 1386 2247 qui
1406 2201 1446 2234 et
1465 2195 1600 2247 ipsum

120 2254 222 2292 Osee
241 2253 486 2304 conligatum
507 2252 659 2292 habens
677 2253 796 2304 abiit,
817 2260 1008 2306 regnante
1026 2253 1162 2293 Achaz
1181 2267 1303 2307 super
1330 2252 1430 2292 duas
1450 2252 1598 2291 Tribus

118 2311 162 2348 in
183 2310 412 2350 Jerusalem.

424 2401 710 2441 NOMINA
767 2400 1285 2441 SACERDOTUM.

234 2479 368 2520 Aaron
397 2481 534 2533 genuit
566 2481 729 2521 Eleazar
749 2510 758 2528 ‚
797 2481 939 2521 Finees
956 2512 968 2532 ,
999 2482 1144 2521 Achias
1162 2513 1175 2533 ‚
1212 2483 1366 2522 Razaza
1386 2513 1398 2533 ,
1437 2482 1595 2532 Moriat,

120 2537 312 2588 Arum-ia,
342 2537 530 2589 Amitob‚
559 2539 698 2588 settis,
730 2538 926 2589 Achivae,
956 2538 1076 2592 hujus
1097 2540 1204 2579 filius
1224 2539 1360 2580 Helias
1380 2539 1595 2593 Propheta,

123 2600 163 2633 et
185 2594 328 2644 Salon,
357 2595 511 2645 Joram,
543 2595 664 2635 Amos
683 2597 831 2636 Joadae
853 2596 982 2646 filius,
1013 2597 1217 2647 Sedecias,
1247 2597 1437 2646 Sedecia‚
1467 2597 1594 2648 Jehel,

122 2651 238 2701 Uria,
269 2651 426 2703 Tieem,
457 2652 578 2691 Salon
607 2653 677 2705 qui
704 2654 840 2705 genuit
866 2654 1059 2700 Celeiam,
1097 2656 1209 2705 cujus
1239 2654 1348 2694 filius
1374 2654 1595 2695 Hieremias

125 2707 325 2760 Propheta
357 2716 397 2748 et
424 2708 589 2749 Azarias
618 2710 725 2750 filius
754 2711 930 2761 Azazae,
960 2712 1107 2761 Sareu,
1138 2710 1331 2751 Josedech
1362 2712 1432 2764 qui
1457 2711 1595 2764 genuit

126 2764 259 2803 Jesum
279 2765 348 2818 qui
364 2766 443 2806 fuit
464 2767 679 2816 Sacerdos,
710 2781 802 2807 cum
819 2769 1111 2808 instauraretur
1131 2769 1327 2822 templum
1347 2775 1440 2821 post
1462 2770 1593 2823 capti-

126 2821 313 2872 vitatem,
343 2823 537 2874 Ceheias,
569 2824 771 2875 Joachim,
803 2826 972 2865 Caedue.

241 2879 343 2919 Item
364 2880 440 2920 alia
456 2882 608 2933 patria,
639 2895 690 2922 ex
710 2895 788 2935 qua
814 2883 894 2923 fuit
910 2882 1100 2924 Ezechiel
1118 2881 1336 2937 Propheta:
1365 2882 1485 2934 Jode,
1514 2882 1595 2922 Fa-

1600 1762 1721 1802 [³420
