1884 3262
338 214 404 261 32
867 203 1279 248 PRAEFATIO.

338 325 389 364 de
412 326 589 364 Susanna
625 327 665 360 et
687 320 870 368 Daniele,
899 319 1093 371 Joacimo,
1124 320 1193 372 qui
1221 327 1259 359 et
1284 319 1449 359 Joachas
1474 321 1698 374 appellatus
1729 328 1801 372 est,

337 381 433 432 Regi
462 381 605 427 Judae,
645 376 727 414 filio
754 376 918 415 Joacimi
946 377 1084 428 Regis,
1115 391 1160 415 ac
1177 377 1306 415 Josiae
1331 377 1467 430 nepoti
1489 385 1570 416 tres
1594 379 1705 430 regni
1724 392 1804 417 an-

339 452 412 476 nos
454 436 650 482 tribuere,
690 439 830 471 contra
870 447 985 484 quam
1015 434 1230 484 Eusebius,
1270 440 1411 472 auctor
1443 433 1640 473 Paschalis
1668 442 1707 474 et
1734 434 1805 473 alii

339 494 504 546 passim,
545 491 613 541 qui
649 496 730 528 tres
767 490 875 539 regni
914 489 1108 528 duntaxat
1142 503 1293 528 menses
1337 490 1463 528 eidem
1504 491 1723 542 assignant,
1759 490 1804 529 id

337 553 467 602 ipsum
488 547 670 586 tradatur
695 546 736 583 in
756 545 834 583 1100
854 545 1073 594 Chronico,
1103 545 1213 585 hisce
1234 546 1385 586 verbis:
1423 544 1518 584 Post
1538 545 1719 586 Joachim
1739 561 1804 585 re-

335 603 663 659 gnatfilius.ejus
683 600 867 641 Joaclzim
890 604 1004 641 annis
1022 601 1167 651 tribus,
1197 612 1232 640 et
1256 601 1358 641 hunc
1379 600 1488 641 ducit
1510 601 1565 640 ad
1584 618 1668 642 eum
1690 617 1804 642 com-

335 659 508 714 peditum
527 656 894 731 Nabuchodonosor
911 657 1008 698 Rex
1025 656 1243 713 Babylonis
1265 668 1299 697 et
1320 656 1424 697 alios
1443 673 1531 697 cum
1552 669 1609 698 eo.

118 788 331 826 DeChroni,
453 772 581 811 XXV.
642 770 830 810 Chronici
869 771 984 809 istius
1018 771 1148 811 codex
1192 771 1465 810 membraneus
1495 771 1578 812 MS.
1609 777 1804 820 servatur,

220 837 248 870 P
270 837 315 870 21
341 835 387 868 ut
417 829 639 879 attigimus,
689 830 729 865 in
755 827 1002 866 Bibliotheca
1029 828 1191 878 collegii
1216 828 1421 866 Societatis
1461 828 1554 866 Jesu
1581 827 1804 875 Parisiensi,

119 880 575 938 co‚Paschqlipraecipuae
615 884 881 935 antiquitatis,
923 898 1011 922 curn
1045 885 1152 923 circa
1185 884 1316 921 Caroli
1357 885 1408 922 M.
1439 885 1504 922 vel
1537 891 1642 923 certe
1672 883 1805 922 Caroli
1872 879 1873 882 ¹

127 928 318 975 H¹PP⁰¹ytL
339 942 451 981 Calvi
470 936 652 992 tempora
682 947 866 979 exaratus
887 940 958 990 sit,
989 941 1029 979 in
1049 954 1127 992 quo
1149 940 1425 978 describuntur
1444 947 1649 992 praeterea
1672 939 1807 978 Chro-

339 999 458 1037 nicon
482 997 640 1035 Eusebii
674 1011 723 1035 ex
751 997 932 1036 versione
961 998 999 1034 S.
1027 997 1284 1048 Hieronymi,
1315 996 1459 1035 deinde
1487 997 1602 1034 Idatii
1626 996 1807 1034 (3111·οηί-
1872 1024 1880 1032 .

340 1069 414 1094 con
435 1054 585 1093 editum
605 1066 655 1091 ex
676 1053 814 1092 eodem
840 1053 977 1091 codice
1003 1068 1026 1091 a
1055 1053 1286 1092 Sirmondo:
1316 1053 1378 1091 0111
1411 1053 1679 1105 subjiciuntur
1697 1051 1807 1100 Fasti
1874 1053 1884 1062 ’“

341 1111 576 1149 Consulares
602 1124 623 1147 a
651 1110 767 1148 Bruti
797 1116 836 1148 et
857 1110 1043 1147 Collatini
1064 1110 1303 1156 Consulatu,
1335 1110 1386 1147 ad
1416 1109 1616 1148 Anthemii
1639 1108 1810 1158 Augusti

340 1167 556 1207 secundum
579 1167 855 1213 Consulatum,
886 1166 933 1204 ab
959 1167 1096 1204 eodem
1116 1166 1326 1204 Sirmondo
1355 1167 1521 1218 partim,
1551 1166 1693 1216 integri
1710 1177 1809 1204 vero

338 1239 363 1272 *a
386 1223 571 1275 Philippo
590 1222 747 1260 Labbeo
767 1222 976 1275 publicati.
1035 1222 1119 1260 Hos
1139 1222 1305 1260 subinde
1329 1223 1478 1274 excipit
1507 1222 1614 1261 idem
1633 1221 1812 1260 Chroni-
1882 1231 1884 1234 '

341 1294 416 1319 con
445 1279 552 1331 quod
580 1279 800 1330 Hippolyto
829 1291 1003 1317 asserere
1028 1279 1239 1323 audemus,
1271 1278 1348 1316 hoc
1377 1279 1518 1317 titulo:
1545 1277 1668 1317 Liber
1689 1282 1833 1330 gene-2*

342 1337 506 1376 rationis
531 1333 581 1372 ab
599 1333 737 1374 Adam
761 1350 878 1387 usque
905 1333 960 1372 ad
979 1332 1153 1372 ordinem
1172 1331 1196 1358 *
1224 1347 1323 1387 quae
1343 1336 1558 1373 continetur
1583 1335 1625 1373 in
1649 1333 1725 1372 Ῐιοο
1750 1331 1812 1372 li—

343 1393 424 1432 bro.
481 1391 614 1428 Titulo
639 1391 852 1442 subjicitur
879 1390 1009 1428 Index
1040 1390 1193 1441 operis:
1233 1389 1359 1427 Indici
1390 1391 1585 1429 Praefatio
1607 1391 1658 1428 ad
1675 1389 1809 1428 nescio
1872 1407 1876 1430 τ

343 1462 460 1501 quem
493 1447 727 1485 Diaconum.
794 1446 932 1485 Codex
962 1446 1106 1484 desinit
1131 1446 1173 1484 in
1214 1446 1357 1484 seriem
1388 1440 1550 1498 ⁴Regum
1588 1446 1813 1495 Persarum,

344 1517 509 1555 eamque
538 1503 737 1552 mutilam,
767 1516 857 1541 cum
892 1508 1136 1554 postremum
1174 1502 1321 1541 codicis
1352 1502 1491 1542 folium
1523 1501 1651 1541 media
1674 1502 1735 1541 sui
1768 1502 1812 1540 in

339 1563 503 1611 longum
526 1565 641 1612 parte
666 1560 884 1598 laceratum
913 1560 984 1608 sit,
1021 1559 1179 1597 tametsi
1206 1559 1473 1610 anitiquarium
1507 1558 1673 1598 ulterius
1701 1557 1813 1597 haud

341 1616 580 1671 processisse
600 1622 803 1667 appareat.
860 1615 915 1653 At
944 1629 1034 1653 cum
1059 1615 1182 1654 editio
1206 1615 1413 1654 Labbeana
1437 1617 1554 1666 longe
1573 1615 1692 1668 plura
1711 1628 1815 1653 con-

341 1675 490 1722 tineat,
531 1679 688 1724 praeter
711 1671 821 1710 hunc
850 1672 1051 1722 codicem,
1093 1684 1210 1722 quem
1241 1672 1406 1711 indubie
1433 1673 1555 1721 vidit,
1586 1677 1626 1711 et
1656 1684 1813 1710 mecum

344 1729 647 1769 communicavit
675 1728 740 1767 vir
763 1728 1007 1767 humanitate
1024 1728 1191 1779 perinde
1211 1742 1258 1766 ac
1281 1728 1502 1768 eruditione
1524 1727 1814 1767 commendan-
1873 1750 1876 1756 ·

343 1787 419 1825 dus
440 1787 607 1824 Joannes
626 1785 879 1834 Harduinus,
911 1791 951 1823 et
979 1784 1190 1823 editionem
1215 1784 1381 1834 Canisii,
1411 1786 1510 1834 alio,
1542 1785 1690 1836 quique
1707 1783 1814 1822 sub-

343 1843 468 1891 didit,
510 1842 743 1894 complexus
776 1841 920 1890 fuerit,
962 1854 1076 1879 usum
1107 1840 1305 1878 Labbeum
1331 1842 1544 1880 verisimile
1572 1846 1652 1880 est:
1689 1853 1814 1893 prae-

345 1899 481 1938 sertim
501 1911 591 1936 cum
613 1898 732 1936 editio
755 1898 898 1936 Canisii
919 1898 960 1936 in
984 1897 1125 1936 seriem
1152 1898 1300 1948 Regum
1327 1898 1588 1937 Macedonum
1617 1896 1815 1936 duntaxat
1874 1898 1875 1905 ¹

346 1956 521 2004 desinat,
554 1962 592 1993 et
611 1955 654 1992 in
676 1955 873 2007 scriptura
906 1968 996 1993 cum
1027 1953 1234 1991 Labbeana
1258 1953 1364 1992 haud
1394 1968 1549 2007 semper
1577 1953 1812 2003 consentiat,

345 2018 392 2050 ut
408 2026 457 2051 ex
479 2012 695 2050 lectionum
723 2011 973 2060 diversitate,
1005 2023 1124 2061 quam
1144 2010 1422 2062 apponendam
1443 2010 1654 2061 duximus,
1684 2009 1817 2048 cuivis·

348 2067 571 2120 apparebit.
631 2067 814 2106 Codicem
847 2068 965 2106 etiam
991 2067 1070 2107 MS.
1093 2080 1183 2104 cum
1208 2067 1390 2106 Editione
1418 2067 1626 2106 Labbeana
1654 2079 1814 2105 rursum

348 2124 608 2169 contulimus,
650 2138 700 2162 ex
731 2138 810 2176 quo
840 2123 1016 2162 infinitos
1046 2123 1334 2175 propemodum
1364 2125 1476 2162 locos
1505 2122 1814 2172 emendavimus,
1868 2144 1870 2149 ·

347 2181 445 2232 ipsis
466 2180 622 2229 verbis,
653 2187 775 2232 prout
792 2180 947 2232 jacent,
979 2180 1096 2218 etiam
1128 2193 1218 2217 cum
1236 2180 1370 2219 naevis
1397 2179 1478 2218 suis
1503 2179 1737 2231 descriptiS,
1767 2185 1815 2218 ut

350 2238 489 2275 iterata
510 2237 704 2286 editione,
733 2236 875 2275 huicce
901 2237 1012 2288 quod
1035 2235 1264 2274 recudimus
1294 2236 1472 2275 Paschali
1491 2235 1686 2275 Chronico
1706 2249 1815 2288 pro-

350 2300 442 2346 pter
472 2293 744 2343 cognationem
772 2294 976 2342 materiae,
1007 2298 1173 2345 propter
1202 2293 1352 2332 scilicet
1382 2292 1589 2332 Paschales
1618 2292 1815 2331 observa-

347 2350 499 2398 tiones,
530 2349 820 2400 adjungeretur.
880 2350 1090 2388 Caeterum
1108 2363 1188 2386 non
1207 2349 1341 2388 eadem
1360 2350 1521 2387 omnino
1544 2349 1664 2399 serie,
1695 2352 1821 2400 quam'

348 2405 470 2444 index
501 2407 697 2457 praefert,
735 2407 927 2446 sectiones
954 2406 1020 2444 vel
1046 2406 1174 2457 capita
1202 2406 1351 2458 ubique
1383 2399 1676 2444 describuntur.
1734 2403 1815 2443 Sed

351 2468 392 2502 et
422 2462 532 2500 deest
560 2469 803 2513 postremum
836 2469 979 2514 caput,
1012 2461 1119 2513 quod
1151 2463 1310 2501 nomina
1336 2461 1618 2515 Episcoporum
1647 2459 1814 2510 Romae,

351 2519 522 2572 eisquiS,
563 2529 657 2572 quot
682 2520 795 2557 annis
829 2517 1023 2572 praefuit,
1064 2518 1311 2557 continebat:
1353 2532 1458 2567 non,
1494 2518 1555 2555 uti
1588 2523 1723 2556 censet
1750 2516 1816 2555 vir

350 2574 603 2612 doctissimus
625 2573 694 2625 1)‚
737 2575 845 2626 quod
876 2575 967 2612 ideo
999 2574 1183 2612 omissum
1212 2575 1335 2613 fuerit
1363 2590 1385 2613 a
1406 2573 1608 2623 Librario,
1646 2572 1737 2624 quia
1765 2572 1814 2611 ab

349 2631 568 2670 Eusebiano
604 2630 819 2680 Chronico,
861 2632 927 2668 cui
964 2629 1223 2677 adhaerebat,
1271 2643 1508 2683 magnopere
1547 2629 1814 2681 discreparet3

352 2687 462 2739 quod
481 2700 573 2726 sane
591 2687 662 2727 vix
694 2687 889 2740 quispiam
916 2686 991 2726 sibi
1014 2687 1269 2739 persuadeat,
1300 2687 1370 2726 sed
1393 2687 1526 2739 potius
1546 2685 1657 2739 quod
1674 2698 1822 2725 revera>

221 1325 255 1385 Y
275 1323 316 1377 1.⁹

268 1380 319 1403 SIC

399 2821 441 2866 ¹)
472 2821 569 2856 Joan.
605 2820 811 2856 Pearsonius
843 2819 1005 2866 Episcop.
1039 2819 1151 2855 Cestr.
1183 2819 1219 2853 in
1247 2818 1394 2853 Dissert.
1429 2818 1473 2853 de
1504 2829 1652 2855 success.
1674 2817 1814 2865 primur.

444 2867 611 2913 Episcop.
628 2869 756 2903 Romae
778 2878 855 2913 cap.
882 2868 936 2901 10.
961 2878 992 2900 n.
1020 2868 1051 2901 1.
