1820 3276
249 187 377 235 ,416
841 187 1157 231 ΝΟΤΑΕ

128 1326 157 1360 Ρ
180 1325 250 1362 576

130 2291 160 2326 V
183 2290 252 2327 508

278 299 457 339 Priscum
485 297 550 336 alii
569 302 662 335 sunt
680 298 905 348 prosecuti,
935 296 1181 338 Jornandes'
1169 312 1211 336 m
1231 298 1389 351 primis,
1410 298 1602 349 Evagrius
1623 298 1694 339 lib.
1709 312 1739 337 1

282 370 371 408 cap.
394 368 496 393 xv11.
524 353 778 392 Marcellinus
801 356 961 403 Comes,
991 357 1188 408 Prosper,
1218 355 1500 408 Theophanes,
1532 362 1606 395 etc.

391 410 484 461 Pag
516 411 609 453 588.
642 413 679 452 6.
740 407 901 465 Κύρος]
938 413 995 451 De
1021 426 1099 464 quo
1135 412 1404 451 consulendus
1429 413 1586 454 Henric.
1618 412 1738 451 Vale-

279 468 361 506 sius
385 467 436 506 ad
453 469 512 506 Ev
515 468 667 518 agrium
696 466 765 505 lib.
786 482 812 506 1
844 481 931 521 cap.
953 483 1040 509 mx.

393 527 485 575 Pag
515 526 609 566 588.
652 526 691 565 8.
759 525 835 572 Εἰς
859 522 933 576 τήν
955 523 1183 578 καροΰχαν]
1220 525 1312 572 Leg.
1340 526 1546 576 προῆλθεν
1577 523 1632 571 εἰς
1661 519 1737 576 τήν

277 596 491 634 καρουχαν.
550 579 636 617 Alia
666 580 836 631 proinde
865 581 942 620 fuit
976 595 1142 620 carruca
1171 581 1366 619 Praefecti
1396 581 1490 619 Urbi
1521 595 1543 618 a
1571 593 1735 619 carruca

279 638 474 677 Praelecli
495 637 725 686 Praetorio,
758 651 857 688 quae
883 639 998 689 longe
1026 639 1128 676 forte
1154 644 1297 675 ornatu
1325 638 1487 676 alteram
1509 636 1735 686 excesserit,

279 695 437 733 tametsi
465 694 504 731 in
538 693 687 731 Notitia
714 694 872 746 impelii
905 693 1173 733 Occidentalis
1206 707 1291 746 cap.
1316 708 1377 734 111.
1409 700 1447 732 et
1478 707 1536 733 Ν.
1565 699 1738 744 utraque

279 751 398 790 simili
423 750 655 789 delineetur.
713 751 838 789 Porro
858 752 1052 790 Praefecti
1071 751 1277 789 Praetorio
1304 763 1495 789 carrucae
1522 745 1671 788 mentio
1692 748 1739 788 fit

277 809 380 847 infra
403 807 475 845 sub
506 819 653 845 annum
681 820 763 845 XVI.
796 808 985 858 Zenonis,
1024 813 1068 846 ut
1091 807 1284 845 Praefecti
1314 807 1408 845 [hbi
1434 806 1507 846 sub
1537 820 1625 844 ann.
1645 819 1738 845 xus.

278 864 452 904 Arcadii.
511 862 789 912 Trahebantur
819 878 1007 904 carrucae
1038 878 1093 903 1v.
1123 864 1236 915 equis
1279 865 1318 902 in
1353 864 1484 902 fronte
1520 861 1737 915 dispositis,

277 922 339 960 uti
359 920 595 959 exhibentur
611 919 652 957 in
677 920 814 959 eadem
833 918 995 960 No'titia.
998 925 1001 927 ’
1054 920 1317 972 Theophanes
1340 920 1568 959 describens
1587 919 1739 958 adven-

279 986 364 1017 turn
382 977 586 1016 Heraclii
574 991 616 1014 ln
635 977 775 1015 urbem
797 978 1294 1029 Constantinopolitanam,
1316 978 1496 1016 consecto
1518 975 1625 1015 bello
1646 976 1738 1014 Per-

281 1036 385 1074 sico:
417 1037 581 1085 Εφερον
604 1032 647 1073 δὲ
668 1033 737 1073 καὶ
759 1031 888 1101 ὄχημα
916 1031 1021 1076 ὅπου
1042 1035 1351 1101 ἐκαβαλίκευσαν
1382 1034 1424 1074 οἷ
1448 1030 1573 1074 παλαι
1602 1033 1644 1074 οἱ
1659 1035 1739 1073 Βα-

257 1095 401 1140 ,σιλεῖς
430 1106 526 1143 μετα
554 1086 757 1142 τεσσαρων
786 1087 937 1144 τρόχων
965 1086 1370 1162 ἆρΓγυροδιαχρύσων,
1403 1090 1472 1130 καὶ
1498 1087 1626 1143 φᾶρια
1652 1088 1739 1130 τέσ-

281 1161 383 1215 σαρα
401 1144 549 1200 μεγαλα
580 1146 649 1186 καὶ
670 1145 885 1198 θαῦμαστοὶ
911 1147 979 1187 καὶ
1003 1144 1193 1187 ὁλόλευκοι
1222 1143 1412 1199 σύροντες
1436 1162 1532 1194 τους
1558 1144 1739 1198 τροχοὺς,

281 1201 392 1252 ὅπως
414 1204 566 1257 καθίσῃ
595 1202 617 1243 ὁ
634 1200 864 1250 Βασιλευς’
847 1199 905 1244 επ’
932 1200 1068 1244 αὐτοῦ.
1104 1204 1218 1242 Adde
1244 1202 1393 1256 Chryse
1386 1210 1570 1242 stomum
1591 1203 1738 1244 Homil.

325 1261 413 1301 ‚de
445 1259 719 1297 Mise1icordia
747 1260 827 1297 Dei.

395 1316 489 1366 Pag
515 1317 707 1359 588.11.
768 1313 975 1369 Εσπερινά
994 1315 1133 1368 φῶτα]
1166 1317 1220 1355 De
1249 1315 1360 1355 hisce
1380 1315 1598 1356 luminibus
1624 1329 1742 1367 quae-

279 1374 368 1412 dam
387 1372 667 1411 adnotavimus
696 1372 765 1411 lib.
792 1387 820 1410 1.
852 1373 1151 1424 Constantinop.
1174 1372 1318 1413 Christ.
1352 1380 1447 1412 sect.
1468 1386 1601 1412 xxvn.
1620 1373 1670 1413 N.
1696 1386 1743 1412 11.

279 1444 368 1484 pag.
389 1432 454 1472 90.
496 1429 704 1467 Caeterum
725 1429 828 1468 infra
850 1444 944 1468 mox
967 1431 1077 1480 lege,
1096 1426 1303 1483 ἐχόλωσεν.

390 1486 485 1536 Pag.
516 1488 612 1528 588
660 1488 724 1528 16.
783 1486 861 1533 Εἰς
882 1483 1107 1555 Σμύρνην]
1140 1487 1199 1525 Ita
1222 1487 1337 1524 etiam
1355 1485 1630 1539 Theophanes.

393 1542 490 1593 Pag.
522 1542 616 1584 588.
647 1546 714 1584 21.
771 1546 937 1592 Ητησαν
971 1540 1095 1584 αὐτὸν
1136 1541 1459 1597 προσφωνῆσαι]
1500 1544 1539 1581 S.
1569 1541 1756 1589 Ambro-v

279 1600 360 1639 sius
385 1600 455 1637 lib.
485 1613 515 1640 1.
551 1599 599 1637 de
630 1598 783 1637 Officiis
815 1599 1112 1648 Ministroru1n‚
1143 1600 1192 1638 de
1221 1614 1261 1638 se
1292 1599 1424 1637 adhuc
1452 1598 1743 1638 catechumeno

279 1657 322 1695 in
343 1656 587 1708 Episcopum
615 1655 762 1694 electo:
792 1656 879 1706 Ego
904 1660 993 1695 enim
1012 1661 1138 1708 raptu-s·
1155 1657 1197 1695 de
1216 1657 1474 1705 tribunalibus,
1505 1661 1611 1708 atque
1626 1656 1743 1694 admi-

277 1715 500 1752 nistrationis
529 1711 657 1763 infulis
681 1713 731 1750 ad
755 1712 1004 1752 Sacerdotium
1017 1743 1028 1762 ‚
1059 1714 1177 1752 docere
1198 1727 1258 1751 vos
1277 1716 1372 1765 coepi
1390 1713 1482 1765 quod
1502 1715 1575 1764 ipse
1600 1721 1668 1751 ‘non
1686 1713 1746 1752 di-

279 1771 364 1808 dici.
424 1770 553 1821 Itaque
582 1769 726 1820 factum
752 1773 804 1807 est
841 1774 882 1808 ut
916 1773 1022 1822 prius
1049 1771 1168 1809 (locere
1197 1772 1380 1821 inciperem
1400 1799 1412 1818 ,
1461 1783 1566 1821 quam
1602 1770 1743 1808 discere.

278 1826 328 1865 Et
355 1826 494 1877 paullo
535 1831 647 1864 ante:
701 1826 787 1877 Cum
814 1826 897 1874 jam
931 1827 1083 1877 effugere
1106 1841 1173 1865 non
1199 1830 1374 1878 possimus
1403 1826 1554 1877 officium
1584 1826 1745 1876 docendi,

280 1884 373 1934 quod
404 1883 501 1920 nohis
522 1881 779 1932 refugientibus
807 1884 971 1933 imposuit
993 1883 1197 1922 Sacerdotii
1216 1883 1440 1921 necessitudo.

392 1938 486 1988 Pag
516 1937 610 1980 589.
642 1939 680 1980 5.
740 1941 833 1985 Εως
856 1935 1038 1980 θανάτου
1059 1935 1222 1990 αυτοῦ]
1240 1940 1426 1977 Testatur
1448 1938 1590 1978 suidas
1620 1939 1746 1978 vitam

279 1995 520 2048 produxisse
538 1995 685 2046 Cyrum
707 2008 834 2046 usque
862 1995 909 2032 ad
931 2001 1112 2048 tempora
1131 1996 1272 2034 Leonis
1293 1996 1345 2034 Μ.

394 2051 489 2102 Pag.
518 2050 614 2095 589.
645 2054 684 2093 7.
743 2047 987 2108 Αὕδυναίῳ]
1020 2052 1117 2091 eod.
1137 2052 1262 2094 vatic.
1281 2047 1492 2107 Αυδυνέῳ.
1528 2052 1594 2090 Sic
1619 2050 1745 2091 inter-

282 2107 376 2146 dum
396 2108 554 2147 variant
575 2107 697 2148 codd.
721 2107 828 2146 MSS.

395 2164 490 2204 Ibi.d
554 2165 823 2219 Τρωαδησίων
845 2163 1049 2218 ἐμβόλων]
1081 2164 1428 2217 Constantinopol.
1445 2163 1591 2204 Christ.
1601 2163 1680 2206 .lib.
1697 2177 1744 2204 11.

278 2227 375 2262 sect.
386 2235 456 2260 111.
487 2235 526 2259 n.
549 2235 609 2260 111.

392 2278 489 2328 Pag.
521 2278 615 2322 589.
648 2279 686 2319 8.
735 2276 819 2318 En).
853 2274 1023 2331 χρόνον]
1062 2277 1287 2329 Legendum
1318 2277 1482 2317 videtur
1519 2272 1744 2331 ἐκράτησαν

278 2330 353 2387 γὰρ
377 2333 441 2374 ἐπὶ
461 2330 627 2386 χρόνον,
649 2341 724 2373 etc.
746 2340 793 2372 ut
817 2348 919 2373 anno
941 2338 1136 2375 ekavm.

393 2391 488 2440 Pag
519 2390 709 2432 589.17.
774 2387 910 2444 Τούτῳ
937 2407 990 2443 τῳ
1025 2391 1120 2441 ε’τει]
1160 2391 1365 2440 Quaedam
1393 2364 1595 2429 hocloco
1624 2381 1747 2427 habe't

279 2446 462 2498 Scriptor
486 2445 673 2484 Chronici
704 2445 754 2484 de
783 2454 911 2486 morte
934 2447 1150 2486 Theodosii
1176 2448 1264 2488 Jun.
1296 2447 1344 2486 ab
1370 2447 1457 2485 aliis
1476 2445 1650 2495 indicta,
1678 2445 1773 2485 vel-

281 2509 387 2542 certe
407 2503 540 2541 minus
570 2502 782 2554 explicata.

393 2559 610 2610 Pag.589.
645 2561 708 2599 19.
765 2561 932 2599 Λευκοῦ
960 2559 1169 2612 ποταμοῦ]
1201 2559 1266 2597 Sic
1293 2558 1388 2598 Cod.
1416 2558 1542 2599 vatic.
1574 2558 1646 2598 sed
1677 2557 1746 2597 le—

284 2615 454 2666 gendum
481 2612 646 2664 Λύκου,
674 2620 718 2652 ut
749 2627 870 2666 supra
903 2629 1007 2653 anno
1038 2630 1114 2655 xn.
1139 2614 1371 2666 Domitiani,
1402 2614 1561 2654 fluvioli
1591 2614 1747 2654 scilicet

283 2672 340 2710 ita
369 2672 575 2736 appellati,
597 2670 664 2723 qui
689 2670 832 2709 Urbem
856 2671 1336 2723 constantinopolitanam
1354 2671 1623 2724 praeterfluit,
1643 2677 1744 2710 tam-

283 2719 355 2766 etsi
393 2729 450 2766 ita
483 2727 625 2772 habeat
655 2725 888 2766 Theodorus
926 2728 1067 2767 Lector
1097 2729 1229 2778 Eclog.
1258 2742 1288 2767 1.
1320 2729 1404 2767 init.
1436 2728 1506 2768 ubi
1535 2741 1745 2781 perperam

284 2784 421 2824 scribit
440 2784 706 2824 Theodosium
731 2783 783 2822 ad
813 2784 1063 2823 venationem
1092 2797 1310 2836 egressum,
1341 2785 1397 2833 εἰς
1417 2780 1596 2825 Λεύκιον
1614 2799 1744 2824 ποτα-

283 2838 362 2894 μόν
395 2845 678 2896 παοαχθῆναι,
715 2847 756 2880 et
786 2841 965 2893 sequenti
1006 2846 1122 2880 nocte
1162 2848 1385 2881 mortuum:
1436 2855 1525 2880 cum
1558 2841 1744 2894 Scriptor
