1820 3276
455 203 516 248 ΙΝ
549 204 880 251 CHROMCON
912 206 1203 253 PASCHALE.
1470 207 1568 258 481

101 312 206 353 Solis
234 327 299 354 m.
327 313 486 354 tametsi
516 320 672 355 constet
700 314 917 357 Auctorem
951 331 1093 358 vocem
1123 317 1358 360 indictionis
1382 332 1459 374 pro
1489 321 1573 375 Cy-

102 371 170 410 clo
196 370 302 410 Solis
329 371 396 410 vel
425 371 562 411 Lunae
590 372 796 412 interdum
823 388 1036 428 usurpare.

216 426 314 478 Pag·
342 429 438 472 698.
470 428 535 470 15.
594 431 660 469 Εν
691 431 918 472 Ινδικτιοὸνι
947 426 1117 484 σελήνης
1145 427 1230 486 ιγ’.]
1260 432 1500 473 Addendum
1531 430 1571 475 ι’.

98 482 393 536 legendumque
430 482 600 537 σελήνης
635 480 697 532 ις’.
727 488 935 538 quomodo
964 487 1172 529 edidimus.
1229 489 1328 528 Nam
1357 489 1438 530 hoc
1468 505 1573 530 anno

100 539 250 579 Christi
280 541 436 591 vulgari
464 555 696 585 cccxxxvn.
728 543 839 582 Luna
870 558 954 585 x1v.
983 550 1069 584 erat
1096 544 1195 596 ipsis
1224 546 1313 587 Kal.
1343 546 1473 599 April.

215 596 311 648 Pag.
343 600 440 640 698.
472 600 538 642 18.
595 602 691 648 Εως
717 602 793 640 τοῦ
821 597 990 653 Πάσχα]
1029 602 1066 640 A
1099 600 1290 641 Paschate
1327 604 1418 642 anni
1456 603 1570 643 Chri-

98 652 148 692 sti
180 667 411 695 cccxxxvii.
442 668 523 706 quo
552 667 574 693 e
601 655 710 695 vivis
739 658 912 696 excessit
940 658 1224 697 Constantinus
1257 659 1308 698 M.
1338 660 1387 698 ad
1418 660 1570 699 Pascha

97 710 191 749 anni
219 724 329 750 ncrx.
368 711 480 762 quod
517 711 660 751 incidit
696 713 739 751 in
767 714 874 753 diem
901 727 1000 757 xxx.
1031 715 1188 765 Martii,
1228 715 1429 756 intersunt
1463 721 1572 758 Τπα-

96 766 451 863 ἷὲἕεοὲἱῖιέοέᾆῗ
474 769 1042 879 fflii‘z‘’cssssfifff¹¹s·03¹;¹3.
1054 771 1572 882 qssffessussssmlu‘ssifflssffi

97 879 310 929 chronici,
354 887 480 934 prout
516 895 639 935 supra
676 883 854 934 ponitur.
914 884 973 923 lta
1013 885 1117 932 enim
1149 891 1259 924 recte
1288 887 1464 939 praefert
1491 886 1572 926 hoc

95 936 187 976 loco
221 937 360 976 Codex
389 938 604 981 Vaticanus
633 935 698 992 ιβ’.
718 954 794 993 pro
817 937 887 981 ιθ’.
916 942 1121 994 quomodo
1151 942 1339 982 ediderat
1367 943 1571 983 Raderus:

94 993 207 1046 quod
248 994 439 1034 mendum
476 995 716 1036 subodorati
753 1004 866 1037 erant
906 999 985 1037 viri
1015 998 1238 1038 doctissimi
1267 999 1502 1039 Holstenius
1532 1007 1573 1038 et

94 1051 187 1090 Ant.
232 1051 411 1091 Allenus.
466 1051 667 1092 Hautinus
703 1067 802 1094 vero
842 1068 920 1109 pro
955 1057 1030 1109 τῆς
1068 1051 1139 1097 νθ’.
1168 1054 1344 1110 ἡλιακῆς
1371 1070 1573 1110 reponen-

95 1107 192 1147 dum
222 1107 411 1147 censebat
446 1111 702 1163 σεληνιακῆς.

207 1164 304 1216 Pag.
334 1166 430 1209 699.
463 1169 500 1208 1.
562 1169 652 1207 Τῶν
680 1165 809 1222 ἁγίων
837 1164 911 1221 μ’.]
948 1168 1294 1222 Constantinopol.
1326 1167 1471 1208 Christ.
1503 1169 1572 1209 lib.

93 1233 150 1260 xv.
185 1227 280 1261 sect.
313 1235 352 1261 v.
384 1234 424 1262 n.
454 1235 614 1261 Lxxxv.

207 1277 303 1318 Rvid.
363 1279 549 1331 Πλησίον
577 1282 654 1322 τοῦ
681 1282 832 1334 χαλκοῦ’
862 1278 1144 1336 Τετραπύλου]
1172 1280 1274 1321 Ibid-
1303 1281 1374 1323 lib.
1406 1295 1449 1321 n.
1480 1288 1573 1322 sect.

93 1347 180 1375 xvl.
212 1349 253 1374 n.
276 1347 483 1376 Lxxxvnx.

206 1392 301 1443 Pag.
333 1394 429 1435 699.
457 1394 498 1436 3.
561 1389 702 1450 Τούτῳ
725 1396 784 1450 τῷ
807 1392 908 1446 ἔτει]
939 1394 998 1433 De
1025 1392 1105 1433 hac
1134 1393 1292 1434 Africae
1321 1401 1362 1434 et
1391 1394 1572 1435 Alexan-

92 1447 204 1487 driae
241 1448 487 1500 defectione,
532 1456 573 1490 et
607 1450 821 1490 interfecto
854 1450 1127 1490 Alexandrino
1157 1450 1413 1498 Pau-iambe,
1455 1453 1574 1492 silent

91 1504 376 1559 Theophanes,
414 1505 619 1547 cedrenus
655 1513 695 1547 et
733 1507 888 1547 Auctor
929 1506 1120 1547 Chronici
1156 1507 1386 1548 Orientalis.
1444 1509 1483 1547 Is
1513 1515 1574 1549 est

90 1574 218 1615 porro
246 1561 480 1603 Patriarcha
507 1563 764 1615 Theodorus,
794 1578 914 1616 quem
942 1564 1047 1604 idem
1078 1563 1341 1618 Theophanes
1373 1579 1500 1605 annos
1522 1580 1571 1605 11.

92 1618 373 1659 Pontificatum
402 1620 583 1660 tenuisse
614 1620 771 1671 innuit,
802 1621 949 1674 cuique
977 1634 1251 1663 successorem
1280 1622 1427 1662 tribuit
1453 1623 1574 1663 Joan-

90 1688 183 1715 nem
213 1676 347 1716 statim
375 1676 451 1716 sub
479 1690 629 1717 annum
657 1678 788 1717 Focae
815 1691 887 1720 vu.

204 1733 301 1773 aid.
362 1733 446 1775 Καὶ
470 1731 662 1786 σφάζεται
680 1731 762 1776 eino
784 1733 1003 1788 ἕναντίων]
1034 1734 1093 1774 An
1124 1734 1175 1774 ab
1203 1733 1441 1784 haereticis,
1472 1749 1573 1788 quo·

91 1789 212 1828 modo
242 1789 270 1829 ii
299 1786 509 1832 ἀντίπαλοι
536 1790 730 1832 dicuntur
756 1791 800 1830 in
829 1791 1048 1846 Epitaphio
1076 1791 1231 1832 Nicolai
1262 1793 1364 1833 Patr.
1395 1792 1569 1832 Alexan-

90 1845 198 1886 drini
224 1846 295 1886 lib.
317 1861 378 1886 111.
409 1846 572 1887 Anthol.
601 1862 690 1902 cap.
720 1862 750 1888 1.

203 1902 301 1955 Pag.
329 1906 426 1948 699.
455 1903 496 1948 4.
556 1902 740 1947 Παὺεται
765 1902 812 1946 δὲ
838 1903 908 1946 καὶ
939 1901 1158 1958 Ισαᾶκιος]
1198 1905 1272 1944 Cui
1313 1919 1439 1945 annos
1477 1919 1568 1945 vm.

88 1959 346 2000 Pontificatus
373 1960 558 2001 tribuunt
579 1961 834 2016 Nicephorus
864 1962 1214 2016 constantinopol.
1249 1962 1293 2001 in
1323 1962 1567 2014 chronolog.

89 2021 132 2056 et
165 2016 450 2071 Theophanes:
492 2017 710 2060 Zachariae
738 2032 835 2059 vero
864 2019 1119 2070 Successori,
1158 2016 1239 2073 πρό
1268 2021 1343 2072 τῆς
1371 2017 1567 2073 αἰχμαλώ-

91 2084 215 2125 σεως,
245 2088 371 2114 annos
398 2088 508 2117 xxn.

204 2130 299 2184 Pag-
328 2134 425 2174 699.
453 2136 492 2176 7.
548 2130 732 2185 Αεδέσα]
765 2132 933 2182 Edessa,
965 2146 1084 2186 quam
1113 2132 1317 2173 Αἴδεσσαν
1343 2145 1469 2186 supra
1499 2146 1569 2185 ap-

90 2187 286 2239 pellavit,
334 2188 402 2228 alii
442 2189 640 2231 Εὸεσσαν.
710 2189 823 2228 Hanc
860 2189 1000 2243 paullo
1038 2195 1129 2228 ante
1170 2195 1387 2242 occuparat
1422 2190 1570 2228 Narses

89 2243 306 2295 Patricius,
334 2250 420 2284 tum
448 2245 492 2284 in
520 2246 665 2285 Focam
690 2246 872 2297 rebellis,
910 2260 958 2285 ac
987 2246 1133 2286 deinde
1161 2245 1390 2296 dimiserat,
1430 2252 1478 2285 ut
1505 2252 1569 2286 est

89 2301 197 2354 apud
226 2300 527 2354 Theophanem.

203 2357 300 2410 Pag.
329 2361 425 2403 699.
457 2361 525 2402 10.
580 2356 723 2416 Ημὲρᾳ
753 2355 813 2411 ς’.]
846 2357 1010 2411 Quippe
1041 2357 1245 2398 Paschatis
1274 2357 1359 2398 dies
1387 2357 1468 2398 hoc
1489 2371 1566 2397 an·—

89 2428 143 2454 no
181 2414 318 2455 extitit
358 2428 446 2455 xxx.
484 2415 650 2468 Aprilis.
708 2414 883 2457 Proinde
925 2414 996 2455 hic
1042 2422 1151 2457 recte
1192 2414 1393 2468 quadrant
1429 2415 1567 2463 feriae,

89 2477 370 2526 praeterquam
387 2472 442 2511 ,in
467 2485 613 2524 magno
641 2472 836 2522 Sabbata,
865 2473 978 2525 quod
1002 2471 1045 2511 in
1074 2472 1169 2512 edit.
1200 2472 1423 2513 Raderiana
1452 2470 1566 2524 poni-

89 2535 159 2568 tur
191 2541 284 2568 vm.
321 2542 399 2582 pro
433 2542 553 2570 xvm.
597 2527 770 2582 Aprilis,
811 2535 851 2569 et
886 2543 942 2568 vr.
980 2529 1146 2570 Octobr.
1190 2529 1254 2568 die
1291 2529 1450 2576 Lunae,
1491 2526 1563 2579 qui

90 2585 168 2625 fuit
194 2598 236 2624 v.
264 2589 384 2638 atque
410 2585 467 2628 ita
497 2586 820 2627 emendavimus:
846 2585 947 2626 haec
976 2587 1081 2626 enim
1112 2599 1187 2639 per
1213 2599 1256 2624 se
1284 2589 1435 2638 patent.
1495 2582 1564 2622 Sic

89 2641 133 2680 in
167 2642 344 2681 numeris
382 2655 500 2697 saepe
534 2649 706 2696 peccant
745 2642 984 2696 Antiquarii.
1041 2643 1122 2682 Sed
1153 2648 1193 2682 et
1221 2655 1300 2694 pro
1330 2643 1381 2696 τῇ
1408 2636 1459 2693 η’.
1487 2641 1564 2681 τοῦ

91 2699 354 2752 Αρτεμισίου,
376 2705 452 2741 etc.
481 2700 559 2752 leg.
590 2699 825 2750 Ξανθικοῦ,
854 2700 922 2739 cui
949 2699 1167 2754 respondet
1194 2696 1353 2750 Aprilis.

206 2755 301 2806 Pssg-
331 2757 429 2799 699·
459 2756 526 2799 15.
585 2757 668 2799 Καὶ
699 2752 1013 2812 Πτωχοτρὸφος]
1045 2756 1174 2804 Alius,
1203 2754 1245 2793 ni
1266 2752 1400 2804 fallor,
1431 2766 1453 2791 a
1474 2753 1566 2792 Ser-

94 2811 181 2864 gio,
212 2824 330 2863 quem
359 2811 580 2852 Diaconum
609 2815 812 2854 duntaxat
837 2813 1050 2865 indigitant
1078 2811 1318 2863 Scriptores.

205 2868 301 2907 nid.
363 2866 500 2923 Φρούξ
526 2869 708 2924 λιμένος]
752 2871 861 2911 Haec
898 2871 958 2910 sic
996 2867 1205 2920 distinguit
1234 2865 1436 2907 liuderus:
1476 2862 1566 2902 Ρίθ-

151 2938 346 2976 Gbrmu‘cooe
375 2940 542 2978 Pascha&
569 2943 639 2978 ool.
670 2943 720 2978 11.
1229 2935 1283 2978 31
