1832 3276
244 185 344 232 562
716 185 1240 228 ANIMADVERSIONES

244 295 455 348 phaxadus
487 294 621 331 Cinam
651 290 774 346 (Sive
805 293 997 346 Cainam)
1029 293 1148 332 caina
1177 293 1300 344 gignit
1327 293 1479 340 Salam,
1508 294 1597 333 Sala
1627 294 1708 333 He-

245 353 330 400 ber,
358 351 431 390 sub
461 364 541 401 quo
570 352 694 388 turris
720 350 875 389 molitio
906 357 1059 403 coepta.
1118 351 1267 389 Eodem
1297 350 1416 388 modo
1446 350 1486 388 in
1519 350 1707 390 Panario:

247 407 340 460 Σὴμ
367 407 504 448 τοίνυν
532 409 658 462 γεννᾷ
684 405 753 447 τὸν
770 402 982 460 Λρφάξαδ,
1011 403 1209 459 Αρφάξαδ
1236 404 1307 447 τόν
1338 409 1469 458 Κηνᾶ,
1499 409 1620 458 Κηνᾶ
1636 405 1708 448 τόν

248 467 382 513 Σαλᾶ,
413 465 528 502 Σαλᾶ
556 461 622 503 τὸν
652 465 783 516 Εβερ,
817 469 890 503 etc.
950 464 1069 512 Quod
1098 470 1230 502 autem
1258 463 1300 501 in
1329 464 1398 506 55.
1429 461 1582 503 haeresi
1612 463 1711 502 omi-

247 521 345 559 serit
373 517 522 567 Καϊνοῖ,
551 519 691 558 fecisse
719 519 880 558 videtur
907 518 958 558 ob
987 520 1215 568 samaritas,
1251 525 1390 558 contra
1420 532 1520 571 quos
1547 519 1603 558 ibi
1628 519 1711 559 dis.
1781 553 1785 557 .

246 582 365 630 putat
395 589 444 614 ex
474 589 612 614 eorum
650 576 874 626 volumine,
897 573 980 628 'qui
1015 576 1220 615 Hebraicis
1258 575 1473 615 utebantur
1504 577 1712 629 exempla-

247 635 385 680 ribus,
413 633 456 670 in
482 632 625 682 quibus
656 631 793 673 Καϊνοὲ
821 632 943 672 deest.
1002 633 1103 684 Lege
1131 633 1326 671 Graecum
1356 631 1516 672 Eusebii
1544 631 1713 671 chroni-

251 704 347 741 con,
375 690 416 727 in
445 702 525 740 quo
559 688 681 727 verba
710 703 759 728 ex
788 689 1066 728 Samaritarum
1096 689 1316 741 exemplari
1343 695 1559 741 ponuntur.
1678 698 1681 701 '
1714 734 1717 737 ¹

312 773 315 776 ⁴
361 746 430 784 IX.
490 745 566 788 Qui
591 759 676 795 ergo
698 746 861 799 fuerint,
892 750 925 784 et
954 759 1043 798 quas
1071 747 1162 784 orbis
1187 749 1308 798 partes
1339 746 1450 784 divisi
1475 744 1710 798 habitarint]

249 803 360 851 Quae
391 805 571 852 sequitur
599 802 705 840 orbis
734 809 862 842 terrae
889 803 1054 854 partitio
1083 815 1133 841 ex
1162 802 1402 855 Epiphanio,
1431 802 1619 853 Eusebio,
1647 802 1712 841 Jo-

248 858 394 912 sepho,
433 858 645 908 Africano,
685 865 726 897 et
766 859 853 897 aliis
890 865 950 898 est
985 859 1234 911 deprompta.
1301 859 1413 897 Unde
1451 865 1490 897 et
1524 858 1713 911 anonymi

249 916 330 954 duo
361 915 474 953 latini
502 928 571 953 seu
599 914 887 954 barbarolatini
917 914 1212 967 chronographi
1249 928 1338 953 suas
1374 921 1505 954 terrae
1541 915 1714 953 divisio-

249 986 320 1011 nes
343 971 656 1025 descripserunt,
684 984 853 1023 quorum
883 972 984 1011 alter
1011 972 1184 1010 secundo
1213 967 1324 1010 tomo
1354 972 1548 1023 Antiquae
1571 972 1715 1011 lectio-

248 1029 312 1067 nis
342 1028 505 1066 Henrici
537 1028 681 1066 Canisii
716 1029 945 1067 continetur
983 1041 1072 1067 cum
1111 1028 1187 1066 hac
1224 1028 1508 1080 inscriptione:
1550 1028 1715 1067 Collectio

249 1086 416 1124 historica
445 1085 746 1135 chronographica
774 1098 818 1122 ex
848 1085 1029 1135 Anonymo
1061 1087 1124 1135 qui
1149 1086 1213 1122 sub
1241 1084 1446 1122 Alexandro
1480 1084 1611 1123 Severo
1637 1085 1717 1123 Im-

246 1145 408 1193 peratore
443 1143 564 1190 vixit,
616 1141 799 1179 collectore
839 1141 948 1178 Gallo
987 1141 1138 1191 quodam
1179 1140 1302 1179 Caroli
1337 1142 1463 1190 magni
1498 1143 1714 1192 temporibus.

251 1199 363 1236 Alter
390 1198 429 1234 in
460 1196 647 1234 thesauro
678 1195 899 1235 Eusebiano
930 1209 1018 1234 cum
1049 1195 1126 1234 hoc
1161 1196 1304 1234 titulo:
1341 1197 1527 1249 Excerpta
1561 1198 1717 1236 utilissi-

250 1268 309 1292 ma
337 1267 381 1291 ex
406 1256 524 1304 priore
552 1254 640 1291 libro
669 1253 917 1303 chronologico
945 1253 1100 1290 Eusebia·
1135 1256 1169 1290 et
1196 1253 1386 1304 Africano,
1421 1257 1456 1291 et
1494 1254 1579 1291 aliis
1607 1255 1718 1293 latine

249 1323 416 1348 conversa
444 1311 488 1347 ab
516 1311 650 1347 homine
676 1310 848 1357 barbaro,
877 1313 941 1347 etc.
1001 1309 1166 1347 Prorsus
1195 1309 1348 1360 gemina
1377 1316 1489 1357 sunt,
1520 1323 1622 1361 quae
1651 1310 1718 1349 hic

250 1367 290 1404 in
323 1373 459 1404 nostro
495 1365 807 1417 Chronographo
845 1372 884 1404 et
911 1365 992 1403 illis
1022 1365 1179 1403 duobus
1220 1366 1349 1416 leges,
1390 1372 1580 1418 quantum
1622 1371 1719 1419 qui·
1772 1383 1774 1386 ¹

252 1423 340 1461 dem
373 1422 423 1460 ad
456 1421 527 1460 has
556 1422 778 1474 primorum
809 1421 1011 1460 hominum
1053 1421 1305 1472 migrationes
1339 1428 1379 1461 et
1417 1423 1595 1461 colonias
1621 1437 1720 1476 per-

251 1479 365 1518 tinet.
423 1479 575 1516 Omitto
605 1478 671 1516 hic
701 1480 769 1530 qui
800 1479 840 1516 in
873 1477 1042 1516 Genesin
1073 1478 1377 1517 commentarios
1402 1480 1606 1531 scripsere.
1646 1493 1720 1519 nec

253 1536 430 1574 exoticos
462 1536 690 1584 Pausanias,
729 1535 997 1584 Ptolemaeos,
1041 1535 1274 1584 strabones,
1319 1534 1590 1588 Phrynichus,
1629 1538 1750 1580 Ste-,

252 1591 433 1644 phanos,
463 1592 636 1639 Plinios,
663 1592 845 1639 Selinos,
876 1592 1023 1641 Melas,
1054 1598 1094 1630 et
1123 1591 1222 1629 alios
1251 1605 1462 1643 recenseo,
1494 1593 1562 1644 qui
1592 1599 1720 1632 terras

253 1649 336 1686 suis
367 1647 556 1687 definiere
587 1648 719 1698 libris,
758 1648 951 1701 populos,
991 1648 1168 1687 colonias
1198 1647 1421 1698 deduxere,
1465 1662 1566 1701 quae
1594 1649 1722 1689 disci-

252 1705 360 1756 plina
391 1705 689 1743 Geometrarum
719 1710 759 1743 et
788 1703 1114 1756 Geographorum
1147 1711 1218 1743 est.

186 1765 232 1799 27
368 1762 418 1801 X.
477 1762 533 1799 De
560 1760 820 1813 Astronomia.]
864 1761 1054 1812 Sequitur
1084 1760 1302 1813 mythicum
1332 1762 1529 1800 saeculum
1557 1776 1626 1801 seu
1657 1764 1723 1801 fa-

253 1817 438 1855 bulosum
469 1818 578 1870 apud
609 1818 788 1856 exoticos
816 1818 1046 1870 scriptores,
1075 1818 1116 1855 in
1149 1831 1229 1869 quo
1257 1818 1291 1855 si
1319 1817 1447 1856 Latini
1478 1832 1567 1857 cum
1599 1820 1723 1859 Grae-

255 1873 332 1921 cis,
368 1879 407 1911 et
432 1873 576 1911 Graeci
603 1874 707 1913 inter
736 1888 776 1913 se
807 1888 887 1912 non
918 1874 1172 1923 conveniant,
1201 1874 1350 1911 mirum
1378 1874 1507 1913 videri
1537 1889 1618 1914 non
1649 1876 1721 1915 de-

254 1930 342 1979 bet,
377 1929 468 1980 quia
509 1930 747 1969 fabulosum.
806 1933 926 1969 Sacra
962 1929 1130 1970 historia
1170 1930 1399 1981 singillatim
1441 1944 1515 1983 per
1553 1932 1722 1971 familias

257 1991 415 2038 patrum
444 1986 716 2024 Hebraeorum
745 1988 1012 2025 continuatur.

370 2042 440 2080 XI.
497 2043 537 2081 E
567 2043 666 2081 Semi
691 2043 833 2094 stirpe]
866 2043 896 2080 E
927 2043 1064 2080 chami
1097 2042 1283 2093 sanguine
1314 2041 1488 2080 Chusum
1509 2050 1643 2082 natum
1664 2044 1726 2082 di-

259 2098 375 2136 vinae
403 2099 562 2137 litterae
591 2099 780 2148 tradunt,
817 2099 975 2150 corrigo
1006 2112 1100 2149 ergo
1129 2105 1307 2137 nostrum
1340 2098 1594 2138 Chronicum.
1653 2102 1723 2139 Ce-

259 2155 407 2193 drenus
435 2154 514 2193 hoc
540 2156 632 2194 loco
663 2156 796 2194 eadem
828 2169 920 2194 cum
949 2161 1087 2194 nostro
1117 2155 1166 2194 de
1194 2157 1388 2204 Saturno,
1418 2156 1543 2206 Pico,
1571 2156 1723 2207 Fauno,

259 2211 482 2261 Mercurio,
520 2212 693 2262 Venere,
735 2212 859 2262 Belo,
896 2213 1130 2260 Zoroastre,
1177 2212 1320 2262 Marte,
1375 2213 1518 2250 Perseo
1558 2219 1598 2251 et
1635 2213 1724 2252 aliis

259 2273 419 2315 narrat,
457 2268 660 2320 multoque
702 2270 818 2320 plura
858 2268 988 2307 addit:
1030 2268 1105 2306 nisi
1144 2268 1253 2319 quod
1281 2271 1321 2307 in
1351 2270 1561 2307 Zoroastre
1589 2276 1725 2309 noster

260 2330 401 2361 auctor
431 2324 507 2361 sibi
533 2338 614 2362 non
644 2332 799 2364 constet
828 2325 936 2375 quod
969 2325 1137 2363 eundem
1160 2326 1277 2363 modo
1300 2325 1449 2374 Chami,
1480 2326 1596 2363 modo
1620 2327 1724 2364 Semi

260 2379 488 2430 progeniem
527 2380 707 2419 affirmet.
766 2382 917 2420 faciunt
945 2382 1171 2419 eorumdem
1200 2382 1269 2420 alii
1301 2382 1441 2420 Graeci
1469 2382 1723 2423 mentionem.

266 2436 376 2474 Unde
406 2449 528 2487 porro
558 2436 793 2487 simulacra,
824 2438 983 2490 copiose
1012 2437 1259 2489 Epiphanius
1288 2444 1448 2477 tractat.

374 2492 481 2530 XIlI.
543 2493 666 2531 Tkara
694 2507 790 2532 Lxx.
823 2497 947 2543 genuit
974 2494 1249 2545 Abral1amum.]
1281 2509 1301 2532 a
1330 2495 1382 2532 M.
1414 2494 1457 2533 C.
1489 2495 1612 2536 3334.

45 2547 61 2564 *
82 2548 246 2582 Jacobum
379 2547 402 2572 *
433 2548 598 2587 variant
625 2549 768 2589 mirum
797 2549 839 2587 in
869 2549 1030 2588 modum
1062 2549 1363 2603 Chronograplii
1388 2550 1500 2588 latini
1525 2557 1563 2589 et
1585 2552 1727 2591 Graeci

68 2594 243 2639 Capellum
261 2604 302 2642 in
333 2604 445 2643 annis
475 2605 523 2643 ab
554 2605 704 2644 Adamo
735 2618 860 2657 usque
888 2606 937 2643 ad
968 2606 1251 2646 Abrahamum.

76 2640 227 2674 ⁰⁰⁰³¹¹¹⁰'
379 2662 423 2699 1).
453 2661 685 2715 Hieronymi
713 2662 870 2712 vulgata
900 2675 950 2699 ex
979 2661 1158 2700 Hebraeo
1182 2663 1304 2701 editio
1325 2663 1438 2714 ponit
1458 2676 1582 2702 annos
1603 2663 1724 2707 1948.

263 2716 399 2754 sudaei
431 2724 598 2770 propter
627 2717 903 2770 complendum
932 2717 1152 2756 Jubilaeum
1186 2720 1527 2771 quadragesimum
1561 2733 1723 2768 nonum,

266 2779 305 2811 et
339 2773 704 2824 quinquagesimum
740 2773 1009 2813 inchoandum
1045 2783 1251 2826 apponunt
1281 2777 1382 2814 duos
1413 2776 1508 2813 dies.
1567 2777 1612 2814 In
1644 2789 1726 2826 quo

265 2829 399 2867 multis
439 2831 565 2870 modis
602 2830 853 2871 vehementer
892 2830 1054 2869 Contius
1094 2831 1257 2872 fallitur.
1322 2833 1492 2871 Primum
1532 2832 1564 2869 si
1605 2834 1724 2875 1950.
