1884 3262
0 3210 8 3258 -Ἷν-
0 3191 5 3197 ¹
0 3143 2 3148 -

452 192 535 233 AD
566 191 894 234 CHRONICON
920 191 1228 235 PASCHALE.
1506 195 1566 241 61

108 321 198 347 cum
219 307 343 346 tribus
362 307 441 346 illis
462 307 688 359 praeteritis
714 307 895 346 conficiat
918 321 1041 345 unum
1071 308 1196 356 diem,
1229 306 1342 359 cujus
1363 320 1480 345 causa
1502 306 1569 344 ille

107 378 233 402 annus
255 370 311 402 est
336 365 576 414 Bissexfifis,
607 377 696 402 cum
723 364 790 402 ille
820 364 905 402 dies
933 371 1164 403 numeretur
1188 365 1254 402 Bis
1282 370 1394 402 sexto
1425 363 1572 400 Kalen-

105 421 176 459 das
195 422 368 462 Martias.
425 422 529 471 Ergo
551 421 681 472 quarti
709 420 856 471 quique
884 422 974 458 anni
1002 435 1023 458 a
1045 421 1210 459 conditu
1225 421 1362 458 mundi
1379 420 1571 457 Bissexti-

106 479 164 515 les
195 473 310 526 sunt,
349 477 392 515 hi
421 491 562 529 nempe
589 478 626 520 4.
655 481 693 519 8.
730 480 794 518 12.
830 477 941 515 verbi
968 478 1112 527 gratia,
1158 478 1267 528 quod
1297 484 1335 516 et
1364 476 1573 514 confirmat

106 534 216 571 Isaac
246 536 425 585 Argyrus
453 535 492 572 in
522 533 717 586 Com'puto
755 532 930 571 Pascbali
968 547 1052 585 cap.
1088 538 1127 576 2.
1166 547 1256 585 pag.
1291 537 1355 575 10.
1393 546 1482 570 cum
1517 533 1572 570 ait

106 590 333 628 Bissextiles
364 605 509 640 annos,
540 604 622 629 esse
647 595 851 641 quartum,
884 597 1094 637 octavum,
1125 596 1164 627 et
1194 596 1500 641 consequentes,
1532 595 1572 627 et

107 660 196 684 cum
222 648 274 684 ait
297 650 359 688 16.
390 661 423 686 c.
441 661 471 685 1.
504 661 542 698 p.
565 647 602 687 4.
635 647 804 698 primum
831 660 974 698 nempe
1001 646 1103 684 diem
1125 660 1146 683 a
1173 646 1303 697 primo
1332 649 1572 697 septimanae

105 703 169 741 die
189 704 388 754 coepisse,
418 703 636 741 secundum
667 718 686 740 a
709 702 908 752 secundo,
941 703 1102 741 tertium
1126 717 1146 739 a
1166 703 1308 751 tertio,
1339 709 1523 753 quartum
1549 716 1572 739 a

104 767 266 810 quarto,
299 760 480 811 quintum
509 767 640 798 autem
671 774 751 797 non
780 773 802 796 a
829 759 989 810 quinto,
1028 759 1098 797 sed.
1129 761 1222 810 quia
1251 766 1416 810 quartus
1449 772 1571 797 annus

102 818 179 854 suit
198 816 439 867 Bissextilis,
470 831 489 854 a
511 823 624 855 sexto
647 816 892 868 septimanae
915 816 978 854 die
997 816 1233 867 incoepisse.
1288 812 1289 815 ¹

215 873 319 911 Anni
342 873 477 911 mundi
502 873 621 925 hujus
643 873 831 911 Chronici
854 872 1008 912 initium
1037 880 1198 911 sumunt
1225 887 1246 910 a
1274 873 1338 910 die
1363 875 1432 914 21.
1458 872 1573 910 Mar-

100 930 166 976 tii,
198 936 242 967 ut
263 929 328 967 hic
347 944 440 982 pag.
469 934 535 972 72.
567 943 657 980 ergo
688 932 840 981 primus
861 929 999 967 mundi
1025 943 1151 967 annus
1172 943 1242 981 per
1261 930 1396 968 decem
1419 929 1571 980 primos

101 987 149 1024 ab
176 987 271 1024 orbe
293 987 456 1024 condito
487 1001 638 1025 menses
667 1000 831 1024 currens
858 986 899 1023 in
926 986 990 1024 die
1021 987 1178 1024 demum
1201 990 1268 1028 20.
1298 985 1440 1024 mensis
1464 984 1572 1024 tertii

100 1043 190 1081 anni
215 1045 436 1094 sequentis,
466 1043 544 1081 hoc
575 1050 633 1082 est
653 1043 795 1082 mensis
818 1043 949 1081 Martii
975 1044 1065 1080 anni
1091 1044 1254 1081 secundi
1276 1043 1432 1081 desinit.
1491 1042 1572 1080 lta-

100 1114 176 1151 que
197 1099 264 1137 hic
286 1106 325 1138 et
347 1099 526 1138 Christus
545 1100 694 1138 dicitur
713 1107 929 1151 conceptus
949 1102 987 1141 8.
1007 1100 1096 1138 Kal.
1124 1100 1284 1151 Apriles
1308 1113 1412 1137 anno
1432 1097 1572 1137 mundi
1595 1103 1628 1138 V
1652 1103 1698 1138 39

98 1156 222 1198 5507.
237 1171 328 1209 pag.
351 1159 443 1199 199.
466 1172 498 1197 c.
522 1164 561 1195 et
581 1157 621 1194 in
646 1158 793 1209 templo
815 1162 1027 1208 susceptus
1047 1171 1068 1193 a
1090 1158 1286 1207 Symeone
1307 1156 1372 1194 die
1394 1161 1432 1198 2.
1452 1157 1568 1194 Febr.

98 1212 191 1251 anni
210 1215 434 1264 sequentis,
465 1214 532 1264 qui
554 1221 635 1251 tum
667 1221 752 1252 erat
770 1213 876 1252 idem
907 1226 1034 1250 annus
1056 1213 1194 1251 mundi
1214 1215 1338 1256 5507.
1358 1228 1453 1265 pag.
1473 1216 1570 1256 205.

98 1283 132 1307 c.
170 1270 377 1320 Repugnat
403 1276 534 1308 tamen
566 1270 675 1321 quod
701 1270 769 1308 hic
800 1270 993 1308 scribitur
1019 1270 1093 1307 sub
1123 1283 1266 1307 annum
1289 1270 1427 1307 mundi
1443 1273 1566 1312 3839.

93 1339 186 1378 pag.
202 1327 256 1367 75
293 1342 326 1366 c.
372 1329 524 1364 Auctor
547 1327 649 1364 enim
671 1326 840 1378 hujusce
862 1326 1049 1364 Chronici
1069 1327 1182 1364 illum
1204 1340 1348 1363 annum
1371 1326 1426 1364 ait
1446 1327 1569 1364 fuisse

94 1382 236 1419 mundi
255 1385 378 1424 3838.
410 1398 429 1420 a
452 1383 516 1421 die
538 1397 635 1421 vero
656 1388 720 1425 21.
744 1383 874 1421 Martii
895 1382 1126 1422 inchoatum
1154 1396 1237 1420 esse
1264 1396 1408 1420 annum
1430 1383 1569 1421 mundi

94 1440 217 1481 3839.
249 1439 357 1490 quod
377 1439 410 1477 si
427 1446 506 1488 est,
537 1440 717 1491 sequitur
741 1454 887 1478 annum
905 1440 1044 1478 mundi
1066 1441 1238 1492 primum
1261 1453 1334 1491 per
1358 1439 1458 1476 duos
1481 1446 1571 1476 tan—

95 1500 179 1531 tum
210 1509 361 1533 menses
386 1497 547 1534 durasse
572 1502 610 1534 et
643 1496 726 1533 dies
749 1500 816 1538 20.
854 1510 995 1548 nempe
1027 1511 1048 1533 a
1076 1497 1140 1535 die
1161 1498 1290 1548 primo
1321 1496 1494 1533 Januarii
1518 1497 1570 1534 ad

94 1550 198 1588 diem
218 1555 284 1593 21.
308 1552 454 1590 Martii.
512 1553 594 1590 Nec
618 1552 829 1591 dicendum
854 1560 915 1591 est
939 1554 1050 1591 illum
1069 1566 1212 1591 annum
1240 1553 1328 1590 ideo
1353 1566 1569 1604 nuncupa-

93 1614 179 1645 tum
207 1622 291 1646 esse
323 1611 446 1651 3838.
487 1610 577 1660 quia
608 1609 656 1647 de
690 1623 736 1647 eo
770 1610 884 1662 cujus
922 1613 987 1652 10.
1019 1623 1174 1648 menses
1209 1609 1569 1661 praeterfluxerant

94 1678 197 1702 auno
224 1665 514 1716 praecedente,
544 1673 778 1718 supererant
803 1665 938 1704 adhuc
966 1666 1027 1703 illi
1052 1668 1133 1704 duo
1155 1679 1330 1714 menses,
1353 1666 1418 1703 vel
1442 1680 1566 1716 paene

93 1727 174 1758 tres
195 1735 323 1772 usque
342 1722 391 1759 ad
410 1726 477 1764 21.
502 1723 646 1760 Martii.
694 1723 771 1764 ,Sic
802 1723 903 1761 enim
929 1737 950 1760 a
980 1723 1124 1762 minori
1148 1730 1259 1774 parte
1288 1736 1414 1760 annus
1432 1723 1567 1761 deno—

93 1778 333 1827 minaretur,
362 1785 401 1816 et
423 1778 532 1816 aliud
553 1779 769 1817 absurdum
786 1785 1039 1830 sequeretur,
1067 1780 1176 1831 quod
1204 1779 1402 1819 secundus
1428 1780 1566 1818 mundi

92 1847 218 1872 annus
243 1835 394 1886 primus
421 1836 714 1887 nuncupandus
738 1843 864 1884 esset,
895 1836 1095 1874 secundus
1118 1850 1216 1875 vero
1248 1837 1412 1884 tertius,
1443 1842 1481 1873 et
1507 1837 1566 1874 sic

93 1890 305 1942 deinceps,
340 1891 476 1930 decem
498 1906 593 1930 vero
615 1893 734 1944 primi
765 1906 918 1931 menses
949 1893 1052 1930 nulli
1081 1894 1240 1932 omnino
1271 1907 1374 1932 anno
1400 1893 1566 1932 attribui

90 1953 276 1999 possent,
308 1948 501 1998 siquidem
524 1949 675 2000 primus
698 1963 823 1987 annus
843 1950 877 1987 is
901 1955 984 1988 tum
1010 1957 1226 1989 vocaretur
1248 1951 1318 2001 qui
1337 1965 1358 1988 a
1376 1950 1563 1988 Januario

90 2010 183 2055 post
198 2003 332 2042 decem
349 2004 442 2042 illos
460 2005 608 2056 primos
637 2013 800 2044 exactos
822 2020 975 2045 menses
1006 2006 1210 2058 inciperet.
1271 2008 1320 2045 At
1347 2020 1444 2044 vero
1469 2007 1563 2044 usi-

89 2059 213 2098 tatius
236 2067 295 2098 est
316 2062 488 2112 primum
507 2075 653 2099 annum
678 2063 789 2100 illum
809 2064 950 2101 vocari
967 2063 1037 2114 qui
1056 2069 1209 2101 constat
1226 2063 1365 2114 primis
1384 2063 1465 2100 illis
1488 2064 1563 2101 de·-

93 2129 176 2154 cem
195 2117 416 2164 mensibus,
449 2119 667 2156 secundum
697 2119 766 2170 qui
796 2119 931 2157 decem
963 2119 1113 2157 ultimis
1144 2120 1345 2158 mensibus
1375 2118 1467 2156 anni
1492 2133 1563 2157 se-

93 2174 273 2224 quentis,
303 2174 356 2211 ita
382 2175 495 2212 illum
519 2188 665 2213 annum
687 2190 708 2212 a
730 2175 845 2226 cujus
870 2175 934 2213 die
953 2179 1022 2217 21.
1043 2176 1173 2213 Martii
1202 2176 1412 2214 exordium
1437 2179 1566 2213 sumi-

91 2236 159 2268 tur
175 2230 267 2267 anni
287 2231 421 2268 mundi
443 2232 564 2282 magis
585 2231 746 2282 expedit
770 2234 893 2274 3839.
914 2232 1139 2282 appellare,
1178 2246 1296 2282 quam
1317 2234 1440 2274 3838.
1471 2233 1566 2283 quia

91 2287 229 2324 nonin
248 2301 348 2324 anno
373 2288 506 2326 mundi
534 2290 655 2329 3838.
685 2288 826 2340 incipit
850 2290 973 2329 3839.
1005 2289 1075 2325 sed
1104 2291 1229 2330 3838.
1262 2302 1388 2326 annus
1420 2289 1567 2327 desinit

91 2342 132 2380 in
151 2345 273 2385 3839.
303 2350 348 2381 ut
369 2344 567 2382 secundus
592 2358 718 2382 annus
750 2343 888 2382 mundi
921 2357 1000 2381 non
1033 2343 1176 2382 babuit
1203 2351 1330 2383 ortum
1360 2345 1399 2383 in
1421 2346 1564 2397 primo,

93 2399 159 2436 sed
183 2400 336 2451 primus
355 2414 479 2439 annus
501 2402 638 2453 potius
658 2401 773 2439 [inem
799 2402 936 2452 posuit
962 2400 1002 2437 in
1032 2402 1221 2439 secundo.
1281 2402 1399 2443 Aliud
1424 2402 1564 2439 dicen-

91 2454 186 2493 dum
208 2462 267 2494 est
285 2457 333 2494 de
361 2457 474 2495 annis
496 2457 665 2505 Christi,
700 2458 792 2509 quia
817 2458 842 2495 ii
872 2470 950 2494 non
974 2463 1106 2495 ortum
1132 2457 1280 2496 habent
1305 2473 1325 2496 a
1344 2472 1385 2497 se
1406 2465 1450 2496 ut
1470 2458 1564 2496 anni

91 2512 239 2561 mundi,
270 2513 337 2550 sed
358 2514 406 2550 ab
425 2514 522 2566 ipsis
545 2515 684 2552 mundi
707 2514 818 2552 annis
837 2513 1095 2551 deducuntur
1116 2520 1155 2552 et
1174 2515 1366 2565 originem
1388 2521 1562 2564 sumunt,

91 2574 137 2605 ut
160 2569 200 2606 in
220 2582 322 2606 anno
344 2569 489 2608 Christi
510 2574 602 2613 619.
622 2586 662 2623 p.
684 2573 777 2613 388.
807 2569 843 2608 b.
873 2570 1019 2607 dicitur
1047 2569 1259 2609 inchoatus
1280 2571 1359 2623 jam
1383 2584 1466 2609 esse
1487 2585 1562 2608 an-

90 2638 166 2663 nus
202 2624 349 2663 Christi
377 2629 471 2669 620.
512 2627 604 2678 quia
635 2627 676 2664 in
707 2626 786 2664 hoc
813 2626 1013 2664 Chronico
1043 2641 1121 2664 non
1151 2627 1185 2664 is
1214 2627 1367 2679 primus
1393 2633 1561 2678 putatur

92 2693 219 2718 annus
241 2680 386 2720 Christi
409 2696 488 2733 quo
514 2684 581 2720 vel
609 2690 826 2736 conceptus
853 2684 918 2722 vel
947 2689 1062 2720 natus
1092 2690 1170 2732 est,
1205 2683 1343 2734 sicque
1375 2697 1456 2720 non
1479 2697 1499 2720 a
1519 2697 1559 2721 se

92 2743 224 2775 ortum
242 2737 390 2776 habent
411 2740 502 2789 anni
521 2739 688 2788 Christi,
719 2740 790 2778 sed
819 2740 887 2778 ille
920 2745 1072 2777 tantum
1101 2740 1170 2790 qui
1198 2740 1348 2790 primus
1368 2747 1460 2791 post
1478 2740 1557 2778 Na-

88 2793 283 2831 tivitatem
308 2794 452 2833 Christi
473 2797 605 2847 coepit
627 2803 665 2834 et
683 2796 881 2835 numerari
904 2802 943 2834 et
966 2796 1174 2845 nominari,
1203 2802 1249 2834 ut
1270 2796 1311 2834 in
1332 2795 1410 2834 hoc
1429 2795 1556 2834 Chro—

91 2850 181 2887 nico
203 2849 385 2889 Christus
403 2859 569 2903 putatur
589 2861 704 2891 natus
728 2854 795 2894 25.
821 2852 1025 2892 Decembr.
1052 2866 1152 2891 anno
1173 2852 1309 2891 mundi
1333 2853 1456 2896 5506.
1486 2854 1554 2904 qui
