1820 3276
462 170 522 213 IN
557 169 887 217 CHRONICON
919 169 1209 217 PASCHALE.
1247 177 1255 179 ’
1480 168 1581 219 455

107 279 375 333 pellationem.
432 278 546 321 Sicut
575 280 693 321 etiam
723 280 765 319 in
795 280 998 322 Praefecti>
1024 279 1121 320 Urbi
1148 277 1447 332 Jurisdiefione,
1476 293 1580 332 quae

106 338 220 390 juxta
252 336 463 388 Ulpianum
493 336 543 377 ad
577 336 836 376 centesimum
872 337 1047 390 lapidem
1077 336 1418 389 protendebatur,
1461 338 1576 389 quic-

107 393 206 446 quid
232 393 339 435 intra
367 391 491 432 hosce
518 400 623 444 erat,
663 394 728 432 vel
755 394 969 444 agebatur,
1005 393 1180 442 limites,
1218 393 1260 432 id
1287 394 1335 435 ia
1359 394 1578 436 centesimo

105 449 238 502 lapide
267 463 352 488 esse
381 450 446 488 vel
475 455 609 488 actum
639 449 718 488 dici
747 451 896 502 potuit.
957 452 1086 503 Atque
1115 449 1195 491 hoc
1226 450 1387 502 quidem
1411 451 1577 502 loquen,

106 506 149 550 di
171 519 311 557 genere
338 520 413 544 nos
445 506 549 545 Galli
571 508 784 545 etiamnum
815 507 984 549 utimur:
1014 521 1104 546 nam
1135 506 1331 558 quicquid
1356 508 1462 550 intra
1490 508 1579 546 leu-

105 576 192 604 cam
230 563 280 602 ab
311 563 411 603 urbe
438 569 521 611 est,
559 563 664 602 intra
704 576 825 615 quam
855 563 965 604 illius
1000 563 1296 604 Jurisdictionis
1326 563 1427 603 fines
1455 578 1579 606 coar-

105 625 290 668 ctantur,
325 619 449 658 Banm'
475 621 596 668 leuca,
632 620 698 659 vel
729 620 831 660 leuca
859 621 988 670 nude,
1028 620 1088 661 uti
1118 620 1159 658 in
1192 620 1398 662 veteribus
1427 619 1577 661 chartis

103 676 307 718 interdum
342 677 539 725 occurrit,
576 677 824 733 appellatur,
867 677 1001 715 statim
1039 676 1157 717 etiam
1196 677 1240 715 in
1277 677 1368 730 ipso
1397 677 1446 717 ab
1476 677 1578 719 urbe

105 746 291 784 egressu,
328 733 423 772 licet
457 734 572 772 leuca
612 733 700 786 ipsa
737 747 821 774 non
859 733 1045 783 finiatur,
1091 733 1168 773 nisi
1206 733 1248 771 in
1284 734 1349 774 tui
1385 740 1577 778 extremo.

106 789 226 838 Quod
261 803 360 828 vero
389 790 511 839 leuca,
552 796 592 829 et
625 790 753 830 Banm'
786 791 891 829 leuca
924 790 1178 842 plaerisque,
1217 790 1259 830 id
1299 790 1409 843 apud
1442 791 1576 831 Pieta-

104 846 283 895 irienses,
320 846 632 896 Egolismenses,
676 846 978 898 Andegavenses
1017 852 1057 886 et
1089 847 1407 886 cenomanenses
1438 848 1579 891 Quinta

104 909 289 950 vocatur,
321 903 476 942 scilicet
505 904 630 949 leuca‚·
658 903 862 944 interdum
892 905 1007 949 etiam
1040 903 1213 946 Quintum
1235 904 1411 943 milliare.-
1439 918 1576 955 quem-

103 959 320 998 admodum
349 959 458 1011 apud
484 960 769 1009 Bituricenses,
801 960 959 1011 Septena
987 959 1155 1006 dicitur,
1180 961 1291 1011 quod
1319 961 1401 999 illie
1425 961 1578 1009 Quinta,

102 1016 197 1067 quia
246 1016 299 1054 ad
350 1015 564 1068 septimum
610 1017 782 1056 milliare
830 1016 1007 1056 civitatis
1054 1015 1264 1058 districtus
1315 1016 1580 1069 protrahitur.

102 1071 307 1124 Quicquid
337 1072 458 1122 igitur
484 1073 589 1112 intra
617 1073 794 1123 leucam,
824 1073 890 1112 vel
919 1073 1134 1138 Quintam,
1164 1073 1229 1112 vel
1261 1072 1457 1121 Quintum
1478 1074 1578 1114 mil-

99 1129 215 1177 liare,
244 1129 311 1167 vel
340 1129 508 1180 denique
538 1132 748 1182 septenam
776 1130 897 1168 situm
928 1136 1002 1178 est,
1031 1130 1072 1168 id
1101 1130 1146 1168 in
1173 1130 1311 1179 leuca,
1339 1131 1381 1169 in
1411 1130 1574 1178 Quinta,

99 1186 165 1227 vel
196 1185 347 1239 Quanto
382 1186 564 1235 milliari,
604 1192 645 1227 et
673 1187 715 1226 in
744 1188 913 1238 Septem
944 1199 1029 1227 esse
1062 1186 1154 1239 jule
1184 1186 1351 1236 merito,
1391 1200 1573 1228 sermone

98 1236 258 1293 vulgari
293 1242 571 1286 dicitur.1d
610 1243 749 1283 multis
787 1243 1044 1296 probavimus
1088 1242 1128 1283 in
1170 1217 1378 1283 Glossario
1417 1243 1574 1284 mediae

98 1299 334 1341 Latinitatis.
392 1299 471 1341 Sed
511 1306 550 1342 et
588 1300 838 1341 Hebdomum
868 1300 960 1339 urbi
991 1299 1455 1351 Constantinopolitanae
1483 1301 1572 1340 vice

96 1355 302 1397 Banleucae
339 1362 500 1398 nostrae
538 1356 681 1401 fuerit,
721 1357 825 1398 adeo
857 1363 903 1396 ut
932 1356 1000 1408 qui
1030 1356 1137 1395 intra
1166 1369 1238 1395 vu.
1268 1355 1373 1396 iilud
1404 1356 1575 1395 milliare

96 1412 210 1452 sedes
246 1411 428 1462 fixerint,
473 1413 616 1452 eodem
650 1413 910 1453 immunitatis
945 1413 1036 1466 jure
1068 1426 1147 1464 quo
1178 1412 1286 1452 urbis
1321 1414 1431 1452 cives
1459 1413 1574 1453 frue-

95 1475 259 1508 rentur:
299 1469 409 1509 unde
447 1470 621 1522 Campus
659 1470 729 1509 ille
771 1470 1025 1510 Hebdomum
1056 1470 1456 1522 constantinopoleos
1493 1484 1576 1522 ap-

96 1526 272 1577 pellatur
301 1540 323 1563 a
353 1525 559 1578 scriptore
589 1526 800 1575 Chronici,
842 1527 954 1578 quod
991 1540 1134 1566 revera
1172 1527 1286 1573 urbis
1316 1526 1451 1578 quoad
1481 1527 1576 1578 pri-

95 1582 238 1633 vilegia
268 1596 360 1633 pars
391 1583 712 1634 censitafuerit,
739 1583 788 1623 iis
818 1583 967 1623 donata
997 1597 1020 1622 a
1051 1583 1337 1623 Constantino:
1369 1583 1572 1637 quomodo

95 1639 200 1677 idem
230 1639 436 1689 Augustus
466 1641 685 1679 instaurata
718 1641 928 1692 Drepano,
971 1653 1096 1690 eaque
1134 1639 1371 1692 Helenopoli
1401 1640 1452 1678 de
1479 1653 1573 1681 ma·-

93 1696 165 1737 tris
192 1695 351 1737 nomine
381 1697 592 1748 appellata,
622 1696 728 1735 hanc
756 1697 1013 1748 vectigalium
1041 1696 1292 1738 immunitate
1315 1696 1480 1735 donavit
1500 1696 1574 1744 ἕως

94 1754 277 1805 φανερᾶς
304 1757 494 1806 περιοχῆς
521 1756 593 1805 τῆς
621 1750 787 1802 πόλεως.
848 1754 903 1793 De
936 1752 1089 1804 Rhegio
1120 1766 1217 1792 vero
1248 1759 1288 1792 et
1319 1752 1475 1805 Athyr-a
1505 1752 1572 1792 hic
1596 1761 1629 1795 V
1647 1761 1717 1799 534

94 1808 325 1849 memoratis
355 1810 508 1861 egimus
540 1810 694 1863 pariter
721 1811 773 1851 ad
802 1809 1036 1851 Alexiadem
1067 1811 1282 1860 Annaeam,
1312 1816 1353 1848 et
1382 1810 1435 1848 ad
1464 1809 1575 1850 Vill-

94 1865 362 1916 harduinum,
397 1872 442 1906 ut
473 1866 523 1906 de
551 1866 773 1918 Calabrya‚
813 1867 866 1907 ad
894 1865 1167 1918 Bryennium,
1206 1866 1300 1905 loco
1330 1866 1486 1907 scilicet
1516 1867 1573 1905 ita

93 1929 326 1973 nuncupato
357 1925 398 1961 in
428 1922 577 1962 finibus
607 1924 753 1963 citimis
782 1923 910 1963 Asiae.
972 1924 1097 1962 Nemo
1129 1923 1231 1965 enim
1263 1922 1362 1973 erit,
1392 1923 1458 1961 cui
1489 1923 1575 1961 Ca·-

91 1979 259 2021 labriam
299 1979 480 2023 Italicam
516 1979 585 2019 hic
621 1981 787 2032 intelligi
825 1979 989 2020 minime
1027 1993 1149 2033 posse
1177 1993 1260 2019 non
1289 1980 1420 2019 statim
1451 1979 1574 2018 subo-

92 2035 188 2078 leat·

209 2095 302 2142 Pag-
333 2095 428 2136 622.
459 2096 528 2136 21.
587 2092 671 2134 Καὶ
699 2092 841 2134 πολλοὶ
878 2092 1056 2134 ἔσπασαν
1096 2093 1299 2144 ὃημῶται]
1342 2091 1570 2142 Legendum

89 2147 252 2189 videtur
278 2145 490 2201 δημότας,
532 2150 576 2191 id
606 2156 689 2199 est,
728 2152 767 2190 in
795 2149 984 2188 Factiones
1012 2151 1171 2199 sagittas
1199 2148 1422 2187 emittebant:
1466 2148 1572 2186 Galli

90 2204 290 2254 dicerent,
338 2206 385 2244 ils
424 2208 577 2248 tirov'ent
635 2206 738 2246 vide
775 2206 908 2247 Gloss.
948 2205 1056 2245 med.
1097 2206 1179 2246 Lat.
1216 2205 1259 2244 in
1295 2206 1447 2245 trahere.
1505 2205 1570 2244 Sic

88 2261 229 2314 paullo
252 2260 359 2303 iufra
386 2264 632 2316 τρακταΐζειν
660 2262 777 2303 simili
806 2262 967 2300 notione
996 2261 1151 2302 Auctor
1183 2267 1365 2313 usurpat.

206 2320 301 2369 Pag.
336 2321 432 2360 622.
461 2323 531 2363 22.
594 2315 851 2372 Οκτάγωνον]
872 2318 1235 2371 Constantinopol.
1253 2317 1400 2357 Christ.
1421 2317 1490 2356 lib.
1512 2331 1568 2358 iv.

54 2389 60 2394 ’
89 2380 188 2416 sect.
217 2388 275 2415 xx.
304 2388 431 2415 n.1v.

208 2433 301 2483 Pag
333 2434 499 2475 623.1.
558 2428 751 2483 Βασιλικὴ
781 2429 1033 2485 γουναρίων]
1073 2429 1569 2470 Ibid.lib.11.sect.1x.

90 2502 133 2531 n-
155 2499 239 2529 ΧΠ.

203 2544 430 2594 Pae-⁴623.
460 2547 502 2587 2.
559 2544 749 2597 Εμβολος
786 2544 859 2595 τῆς
898 2542 1081 2597 Ρηγίας]
1134 2542 1237 2583 Ibid.
1276 2542 1345 2583 lib.
1386 2555 1430 2579 11.
1471 2546 1568 2580 sect.

90 2613 152 2642 ω.
182 2614 222 2640 η.
251 2614 280 2638 1.

204 2654 300 2706 Pag·
330 2659 425 2700 623.
454 2656 495 2699 4.
555 2655 680 2711 Πέριξ
715 2659 792 2698 τοῦ
835 2655 953 2710 ἁγίου
984 2650 1224 2709 Θεοδώρου]
1263 2653 1363 2693 Ibid.
1404 2653 1474 2695 lib.
1513 2666 1569 2694 ιν.

93 2718 191 2753 sect.
216 2726 269 2751 VI«
305 2726 346 2751 n·
377 2726 427 2751 c1,
461 2727 529 2754 (m.

209 2772 304 2819 Pag.
334 2772 432 2811 623.
461 2770 502 2814 5.
564 2773 647 2815 Τοῦ
686 2768 892 2823 Φουρίου]
934 2768 984 2807 Et
1019 2767 1087 2806 hic
1124 2767 1225 2805 latet
1256 2766 1469 2816 mendum,
1496 2765 1567 2805 ubi

95 2824 199 2867 forte
222 2825 435 2877 legendum
464 2827 680 2881 φρουρίου,
709 2833 756 2867 ut
782 2824 1145 2878 scevophylacium
1163 2823 1364 2866 Ecclesiae
1393 2823 1451 2868 ita
1479 2835 1566 2861 mu,-
