1820 3276
426 167 492 240 'nv
527 197 856 240 CHRONIGON
891 196 1179 239 PASCHALE.
1456 191 1556 260 413

92 309 264 349 cationis
290 309 461 348 formula
488 308 770 347 Marcellinus:
809 308 1078 346 Valentinianus
1100 307 1231 346 Caesar
1255 310 1413 356 creatus,
1441 305 1556 344 Theo-

89 368 182 406 dosii
208 366 300 417 Imp.
319 366 530 404 Eudoxiana
547 366 672 418 filiam
696 367 767 403 sibi
789 366 1022 417 desponsavit.

63 460 75 465 -
208 426 299 473 Pssg-
330 424 425 466 583.
455 425 494 464 3.
561 419 618 462 To?
652 420 793 474 τείχη]
834 422 928 459 Inde
958 423 1060 459 muri
1091 420 1159 459 isti
1189 418 1455 458 Theodosiani
1485 433 1556 470 ap-

87 480 248 532 pellati,
281 479 329 517 de
352 479 497 531 quibus
530 478 684 530 agimus
703 479 744 516 in
775 478 1120 531 Constantinopbl.
1150 476 1296 516 Christ.
1316 476 1386 515 lib.
1406 490 1434 515 1.
1459 482 1557 514 sect.

87 551 128 575 X
150 542 188 574 et
204 550 297 642 Ιξιῐιῐξ.
327 594 421 635 583.
462 595 527 635 12.
587 588 799 644 Ιωαννης]
838 591 1056 629 Marcellin.
1095 591 1250 628 Ioannes
1284 592 1427 628 natione
1457 588 1556 627 Van·
1626 622 1629 625 .

60 651 63 653 ’
87 639 214 699 dulas,
249 649 498 701 Magisterque
527 650 699 698 mi‘lztiae,
734 649 937 698 Arnegasclz·
964 648 1104 700 fraude
1129 650 1167 686 in
1198 647 1360 685 Thracia
1387 648 1556 685 interem-

12 738 13 741 ,
82 711 169 758 ptus·
195 710 259 745 est.

203 766 296 813 Pag.
326 762 420 805 583·
455 762 518 805 15.
580 762 747 809 Αττίλας
784 759 853 800 καὶ
882 760 1054 812 Βλίδας]
1099 761 1153 798 De
1180 766 1354 811 utroque
1387 761 1557 811 Prosper

11 823 35 867 ᾗ
88 833 190 858 anno
221 832 380 858 cnxmv.
421 819 674 857 Marcellinus
703 819 843 856 Comes
868 831 972 854 anno
1005 831 1167 855 cnxnn.
1209 816 1430 855 Jornandes
1468 830 1555 867 cap.

86 889 215 915 xxxv.
240 882 314 915 etc.
374 876 440 913 Sic
463 890 584 927 porto
606 875 751 913 Attilae
773 888 914 913 nomen
939 874 1101 912 effertu1
1128 874 1247 912 etiam
1270 874 1379 925 apud
1402 874 1555 911 Proco-

85 933 235 986 pium,
256 933 359 975 Evar¹
353 933 489 980 rium,
519 940 558 971 et
592 931 711 982 alios,
751 931 820 983 qui
849 931 997 972 Αττίλα
1024 931 1067 968 in
1097 945 1260 968 nummo
1286 944 1306 968 a
1334 930 1450 968 nobis
1481 929 1555 968 de-

34 1006 38 1010 ·
87 989 237 1041 scripto
266 990 308 1027 in
336 990 387 1026 Fa
392 989 476 1029 ,nil.
500 989 707 1044 Byzantin.
747 987 856 1040 apud
892 988 1071 1027 Priscum
1096 983 1277 1040 Αττήλα·
1291 987 1419 1040 apud
1450 987 1555 1025 Pro-

86 1059 246 1100 sperum
273 1046 402 1085 Atkila
432 1052 470 1084 et
497 1047 628 1085 Athela
654 1040 907 1096 indigitetur.

202 1101 812 1156 Pag.583.16.11avs'0v0v]
852 1100 1169 1153 Leg.11arsot'ov
1202 1114 1251 1139 ex
1279 1100 1489 1139 Holstenio
1517 1105 1556 1138 et

85 1159 227 1199 Fastis.
288 1159 386 1197 Vide
413 1159 669 1198 Sirmondum
697 1159 747 1196 ad
776 1158 949 1197 Ennodii
978 1157 1146 1195 Diction.
1167 1171 1240 1196 vu.

202 1219 296 1266 Pag·
327 1216 423 1259 584.
455 1216 495 1257 5.
556 1220 620 1256 Εν
643 1212 774 1271 τούτῳ
799 1217 857 1271 τῷ
885 1213 984 1266 ἔτει]
1024 1214 1240 1253 Historiam
1270 1213 1376 1251 hanc
1402 1213 1557 1266 pariter

85 1280 223 1312 narrat
249 1273 467 1312 Cedrenus.

200 1329 296 1381 Pag.
327 1330 422 1371 584.
456 1331 522 1371 19.
583 1325 698 1368 Κατοὲ
717 1329 791 1379 τῆς
818 1326 967 1367 ἑαυτοῦ
986 1326 1205 1378 σωτηρίας]
1236 1326 1376 1365 Jurare
1398 1340 1474 1379 per
1495 1340 1558 1364 sa-

85 1387 213 1425 lutem
233 1386 490 1438 Imperatoris
507 1385 601 1423 olim
623 1385 822 1433 solemne,
852 1389 898 1421 ut
917 1389 978 1421 est
1000 1383 1107 1435 apud
1131 1385 1394 1422 Sozomenum
1414 1383 1482 1422 lib.
1501 1397 1559 1423 rx.

86 1457 174 1495 cap.
194 1457 265 1482 vn.
294 1442 514 1482 Palladium
537 1442 579 1480 in
598 1442 689 1480 Vita
711 1434 997 1492 Chrysostomi
1016 1454 1104 1492 cap.
1126 1453 1213 1478 xw.
1246 1441 1387 1479 Codin.
1401 1441 1443 1479 in
1468 1440 1561 1478 Ori-

16 1512 18 1514 ·
84 1500 162 1552 gin.
192 1499 538 1551 Constantinopol.
572 1513 612 1551 p.
633 1502 728 1541 200.
753 1504 800 1536 ut
815 1497 992 1535 infinitos
1014 1497 1111 1535 alios
1139 1503 1402 1549 praeteream.
1454 1497 1558 1536 Vide

84 1558 228 1595 Notata
260 1557 312 1595 ad
342 1556 578 1594 Cinnamum
607 1568 697 1608 pag.
722 1554 817 1597 483.
846 1560 885 1593 et
918 1554 1046 1594 Gloss.
1071 1554 1175 1594 med.
1197 1555 1281 1593 Lat.
1311 1554 1353 1592 in
1378 1567 1420 1596 v.
1448 1555 1558 1593 Jura-

84 1619 256 1664 mmmm,
285 1614 358 1652 sub
386 1613 452 1651 fin.

199 1671 295 1721 Pag-
324 1670 419 1714 584
450 1673 518 1712 21
578 1667 659 1709 Καὶ
688 1666 911 1719 ἐκέλευσεν]
962 1667 1127 1706 Cedren.
1162 1663 1314 1707 κελεύει
1349 1664 1395 1708 τό
1426 1669 1558 1720 μῆλον

90 1726 388 1780 εἰσενεχθῆναι,
421 1725 622 1778 quomodo
643 1738 727 1764 vox
752 1730 954 1776 postrema
977 1723 1045 1762 hic
1070 1724 1251 1774 legenda.

202 1787 294 1834 Pag·
324 1783 419 1826 585.
451 1787 490 1826 3.
548 1780 888 1833 Αποκτανθῆναι]
907 1781 1074 1819 Caedem
1093 1781 1249 1819 Paulini
1266 1779 1317 1818 ad
1336 1793 1426 1820 ann.
1443 1792 1558 1818 ema..

85 1841 207 1880 refert
226 1840 507 1879 Marcellinus:
538 1840 716 1878 Paulinus
738 1838 923 1888 Magister
945 1838 1152 1888 Officiorum
1184 1852 1224 1877 m
1256 1837 1431 1876 Caesarea
1463 1836 1558 1888 Cap-

79 1898 259 1950 padociae
277 1928 288 1948 ‚
327 1896 474 1946 jubente
516 1896 708 1934 Theodosio
746 1895 914 1947 Principe
951 1898 1174 1945 interemptus
1216 1898 1278 1933 est.
1342 1893 1558 1945 Perperam

86 1955 203 1993 etiam
226 1955 388 2007 scripsit
409 1953 610 1992 Cedrenus
635 1952 746 1991 hac·
734 1966 820 2004 ipsa
843 1957 964 1991 nocte
989 1952 1257 1991 interfectum.
1286 1950 1391 1990 Vide
1415 1950 1556 1989 codini

87 2011 238 2062 Origin.
261 2010 638 2063 constantinopolit.
666 2023 707 2078 p.
730 2010 798 2051 56.

203 2071 295 2118 Pag.
326 2067 422 2111 585.
456 2071 496 2110 7.
555 2066 639 2107 Καὶ
665 2061 871 2117 ἀπιοῦσα]
902 2065 969 2104 Bis
989 2078 1103 2103 sacra
1129 2064 1218 2103 loca
1242 2063 1338 2102 adiit
1358 2063 1554 2115 Eudocia,

87 2130 133 2163 ut
153 2131 260 2164 recte
280 2124 334 2163 ait
354 2124 548 2175 Evagrius
569 2123 637 2162 lib.
657 2137 685 2162 1.
715 2136 800 2175 cap.
822 2136 890 2160 xx.
918 2136 965 2160 ac
993 2122 1123 2174 primo
1162 2120 1322 2172 quidem
1353 2120 1426 2157 sub
1455 2134 1548 2159 ann.
1573 2122 1607 2158 V
1636 2123 1706 2160 506

101 2195 126 2219 D
140 2195 319 2220 xxxvm.
345 2194 396 2221 ex
417 2181 561 2232 quibus
582 2181 722 2219 saltem
741 2179 872 2218 redux
893 2185 979 2217 erat
1008 2186 1112 2217 anno
1141 2177 1332 2229 sequenti.
1358 2177 1557 2215 Marcelli-

87 2252 182 2277 nus:
211 2238 382 2276 Eudocia
409 2251 501 2275 uxor
530 2238 720 2276 Theodosii
747 2236 928 2286 Principis
943 2263 955 2283 ,
986 2237 1032 2273 ab
1059 2234 1315 2285 Hierosolymis
1343 2234 1461 2272 urbem
1479 2234 1554 2273 Re-

12 2342 14 2345 v
86 2297 186 2345 giam
205 2296 391 2342 remeavit,
422 2295 616 2332 beatissimi
641 2293 819 2344 Stephani
832 2293 944 2343 primi
968 2291 1151 2342 Martyris
1175 2291 1368 2343 reliquias,
1399 2303 1490 2342 quae
1517 2293 1556 2329 in

87 2352 254 2391 Basilica
293 2351 335 2389 S.
367 2350 564 2389 Laurentii
590 2352 730 2402 positae
770 2352 984 2387 venerantur
1002 2377 1014 2396 ,
1058 2360 1173 2386 secum
1217 2347 1381 2399 deferens.
1441 2347 1555 2396 Quae

89 2409 251 2460 quidem
274 2406 585 2459 Protomartyris
609 2405 800 2457 reliquiae
833 2404 1032 2443 revelatae
1060 2405 1220 2442 fuerant
1241 2418 1343 2442 anno
1363 2417 1452 2444 xm.
1474 2404 1554 2442 Ho-

88 2465 217 2514 norii,
258 2470 300 2502 ut
325 2470 384 2502 est
417 2464 527 2516 apud
556 2465 763 2502 Sozomen.
793 2461 863 2502 lib.
893 2475 950 2499 1x.
974 2474 1061 2513 cap.
1081 2461 1153 2501 ult.
1186 2461 1227 2498 in
1254 2460 1400 2500 Chron.
1424 2460 1554 2509 matii,

90 2528 131 2560 et
156 2521 264 2574 apud
282 2519 512 2572 Theophan.
544 2534 607 2558 an.
627 2533 715 2558 xix.
772 2519 829 2558 Eo
855 2523 986 2556 autem
1015 2523 1266 2556 concesserat
1296 2532 1344 2556 ex
1366 2523 1490 2566 voto,
1520 2517 1556 2554 si

89 2577 208 2617 filiam
239 2592 351 2617 suam
376 2584 540 2630 nuptam
583 2576 770 2624 vidisset,
811 2581 857 2613 ut
888 2574 1026 2612 scribit
1054 2575 1235 2613 Socrates
1266 2574 1332 2614 lib.
1363 2587 1436 2612 ΠΙ.
1468 2586 1555 2625 cap.

89 2649 231 2673 xnvm.
291 2635 404 2673 Adde
433 2633 711 2686 Theophanem
750 2646 813 2671 an.
841 2645 972 2670 xxvn.
1010 2629 1163 2668 Theod.
1212 2630 1329 2669 Anno
1360 2629 1555 2681 sequenti,

90 2692 256 2730 Paulino
286 2691 521 2740 interfecto,
551 2690 766 2730 secundum
794 2688 963 2728 eundem
986 2687 1280 2737 Marcellinum,
1311 2686 1497 2726 facultate
1530 2700 1554 2725 a

85 2748 315 2787 Theodosio
358 2747 568 2799 impetrata
588 2776 600 2796 ‚
639 2760 801 2786 rursum
831 2760 877 2784 eo
915 2743 1141 2794 concessit,
1178 2743 1316 2795 ibique
1351 2743 1552 2795 reliquum

0 2825 2 2831 ·
80 2805 198 2845 *vitae
220 2804 372 2854 exegit,
405 2810 452 2842 ut
471 2810 608 2843 narrat
627 2804 734 2843 idem
754 2802 1006 2842 Marcellinus
1028 2801 1100 2839 sub
1118 2814 1181 2839 an.
1196 2814 1354 2839 cnxmv.
1372 2800 1413 2838 in
1433 2812 1550 2852 quem

91 2861 246 2901 Auctor
268 2860 457 2899 Chronici
467 2889 481 2910 ,
508 2874 609 2914 quae
628 2861 829 2902 Eudociae
851 2859 900 2899 ob
920 2871 1083 2912 pomum
1106 2856 1319 2909 Phrygium
1338 2857 1550 2910 conligere,
