1884 3262
126 1652 155 1685 P
177 1647 248 1687 485

133 1711 165 1745 V
187 1710 254 1745 391

280 197 382 242 230
604 199 669 240 SE
677 197 846 240 LEGTA
877 197 950 239 AD
984 197 1477 243 ILLUSTRATIONEM

280 308 419 359 bages,
458 308 642 349 ‹lies-xx.
674 308 724 346 ad
759 315 918 361 epactas
956 308 1159 348 addendas
1199 324 1285 349 esse
1321 310 1540 362 praescribi
1580 317 1762 363 poterat*

278 366 365 403 ,lam
395 366 427 403 si
460 364 631 403 conflata
663 366 817 409 dierum
849 378 1002 404 summa
1033 367 1164 405 minor
1193 368 1245 406 sit
1280 381 1399 418 quam
1429 381 1543 408 xmv.
1574 369 1752 420 reliquos

280 423 434 474 adjice,
465 421 594 459 donec
613 422 733 461 ἕξων.
764 423 985 474 compleas:
1018 424 1213 475 quicquid
1235 423 1417 462 additum
1441 426 1536 475 erit,
1566 434 1660 478 post
1678 439 1750 468 xx.
1812 428 1816 433 '

280 479 418 517 Martii
451 479 682 530 putabitur,
723 480 983 531 ostendatque
1014 480 1244 519 Paschalem
1282 481 1506 521 terminum.
1566 483 1635 521 Sin
1666 483 1779 522 dies.

277 549 394 576 xmw
412 542 481 573 aut
502 535 639 587 plures
670 537 788 575 etiam
808 544 1091 587 numerentur,
1122 544 1277 576 tantum
1298 537 1399 576 adde
1414 538 1569 577 dierum
1583 569 1593 589 ,
1626 553 1751 592 quan-

278 598 362 630 tum
394 605 552 631 necesse
582 599 669 640 est,
708 599 755 631 ut
785 593 925 632 diebus
964 594 1132 644 ablatis,
1175 595 1484 646 ,quatuordecim
1524 597 1758 648 resideantq

279 656 319 687 et
352 649 394 686 id
423 649 555 701 ipsum
593 650 698 701 quod
738 650 931 704 adjeceris
953 681 963 699 ‚
1003 658 1098 702 post
1125 665 1215 691 xxi.
1245 652 1378 690 Martii
1420 659 1565 704 putare
1603 654 1748 706 incipe.>

277 706 433 744 Etenim
463 705 617 744 decima
648 711 791 758 quarta
826 707 1028 759 quaelibet
1057 708 1157 747 citra
1176 709 1310 746 Martii
1330 722 1417 748 xxl.
1439 709 1750 750 incidens'n‘on-

278 763 373 800 dum
406 762 609 802 Paschalis
640 770 720 803 est:
752 764 802 802 ob
834 765 876 802 id
908 765 1088 804 calculus
1119 766 1224 803 ultra
1245 766 1528 817 propagandus
1550 773 1620 806 est.
1654 769 1768 807 Esto'

279 820 420 870 cyclus
451 820 924 873 Constantinopolitanus
941 835 1027 860 xiv.
1059 822 1129 873 qui
1161 829 1220 860 est
1241 824 1441 860 Romanus
1463 836 1566 862 xvir.
1590 832 1751 877 epactae

278 883 375 915 sunt
403 890 460 916 1v.
500 890 601 928 quae
642 891 733 916 cum
775 878 928 930 viginti,
948 879 1078 917 Martii
1109 879 1331 918 conficiunt
1359 893 1476 919 xxiv.
1536 882 1588 919 Ut
1619 889 1751 921 autem

278 934 411 972 ablata
451 934 603 985 integra
646 935 830 987 syzygia,
879 936 1025 986 reliqui
1062 936 1144 975 sint
1181 936 1266 974 dies
1295 949 1379 975 xw.
1416 937 1519 975 adde
1547 952 1619 978 xx.
1649 939 1752 977 fiunt

276 1004 390 1029 xmv.
415 990 511 1031 dies.
571 992 698 1030 Porro
729 992 901 1031 addititii
929 992 989 1030 illi
1016 1007 1087 1032 xx.
1119 1007 1242 1031 axxr.
1273 993 1407 1031 Martii
1440 995 1491 1033 ad¹
1523 1009 1580 1034 Ix.
1602 996 1754 1047 Aprilis

278 1047 539 1099 perveniunt:
570 1062 650 1099 quo
682 1048 745 1087 die
761 1063 844 1088 xlv.
863 1048 1064 1088 Paschalis
1083 1050 1272 1088 convenit
1299 1051 1416 1102 cyclo
1436 1051 1555 1090 lunae
1577 1053 1752 1092 Nicaeno

277 1118 380 1142 xvn.
440 1106 594 1143 Rursus
625 1106 741 1157 cyclo
761 1119 798 1144 v.
821 1107 1264 1159 Constantinopolitano
1284 1109 1459 1146 Romano
1483 1122 1567 1150 vin.
1591 1117 1753 1162 epactae

278 1175 376 1200 xxv.
408 1175 512 1213 quae
543 1175 633 1199 cum
663 1176 735 1201 xx.
767 1162 906 1201 diebus
935 1163 1066 1201 Martii
1097 1164 1194 1201 dant
1221 1177 1317 1204 xcv.
1377 1166 1430 1202 Ut
1458 1165 1583 1216 igitur
1610 1180 1752 1207 Lxxtv.

277 1218 365 1256 dies
395 1219 589 1265 existant,
620 1219 794 1257 addendi
826 1233 945 1258 xxlx.
974 1220 1070 1258 fient
1096 1233 1240 1259 Lxxw.
1282 1222 1480 1259 Detractis
1510 1236 1578 1261 Lx.
1599 1225 1754 1263 residui

280 1281 372 1313 sunt
407 1289 492 1313 x1v.
570 1276 779 1314 Caeterum
818 1276 870 1315 ad
905 1290 975 1315 xx.
1007 1276 1091 1314 dies
1133 1277 1266 1315 Martii
1305 1277 1456 1316 additis
1485 1293 1602 1320 xxm.
1635 1287 1675 1320 et
1704 1295 1756 1320 ex

281 1345 432 1369 summa
474 1345 591 1371 xmx.
640 1332 825 1371 deductis
865 1347 979 1371 XXXI.
1019 1329 1178 1382 Martii,
1219 1340 1345 1372 restat
1386 1334 1534 1386 Aprilis
1563 1350 1686 1378 xvm.
1713 1339 1755 1377 in

280 1402 399 1439 quani
429 1389 625 1427 terminus
655 1388 857 1429 Paschalis
885 1390 1084 1428 Nicaenus
1116 1390 1327 1443 congruit,
1356 1392 1473 1444 cyclo
1503 1406 1593 1433 vm.

894 1633 1139 1694 XXIX.

279 1746 732 1796 LATERCULUS
768 1749 1090 1799 MENSIUM
1123 1749 1756 1817 MACEDONICORUM,

502 1839 640 1887 QUOS
674 1841 927 1880 SCRIPTOR
954 1843 1205 1882 CHRONICI
1233 1844 1535 1894 PASCHALIS,

314 1909 382 1947 UT
412 1907 476 1946 ET
506 1908 698 1946 MEDIAE
730 1908 1046 1948 VETUSTATIS
1076 1910 1390 1957 SCRIPTORES
1422 1912 1720 1954 CHRISTIANI

451 1976 560 2014 CUM
591 1976 1079 2017 SYROMACEDONICIS
1116 1980 1212 2016 SEU
1242 1979 1591 2020 ANTIOCHENIS

724 2045 1072 2086 CONFUNDERE
1102 2046 1313 2088 SOLENT.

557 2152 810 2208 Α’ὕδηναΐος,
1201 2159 1424 2199 Januarius.

562 2214 765 2266 Περίτιος,
1203 2215 1456 2265 Februarius.

560 2267 742 2323 Δύστρος
756 2302 767 2320 ,
997 2277 1001 2280 “
1202 2273 1382 2312 Martius.

563 2324 766 2374 Ξανθικός
775 2358 786 2376 ,
1200 2330 1366 2382 Aprilis.

557 2384 796 2437 Αρτεμίσιος
808 2415 818 2434 ,
1199 2387 1339 2426 Maius.

559 2442 727 2488 Λαίσιος
737 2471 747 2490 ,
1201 2444 1352 2482 Junius.

561 2494 770 2549 Πάνεμος,
1199 2501 1338 2538 Julius.

558 2557 703 2603 Λῶος,
1204 2559 1421 2608 Augustus,

563 2614 780 2664 Γορπιαῑος
791 2639 801 2658 ,
1203 2615 1449 2666 September.

565 2669 874 2721 Ἰἢτερβερεταῖυς
883 2697 893 2715 ,
1203 2671 1391 2710 October.

558 2727 659 2772 Δῖος
669 2753 679 2773 ,
1199 2728 1436 2767 November.

514 2783 516 2785 ’
560 2785 803 2830 Απελλαῖος,
1200 2785 1429 2827 December.
