1884 3262
327 199 428 251 334
893 168 1217 244 NOTAE

327 314 453 352 sulum.
512 310 625 359 Quae
655 315 856 376 postrema
882 310 1007 350 verba
1036 309 1092 349 ita
1120 311 1407 362 interpretatur
1435 308 1717 356 casaubonus,
1745 314 1792 347 ut

327 371 448 409 fuisse
480 369 607 415 velit,
632 368 702 419 qui
730 370 774 405 in
801 367 1024 418 digerendis
1058 367 1338 406 consularibus
1373 366 1521 414 Fastis,
1549 365 1674 404 basim
1696 376 1792 417 sup-
1818 380 1819 383 ¹

321 422 550 479 'putationis
581 437 675 463 suae
703 430 903 477 ponerent
929 423 1185 462 Consulatum
1208 423 1335 462 Marci
1366 428 1408 462 et
1432 424 1474 461 L.
1498 420 1589 461 Veri
1617 420 1791 462 duorum

329 485 623 532 Augustorum,
654 480 703 519 ab
726 494 772 519 eo
796 480 927 533 capite
947 491 1069 520 annos
1091 480 1328 532 posteriores
1349 485 1621 527 numerarent,
1651 484 1696 517 ut
1725 478 1794 516 di-

329 545 483 586 cerent,
512 537 591 576 hoc
615 537 768 576 illudve
795 537 984 576 accidisse
1005 551 1108 576 anno
1129 543 1223 589 post
1243 536 1503 574 Consulatum
1519 534 1690 574 duorum
1712 535 1795 573 Au-

329 602 539 647 gustorum
570 594 654 634 tali.
716 594 774 632 Ad
806 605 924 646 quam
953 607 1046 632 sane
1075 594 1286 632 formulam
1309 592 1453 631 referri
1478 592 1632 630 fortean
1652 591 1794 644 possit,

329 651 439 703 quod
470 649 693 702 Scriptores
716 650 890 700 laudati,
918 651 1120 702 descripto
1142 650 1357 688 Consulatu
1381 649 1431 686 M.
1453 648 1664 697 Antonini,
1695 646 1795 702 (qni

329 721 410 747 non
434 707 534 746 alius
557 714 617 746 est
637 721 657 746 a
677 680 905 746 successore
924 706 1010 759 Pii)
1041 716 1079 746 et
1111 707 1157 747 L.
1192 706 1346 745 Aurelii
1368 704 1480 753 Veri,
1512 705 1722 751 addidere,
1750 704 1795 744 P.

264 776 267 779 ⁴
329 766 373 806 C.
401 763 650 814 eorumdem,
680 769 714 803 et
733 764 882 803 Duobus
897 764 1097 814 Augustis:
1125 776 1203 801 non
1234 762 1343 813 quod
1372 767 1503 801 essent
1526 760 1673 800 diversi
1693 761 1796 799 Con-

330 822 503 870 sulatus,
534 819 605 859 sed
633 827 680 859 ut
708 820 928 860 indicarent
954 820 1166 859 formulam
1196 818 1340 857 exinde
1360 824 1561 870 receptam
1577 818 1621 856 in
1638 816 1796 856 descri-

327 877 470 917 bendis
499 878 652 928 Fastis,
681 877 736 917 ita
765 884 811 916 ut
840 879 931 916 loco
960 877 1137 930 ejusdem
1161 876 1399 914 Consulatus
1420 875 1664 914 scriberetur
1686 874 1798 913 dun-

328 941 459 974 taxat:
491 934 637 973 Duobus
655 934 831 984 Augustis
852 934 945 973 Coss.
964 940 1011 972 ut
1029 934 1070 972 in
1089 933 1217 972 Fastis
1238 929 1499 971 Cassiodori:
1519 937 1559 970 et
1579 944 1683 969 anno
1703 930 1796 969 dein

326 991 535 1044 proximu,
566 991 609 1030 P.
639 991 677 1030 G.
708 992 858 1029 duorum
883 991 1145 1042 Augustorum:
1174 1002 1276 1042 quae
1305 1002 1397 1027 cum
1422 1002 1503 1028 non
1524 987 1796 1038 adverterent,
1825 1002 1833 1009 ’

327 1048 493 1087 totidem
512 1059 595 1086 esse
616 1047 853 1086 Consulatus
872 1047 1159 1086 existimarunt.
1709 1066 1714 1068 ἡ

441 1102 662 1154 Pag.480.
695 1107 759 1147 18.
821 1104 1077 1154 Ρουστικίου]
1117 1103 1308 1142 Rusticum
1337 1107 1486 1140 vocant
1516 1100 1623 1140 Fasti
1649 1109 1797 1150 omnes,

328 1167 448 1213 atque
474 1160 740 1211 Capitolinus
746 1160 786 1198 in
805 1160 896 1210 Pio,
927 1174 950 1198 a
970 1173 1050 1211 quo
1067 1160 1196 1199 Iunius
1213 1160 1388 1198 Rusticus
1408 1158 1658 1210 appellatur:
1687 1156 1798 1195 solus

326 1218 477 1257 Idatius
493 1217 667 1269 Rufinum
688 1222 822 1256 vocat.

441 1273 537 1322 Pag.
566 1273 662 1316 481.
691 1276 730 1315 6
790 1269 877 1325 Πρὸ
909 1268 942 1320 ζ’
973 1274 1072 1311 Kal..
1099 1268 1298 1323 Ιουνίων]
1335 1270 1488 1309 Locum
1524 1269 1634 1309 hune
1660 1268 1796 1308 multis
1878 1265 1881 1267 ’

329 1329 564 1382 expendunt
595 1323 772 1380 Scaliger
800 1329 850 1367 ad
878 1327 1096 1367 Eusebium
1124 1338 1214 1380 pag.
1234 1330 1330 1370 221.
1361 1332 1402 1365 et
1426 1326 1588 1365 Henric.
1615 1326 1797 1366 Valesius

329 1386 381 1425 ad
410 1386 589 1436 ejusdem
617 1385 777 1425 Eusebii
796 1384 1109 1426 Hist.Ecc1.lib.
1131 1397 1187 1424 1v.
1210 1396 1298 1437 cap.
1320 1395 1392 1423 xv.
1416 1395 1519 1436 quos
1539 1383 1648 1424 adire
1667 1383 1797 1422 cuivis
1880 1405 1884 1408 -

325 1443 436 1483 licet
439 1497 534 1549 Pag.
565 1497 660 1541 481.
690 1493 731 1542 9
788 1493 870 1546 πζ’.
883 1498 897 1547 ]
930 1497 1109 1536 Holsten.
1130 1493 1206 1543 σις’.

438 1554 661 1606 Pag.481.
693 1558 759 1598 12.
818 1549 923 1608 πςῖ]
959 1554 1138 1594 Holsten
1178 1548 1243 1600 σις’
1283 1552 1349 1607 ε’τη
1380 1549 1574 1595 δουλευω.
1632 1552 1694 1592 ΕΧ
1719 1548 1798 1593 Eu-

329 1611 538 1718 BebioPag-
567 1667 662 1711 482
691 1666 730 1709 4
790 1666 1017 1719 Ιουστῖνος]
1048 1666 1150 1706 Vide
1176 1663 1319 1706 Euseb.
1352 1666 1422 1706 lib.
1445 1677 1502 1706 zv.
1529 1679 1618 1720 cap.
1642 1676 1730 1704 ΧΠ.
1756 1667 1798 1704 et

328 1720 426 1763 alios
442 1723 664 1830 ἒιᾶιὲεἰηίῖ82.
697 1782 738 1824 8.
797 1778 1011 1831 Μελίτων]
1044 1779 1107 1818 Ex
1138 1779 1348 1819 Eusebio
1334 1792 1377 1818 m
1410 1777 1557 1826 Chron.
1580 1783 1626 1817 et
1645 1774 1717 1818 lib.
1740 1786 1797 1817 Ν.

329 1848 417 1889 cap.
439 1850 533 1875 x111.
555 1850 674 1876 ΧΧΠ.
693 1836 762 1876 lib.
780 1848 820 1877 v.
845 1849 929 1888 cap.
950 1849 1068 1874 xxw.
1088 1848 1241 1875 xxv111.
1262 1850 1312 1876 ex
1330 1849 1388 1886 eo,
1422 1843 1462 1875 et
1479 1835 1581 1874 aliis.
1638 1833 1796 1873 Gotosr.

328 1892 605 1932 Henschenius
639 1893 690 1933 de
716 1892 904 1932 Melitene
932 1892 983 1932 ad
1008 1892 1117 1931 illius
1135 1893 1260 1933 vitam
1277 1899 1333 1932 to.
1351 1907 1382 1933 1.
1400 1892 1527 1945 April.
1543 1890 1669 1931 multa
1688 1903 1799 1930 com„-

330 1955 542 2057 mentssgg:
572 2004 667 2048 482.
699 2007 766 2047 11.
824 2001 1063 2056 Ενὲθηιέεν]
1099 2005 1147 2043 In
1176 2004 1344 2058 Apolog.
1372 2018 1401 2044 1.
1439 2017 1517 2057 pro
1547 1998 1797 2054 Christianis,

329 2062 406 2103 sub
422 2063 602 2111 initium,
633 2075 683 2100 ex
705 2074 784 2112 qua
807 2061 1010 2101 variantes
1030 2062 1223 2101 lectiones
1240 2061 1410 2101 subinde
1428 2061 1498 2100 hic
1513 2072 1722 2114 apponam.

444 2119 668 2170 Pag.482.
704 2121 771 2160 18
827 2119 1101 2172 Κρίσκεντος]
1142 2119 1211 2167 De
1251 2130 1333 2172 quo
1367 2119 1545 2171 Scaliger
1577 2117 1629 2157 ad
1663 2117 1798 2156 Euse-

327 2175 539 2272 biumfln'd.
600 2227 857 2284 Φιλοσὸφου]
895 2231 967 2272 Ed.
994 2226 1252 2284 φιλοψόφον.
1311 2229 1482 2281 Deinde,
1511 2243 1587 2284 pro
1617 2227 1796 2283 φιλόνει-

180 2291 212 2328 V
238 2290 306 2327 459
329 2302 426 2338 κον,
459 2282 702 2340 φιλόσοφον.
775 2289 842 2336 Ως
857 2284 927 2342 γε]
957 2287 1031 2329 Ed.
1059 2285 1106 2337 ὅς
1128 2301 1192 2342 γε·
1222 2294 1262 2327 et
1286 2288 1343 2327 sic
1370 2287 1593 2340 legendum.
1650 2288 1795 2356 Ημῶν,

329 2345 443 2384 abest
472 2344 521 2383 ab
550 2344 614 2384 ed.
689 2342 833 2396 mag]
865 2345 939 2384 Ed.
969 2344 1101 2391 addit,
1128 2341 1315 2393 τοιαύτας
1340 2359 1398 2398 γε.
1457 2344 1630 2394 Deinde,
1661 2339 1795 2392 οὐδὲν,

331 2401 394 2442 ed.
428 2399 568 2471 μηδέν.
647 2398 825 2470 Ετοιμός
852 2400 959 2454 εἰμι]
986 2402 1090 2443 Edit.
1121 2400 1278 2455 ἕτοιμος
1308 2398 1378 2442 καὶ
1409 2397 1472 2453 ἐφ’
1497 2399 1627 2455 ἡμῶν.
1683 2398 1794 2449 ΜοΧ,

328 2455 406 2513 γαρ
425 2454 548 2565 “Pinge
552 2452 694 2584 d4gi'3n
656 2473 737 2557 .α8.
796 2512 879 2554 Καὶ
901 2511 946 2554 αἰ
959 2510 1215 2567 ἀποκρίσεις]
1246 2511 1349 2552 Edit.
1363 2511 1433 2553 καὶ
1453 2512 1499 2553 αἱ
1521 2511 1677 2554 ἐκείνου
1694 2507 1797 2553 α’πο·

331 2570 483 2624 κρίσεις
499 2565 686 2622 φανερὸν,
703 2574 776 2609 etc.
840 2573 931 2611 Τῶν
947 2569 1164 2623 ἡμετέρων]
1195 2569 1377 2609 Desunt'
1365 2582 1407 2607 m
1426 2569 1501 2608 Ed.
1559 2569 1669 2619 Mox,
1692 2566 1793 2618 ἔνδὲ,

334 2627 398 2668 ed.
428 2625 458 2681 ἢ
488 2627 524 2668 εἰ
545 2627 628 2666 καί
686 2624 859 2697 Λέγειν]
890 2627 996 2667 Edit.
1017 2627 1151 2674 addit,
1183 2625 1332 2677 ὁμοίως
1351 2621 1578 2694 Σωκράτει,
1606 2623 1660 2674 ὥς
1675 2622 1795 2682 προέ-

334 2699 434 2737 φην.
492 2680 754 2736 Σωματικον]
784 2683 888 2722 Edit.
906 2681 1160 2735 Σωκρατικὸν
1175 2678 1262 2730 ἆξιέ
1263 2693 1407 2734 ραστον
1425 2697 1473 2723 ον
1491 2697 1598 2723 τινα.

446 2740 541 2791 Pag.
571 2738 668 2782 483
701 2743 763 2782 18.
826 2736 880 2781 To
896 2736 942 2792 β’.
953 2739 971 2791 ]
999 2740 1057 2778 Ita
1077 2739 1185 2792 apud
1202 2739 1454 2791 Prosperum.
1511 2739 1564 2778 At
1582 2737 1681 2777 haec
1695 2743 1792 2778 nota

186 2806 215 2841 Ρ
239 2805 308 2843 539
335 2797 469 2837 iterati
489 2796 724 2836 Consulatus
741 2796 853 2836 abest
872 2811 895 2834 a
913 2795 1176 2848 Lampridio
1164 2809 1206 2834 1n
1224 2794 1465 2845 Commodo,
1496 2793 1545 2835 ab
1568 2790 1721 2843 Idatio,
1748 2797 1793 2834 et

336 2868 359 2894 a
387 2853 517 2895 veteri
542 2851 817 2907 Inscriptione.
872 2853 987 2892 Unde
1004 2852 1113 2893 hunc
1135 2851 1349 2894 Pudentem
1369 2827 1488 2892 aliuin
1505 2864 1589 2892 esse
1608 2851 1679 2905 qui
1699 2860 1792 2890 cm
