1820 3276
452 209 512 252 IN
545 207 875 252 CHRONICON
905 205 1197 250 PASCHALE.
1467 200 1574 248 463

14 347 17 354 κ
100 322 167 373 qui
199 319 349 358 nomini
380 318 717 371 praemittuntur,
759 318 1036 367 attendantur,
1073 316 1116 355 in
1155 315 1302 368 quibus
1337 315 1392 353 ita
1432 327 1574 354 exara-

99 384 189 417 tur:
231 377 374 415 ANNO
404 390 463 414 xi.
495 376 559 414 vel
589 390 661 413 xi1.
691 375 758 414 vel
789 389 858 414 xv.
888 374 1126 413 JOHANNE
1156 374 1204 413 V.
1234 374 1277 411 C
1309 373 1452 413 CONS.
1511 372 1572 410 lta

96 435 202 473 enim
244 433 473 486 promiscue
518 433 751 485 praeferunt
790 446 813 469 a
851 445 969 471 Lxm.
1000 443 1127 483 usque
1156 430 1206 468 ad
1234 443 1349 469 var.
1405 428 1574 468 Novella

98 505 196 530 vero
235 504 376 528 Lxxiv
415 490 706 541 Scrimgeriana
743 489 798 527 ita
837 488 1126 526 subscribitur:
1170 487 1283 525 DAT.
1315 486 1437 524 NON.
1468 485 1572 524 JUN.

100 547 276 585 CONST.
309 547 413 585 lMP.
444 546 525 586 DN.
557 546 690 585 JUST.
722 545 794 583 PP.
830 545 955 585 AUG.
995 545 1113 583 ANN.
1141 545 1228 583 XV.
1258 543 1494 581 JOHANNE
1523 542 1573 581 V.

99 605 142 642 G.
173 604 316 642 CONS.
346 603 448 642 IND.
478 605 555 643 τοῦ
582 607 676 654 θμω
708 601 831 649 ε’τους.
863 602 932 640 ubi
963 615 1088 640 annus
1119 599 1522 652 Syromacedonum
1510 613 1573 637 in·

97 661 290 711 digitatur
319 673 534 701 Dcccxmx.
564 660 599 698 si
629 665 744 697 notas
774 659 997 697 numerales
1026 657 1296 707 retrotrahas,
1335 663 1381 696 ut
1409 656 1452 695 in
1482 669 1593 695 aera.

96 717 440 757 Antiochenorum
474 716 713 769 appellanda
754 728 824 754 seu
866 716 1042 768 putanda
1071 728 1188 753 usum
1221 727 1303 752 non
1333 714 1455 753 semel
1484 714 1571 751 Au-

7 775 17 811 ,ss
96 781 250 813 ctorem
298 773 487 812 Chronici
522 773 823 812 observavimus
861 772 911 810 ad
948 786 1036 825 pag.
1065 774 1164 815 328.
1221 773 1319 809 Cum
1348 771 1454 810 enim
1484 784 1572 809 aera

96 831 459 884 Syromacedonica
505 844 636 868 aeram
683 829 951 868 Christianam
991 842 1136 867 cccxix.
1174 828 1286 867 annis
1330 828 1573 880 praecedere

96 888 278 936 dicatur,
319 887 480 926 Joaunis
521 900 617 926 vero
657 886 895 925 Consulatus
932 885 975 923 in
1013 899 1158 923 annum
1191 885 1336 924 Christi
1364 898 1572 924 cxxxviii.

95 945 268 996 incidat,
314 950 423 983 recte
471 958 597 982 annus
635 956 847 982 ncccxmx.
889 942 1123 992 conficitur,
1174 941 1500 993 quandoquidem
1538 941 1573 980 is

96 1016 230 1041 mense
274 1000 470 1040 duntaxat
513 1000 682 1040 Octobri
722 999 933 1039 exordium
971 1000 1102 1038 sumit.
1163 999 1311 1037 Deinde
1340 999 1444 1039 Nov.
1472 1011 1573 1037 Lvn.

94 1060 202 1111 apud
243 1059 531 1108 Scnmgerum,
570 1064 612 1097 et
645 1071 701 1095 1.1.
731 1056 840 1109 apud
878 1057 1077 1095 lulianum
1108 1056 1433 1095 Antecessorem:
1473 1055 1574 1094 [ΜΡ.

94 1116 178 1155 DN.
216 1115 400 1153 JUSTlN.
445 1115 564 1154 AUG.
603 1115 734 1153 POST
774 1113 915 1153 BlLlS.
956 1114 1002 1154 V.
1046 1114 1087 1151 C.
1133 1113 1281 1155 CONS.
1319 1111 1462 1151 ANNO
1505 1112 1573 1149 IIL

95 1173 261 1211 Novella
293 1171 467 1223 denique
494 1185 578 1209 xm.
608 1171 665 1210 sic
695 1171 917 1209 clauditur:
950 1170 1064 1208 DAT.
1090 1170 1176 1209 XV.
1207 1171 1256 1210 K.
1290 1170 1426 1208 SEPT.
1457 1168 1574 1206 ANN.

94 1230 166 1268 XI.
200 1229 331 1267 POST
360 1228 503 1269 BILIS.
535 1228 582 1268 V.
614 1228 656 1267 C.
689 1227 832 1265 CONS.
860 1227 963 1267 IND.
994 1228 1023 1268 1.
1071 1240 1174 1278 quae
1205 1227 1365 1279 quidem
1403 1225 1574 1264 Indictio

94 1300 122 1324 ι.
162 1285 207 1324 in
248 1285 507 1324 Consulatum
537 1284 700 1324 Ioannis
728 1284 849 1323 cadit.
908 1284 985 1322 Sed
1016 1284 1116 1335 quid
1149 1283 1223 1322 sibi
1252 1283 1378 1323 velint
1406 1288 1469 1322 tot
1497 1296 1572 1322 va-

93 1342 243 1381 riantes
282 1342 475 1394 adscripti
511 1341 671 1380 Joannis
701 1341 938 1380 consulatui
967 1340 1123 1379 numeri
1153 1341 1282 1379 fateor
1309 1354 1373 1379 me
1403 1354 1483 1378 non
1512 1353 1574 1378 as-

96 1399 222 1451 sequi.
281 1399 343 1438 Ad
382 1398 492 1437 hunc
522 1399 639 1437 etiam
678 1412 825 1437 annum
854 1398 996 1437 referri
1025 1411 1143 1450 posse
1170 1397 1362 1437 videntur
1389 1396 1575 1436 subscri-

0 1468 25 1521 *r
95 1458 255 1509 ptiones
286 1456 628 1495 constitutionum
660 1469 801 1494 cxxnl.
833 1462 871 1494 et
901 1468 1036 1493 cxxlv.
1067 1454 1245 1506 ejusdem
1274 1454 1416 1494 Juliani
1446 1454 1574 1493 Ante-

97 1526 195 1552 cess.
225 1513 268 1551 P.
301 1514 342 1551 G.
373 1512 643 1552 BELISARII.
673 1512 816 1551 ANNO
845 1512 932 1551 1111.
962 1512 1064 1550 IND.
1095 1511 1200 1551 VIII.
1229 1512 1387 1550 tametsi
1411 1511 1574 1551 minime

94 1569 161 1608 hic
192 1569 362 1620 quadret
390 1569 563 1608 Indictio
594 1583 683 1609 vin.
714 1583 816 1621 quae
847 1583 873 1607 1.
902 1569 1006 1615 fuit,
1044 1568 1122 1607 nisi
1161 1582 1210 1607 ex
1249 1569 1332 1607 illis
1373 1568 1425 1607 sit
1465 1568 1574 1606 Indi-

92 1627 297 1665 ctionibus
322 1626 488 1666 exoticis
519 1626 569 1665 de
599 1626 751 1678 quibus
774 1640 854 1664 non
884 1626 1009 1664 semel
1037 1626 1200 1677 egimus.
1257 1626 1463 1664 Praeterea
1493 1625 1574 1664 No-

93 1684 222 1722 venae
256 1684 571 1735 Scrimgerianae
600 1697 724 1722 cxxx.
743 1689 783 1720 et
799 1696 972 1722 cxxviii.
1003 1696 1104 1735 qnae
1131 1682 1294 1721 eaedem
1323 1689 1438 1733 sunt,
1464 1680 1571 1721 hanc

91 1740 429 1792 subscriptionem
460 1740 714 1793 praeferunt:
744 1739 946 1778 BASILIO
982 1739 1028 1777 V.
1060 1740 1102 1778 C.
1137 1740 1281 1780 CONS.

209 1800 303 1848 Pag.
333 1798 428 1840 634.
458 1800 495 1839 8-
554 1796 770 1848 Απίωνος]
814 1797 859 1835 Id
890 1796 1060 1835 nominis
1089 1810 1181 1835 cum
1212 1796 1329 1834 unico
1357 1810 1412 1846 π,
1453 1794 1573 1835 etiam

91 1853 289 1905 scriptum
329 1864 451 1906 supra
487 1854 767 1893 observamus:
801 1867 930 1906 neque
961 1853 1077 1892 aliter
1104 1853 1286 1892 Julianus
1320 1853 1572 1903 Antecessor,

90 1910 232 1949 Victor
260 1911 563 1959 Tunnunensis‚
593 1917 633 1949 et
662 1910 863 1949 Victorius
891 1910 971 1949 hoc
1000 1924 1118 1950 anno.
1175 1909 1430 1949 Marcellinus
1459 1922 1571 1959 vero,

89 1967 242 2006 Marius
272 1967 455 2007 Aventic.
485 1974 526 2007 et
555 1967 623 2006 alii
651 1968 874 2020 Appionem
905 1967 1100 2019 scribunt,
1131 1967 1334 2019 quomodo
1364 1965 1469 2005 hanc
1498 1980 1570 2005 vo-

91 2037 179 2063 cem
216 2024 387 2064 efferunt
433 2025 656 2077 Procopius
698 2031 739 2064 et
782 2024 1058 2078 Theophanes.
1128 2024 1207 2063 Sed
1248 2038 1296 2063 an
1333 2022 1440 2062 idem
1478 2037 1570 2062 cum

89 2081 299 2133 Appione,
335 2081 405 2133 qui
431 2081 512 2134 jam
541 2082 592 2120 ab
626 2096 732 2121 anno
757 2095 843 2121 ΧΠ.
871 2082 1089 2132 Anastasii,
1129 2080 1209 2120 hoc
1238 2087 1299 2119 est
1326 2080 1474 2119 Christi
1501 2094 1569 2119 nv.

89 2138 135 2176 in
163 2139 254 2176 aula
291 2138 506 2189 dignitates
545 2139 773 2188 obtinebat,
814 2139 884 2178 vix
916 2145 977 2178 est
1003 2153 1102 2178 vero
1138 2138 1288 2187 simile,
1326 2133 1417 2176 cum
1447 2150 1568 2189 prae-

11 2195 13 2197 ’
89 2200 200 2234 terea
240 2195 376 2234 tradat
409 2195 560 2235 Auctor
595 2195 785 2235 Chronici
819 2195 867 2234 ab
903 2195 1108 2235 Anastasio
1147 2195 1305 2234 exulem
1334 2195 1506 2242 factum,
1547 2209 1569 2233 a

90 2251 249 2290 Iustino
278 2252 381 2303 Imp.
410 2258 667 2301 revocatum,
706 2267 754 2292 ac
788 2252 1066 2292 Praefecturae
1103 2251 1385 2292 Praetorianae
1414 2250 1570 2290 honore

92 2308 307 2357 donatum,
351 2309 461 2348 nulla
501 2309 740 2349 Consulatus
770 2310 876 2348 facta
905 2310 1119 2349 mentione.
1178 2309 1331 2348 Deinde
1361 2307 1431 2347 hic
1460 2309 1570 2347 Stra-

66 2365 188 2415 ⁴tegii
228 2365 336 2404 filius
371 2365 542 2415 dicitur,
583 2372 631 2404 ut
667 2366 717 2404 ab
746 2366 825 2405 alio
862 2367 932 2418 qui
962 2367 1035 2406 sub
1066 2366 1222 2406 Justino
1250 2365 1389 2404 floruit
1416 2365 1569 2404 distin-

90 2428 265 2472 guatur:
310 2422 420 2466 illius
459 2423 566 2461 sorte
603 2423 788 2474 Strategii
827 2423 993 2462 Comitis
1033 2425 1244 2462 Sacrarum
1282 2422 1567 2473 Largitionum,

89 2479 340 2528 Exconsule‚
377 2485 417 2518 et
450 2479 633 2530 patricii,
672 2479 738 2518 cui
776 2480 1011 2520 inscribitur
1046 2481 1214 2520 Novella
1249 2479 1461 2519 Justiniani
1502 2491 1564 2518 cv.

90 2535 222 2583 Quem
251 2549 376 2588 porro
403 2536 600 2589 Apionem
628 2537 695 2575 vel
726 2536 953 2588 Appionem
979 2538 1089 2576 Fasti
1118 2544 1157 2578 et
1186 2537 1338 2576 Auctor
1363 2534 1565 2584 Chronici,

90 2592 282 2631 Arionem
329 2600 524 2646 perpetuo
572 2600 718 2632 vocant
760 2594 976 2633 Justiniani
1021 2595 1211 2634 Novellae
1255 2591 1567 2644 Scrimgerianae

89 2657 955 2691 Lxxvi11.1.xxxx.Lxxxm.xc1x.c1.et
990 2651 1100 2704 apud
1128 2651 1331 2691 sulianum
1359 2649 1565 2688 Antecess.

90 2706 451 2746 Constit.1.xxn1.
500 2714 539 2746 et
589 2720 717 2748 Lxxv.
759 2708 948 2761 illiusque
992 2709 1232 2747 Consulatus
1271 2707 1325 2745 ita
1365 2705 1563 2756 signatur:

89 2758 287 2801 ARIO'NE
316 2762 364 2800 V.
392 2762 436 2801 C.
463 2763 611 2804 CONS.
641 2764 752 2804 hisce
780 2765 958 2805 numeris
998 2765 1108 2804 varie
1145 2761 1406 2817 praepositis,
1448 2761 1563 2802 ANN.

88 2818 180 2859 ΧΠ.
208 2819 274 2858 vel
302 2818 413 2859 xm.
443 2820 508 2860 vel
537 2821 624 2864 XV.
655 2821 755 2861 mihi
781 2823 932 2876 pariter
958 2821 1192 2874 incognitis,
1228 2819 1300 2859 ubi
1333 2818 1455 2859 editio
1492 2817 1559 2858 Fr.

89 2874 247 2915 Pithoei
273 2874 393 2916 habet
419 2874 623 2918 APIONE.

1604 1289 1633 1324 V
1655 1289 1726 1326 539
