1884 3262
571 188 842 234 GHRONICI
868 187 1176 233 PASCHALIS.
1187 188 1192 191 ”
1312 257 1314 259 ‚
1529 184 1554 230 1
1562 183 1591 231 4
1601 185 1626 230 1

141 304 364 345 confessam
394 314 481 341 esse
510 313 604 340 cum
632 300 786 354 ejulatu
812 300 857 339 id
888 313 931 339 se
956 313 1187 353 perpessam
1218 295 1330 350 quod
1356 296 1519 336 Ioannis
1547 297 1628 349 Ba-

141 363 286 415 ptistae
316 366 439 413 caput
466 358 661 413 petiisset.
721 357 832 406 Qujn
862 363 902 396 et
930 355 1218 410 ipse‘perinde
1247 354 1425 394 Herodes
1449 354 1627 394 Judaeu-

141 433 233 459 rum
264 419 351 457 Rex
389 431 436 455 ac
476 414 698 455 Tetrarcha
728 429 751 453 a
780 414 987 453 vermibus
1029 427 1220 453 corrosus
1259 412 1394 465 periit.
1452 411 1629 452 Herodis

143 483 278 516 autem
315 473 604 514 haereditatem
643 472 745 512 adiit
784 471 963 520 Pilatus,
1014 477 1061 509 ut
1110 471 1179 522 qui
1215 469 1372 510 Herodi
1419 469 1630 509 invideret.

143 533 224 573 Sed
253 539 291 571 et
322 538 496 584 quatuor
524 530 636 584 illius
666 529 759 580 filii,
788 529 956 581 ipsaque
976 527 1174 567 Herodias
1206 542 1256 566 ex
1287 540 1368 579 qua
1391 526 1468 565 hos
1491 540 1632 565 susce-

141 597 283 644 perat,
324 588 530 628 vermibus
561 586 791 639 consumpti
819 586 973 638 pariter
1003 586 1220 637 perierunt.
1280 585 1505 637 Procopius
1536 583 1630 636 qui-

143 648 235 687 dam
257 645 502 699 Presbyterii
530 644 725 696 dignitate
745 642 938 692 donatus,
968 642 1078 681 vitae
1101 642 1312 681 sanctitate
1336 655 1384 679 ac
1402 641 1631 694 eloquentia

142 710 374 758 praestans,
419 709 459 742 et
487 702 531 741 in
561 702 669 741 omni
710 700 817 739 circa
862 699 1098 752 disciplinas
1129 699 1402 738 concinnitate
1433 705 1472 737 et
1503 712 1630 751 expe-

141 762 287 801 rientia
310 773 470 813 semper
497 765 702 808 versatus,
736 771 831 798 cum
859 757 904 796 in
935 757 1165 796 Historicos
1194 755 1436 795 sanctissimi
1467 762 1506 795 et
1526 755 1633 794 bea-

141 819 286 859 tissimi
317 816 509 870 Episcopi
539 824 578 855 et
606 816 798 867 Martyris
835 813 1028 854 Dorothei
1070 813 1379 853 commentarios
1408 812 1631 863 incidisset,

142 876 244 915 haec
271 875 404 914 omnia
433 874 597 926 scriptis
615 869 744 912 'nobis
773 871 953 923 reliquit.
1015 871 1174 910 Gratias
1196 871 1319 923 igitur
1340 883 1502 921 agamus
1521 870 1631 908 illius

141 934 350 974 laboribus
381 938 421 971 et
450 931 673 970 immortali
709 929 923 969 memoriae
942 958 954 982 ‚
993 942 1103 967 nunc
1133 935 1174 969 et
1203 941 1365 982 semper
1394 933 1434 967 et
1465 927 1507 966 in
1537 941 1632 966 sae-

143 992 236 1032 cula
263 990 536 1040 saeculorum,
574 1002 701 1029 amen.

142 1214 427 1274 Εὕαγγελίοις,
457 1217 516 1267 εἴς
536 1232 628 1258 τινα
651 1213 726 1270 μὲν
746 1212 978 1271 οἷντίγραφα
996 1207 1246 1269 περιέχει’το”ς
1265 1211 1326 1268 οβ’
1341 1213 1549 1269 ὑπῆρχον,
1573 1216 1631 1264 εἷς

140 1277 253 1331 ἕτερα
274 1273 308 1318 o'
330 1271 483 1329 μόνον,
515 1276 557 1316 οἳ
574 1272 643 1315 καὶ
669 1269 950 1328 ἦγωνήσαντο
963 1274 1160 1328 γενναίως
1181 1272 1225 1314 ἐν
1244 1277 1331 1321 τοῖς
1349 1271 1631 1324 ψευδαποστό-

138 1337 244 1384 λοις,
275 1333 344 1374 καὶ
364 1336 523 1380 λοιποῖς
543 1327 771 1379 ἀντιθέτοις
788 1334 864 1372 τοῦ
882 1327 1014 1384 ὀρθοῦ
1033 1333 1107 1383 τῆς
1128 1325 1327 1382 ἆληθείας
1345 1327 1544 1384 δόγματος
1557 1328 1630 1371 Ικαὶ

137 1387 405 1446 κηρύγματος.
462 1386 545 1430 Διοέ
566 1391 686 1429 τοῦτο
713 1387 783 1439 κᾳὶ
812 1387 834 1430 ὁ
857 1386 1058 1444 μακάριος
1081 1390 1250 1436 Παῦλος
1276 1385 1374 1436 τούς
1394 1385 1426 1429 o'
1452 1390 1633 1443 Χριστοῦ

140 1445 353 1502 μαθητάς,
383 1443 606 1500 συνεργοὺς
630 1448 755 1486 καλεῖ.

253 1506 480 1544 Describitur
499 1505 651 1554 denique
669 1506 711 1542 in
731 1502 806 1541 alio
826 1501 911 1541 eod.
923 1501 1019 1553 Reg.
1039 1504 1137 1552 sign.
1158 1514 1204 1540 11.
1217 1513 1431 1541 mccccm.
1444 1501 1518 1554 sol.
1533 1503 1631 1545 233.

141 1562 354 1616 :syntagma
382 1564 459 1603 τοῦ
487 1561 727 1612 Επιφανίου
759 1555 1004 1600 Επισκόπου
1039 1554 1213 1611 Κύπρου
1255 1557 1348 1613 περὶ
1378 1561 1463 1599 ταῖν
1503 1556 1632 1612 ἆγίων

139 1617 409 1670 Αποστόλων,
439 1620 527 1659 ποῦ
546 1617 711 1665 ἕκαστος
731 1612 867 1657 αὐτῶν
888 1613 1059 1671 ἐκήρυξε
1075 1615 1144 1656 καὶ
1164 1614 1258 1669 περὶ
1279 1614 1348 1656 καὶ
1374 1618 1458 1657 ποῦ
1479 1612 1631 1657 ἐτελεύ-

139 1690 291 1730 τησαν,
321 1675 392 1718 καὶ
417 1673 467 1716 τοὶ
504 1671 600 1729 ἅγια
631 1670 770 1716 αὐτῶν
803 1670 968 1726 σώματα
1002 1675 1087 1714 ποῦ
1114 1677 1286 1723 κεῖνται,
1316 1672 1386 1713 καὶ
1419 1672 1464 1713 ἐν
1498 1674 1633 1722 ποίοις

139 1731 301 1788 τόποις,
343 1736 404 1773 cui
423 1733 575 1784 quidem
603 1731 850 1785 ,syntagmati
875 1731 1119 1781 subjiciuntur
1148 1732 1295 1769 nomina
1329 1734 1363 1768 et
1389 1729 1633 1783 Episcopatus

139 1805 239 1831 Lxx.
257 1791 536 1843 Discipulorum.
602 1790 726 1830 Verum
755 1801 834 1827 cum
861 1788 954 1827 nihil
986 1788 1093 1827 aliud
1113 1787 1195 1839 sere
1224 1789 1403 1826 contineat
1437 1789 1532 1839 quod
1560 1803 1632 1827 non

140 1851 319 1888 habeatur
339 1849 440 1901 apud
458 1848 697 1896 Dorotheum,
726 1850 761 1885 et
791 1848 829 1884 in
857 1846 961 1884 illius
986 1848 1075 1884 serie
1097 1859 1172 1884 ΧΠ.
1193 1845 1462 1897 Apostolorum,
1493 1859 1538 1884 ac
1560 1846 1630 1884 illa

142 1920 234 1959 quae
265 1907 487 1958 praefigzfftur
518 1906 680 1957 operibus
715 1904 922 1942 Oecumem'i
937 1933 949 1952 ,
990 1902 1208 1952 catalogum
1234 1903 1359 1953 illum,
1398 1906 1441 1940 ut
1473 1907 1507 1940 et
1537 1904 1631 1942 alios

142 1977 290 2016 quorum
323 1976 406 2002 mox
437 1965 678 2012 meminimus,
708 1963 828 1999 omitti
855 1960 978 1998 debere
1004 1962 1214 1998 censuimus.
1274 1959 1345 1998 Cui
1370 1959 1510 2010 quidem
1536 1959 1630 2012 Epi-

137 2022 271 2074 pham'i
287 2020 454 2072 opusculo
470 2020 636 2059 subditur
654 2022 692 2058 in
708 2019 826 2057 eodm
847 2017 975 2057 Codice
992 2018 1099 2056 aliud
1115 2017 1270 2067 ejusdem
1292 2016 1392 2069 forte
1411 2016 1630 2069 Epiphanii,

141 2080 208 2117 hoc
235 2078 365 2116 titulo:
399 2074 456 2118 Τᾶ
486 2072 662 2130 ὀνόματα
686 2078 772 2116 τοῖν
789 2073 943 2129 γονέων
973 2077 1057 2115 τῶν
1090 2071 1142 2128 ιβ’
1157 2070 1428 2123 Λποστόλων,
1459 2073 1527 2114 καὶ
1553 2077 1630 2115 τοῦ

143 2132 393 2189 Μελχισεδὲχ
403 2166 415 2185 ,
441 2134 576 2174 editum
592 2148 618 2174 a
633 2135 668 2174 J.
686 2133 733 2172 B.
757 2133 928 2172 cotelerio
945 2132 997 2171 ad
1015 2132 1164 2173 constit.
1182 2132 1341 2184 Apostol,
1361 2143 1455 2183 pag.
1477 2129 1571 2174 194.
