1884 3262
146 550 176 585 V
204 550 271 585 439

155 2137 185 2171 P
209 2136 279 2173 524

293 208 395 257 304
889 209 1206 253 NOTAE

408 320 502 371 Pag.
533 323 627 364 388.
657 323 695 362 6.
753 322 840 371 Ετη
858 317 947 373 '‘ff-l
969 321 1026 360 De
1048 319 1160 359 annis
1181 319 1341 372 Imperii
1360 319 1506 359 Tiberii
1525 327 1647 372 agunt
1667 322 1761 359 Sca-

295 378 395 429 liger
412 379 478 419 lib.
501 391 541 416 v.
565 390 654 428 pag.
676 376 770 419 464.
792 383 830 415 et
848 377 1033 416 Petavius
1061 377 1112 415 ad
1131 377 1324 430 Epiphan.
1346 391 1432 428 pag.
1450 378 1546 420 384.

410 437 503 484 Pag.
535 437 632 477 388.
652 436 734 474 ‘10.
795 430 1098 486 K902660vJ'Ita
1122 433 1370 486 Epiphanius
1397 439 1435 471 et
1461 434 1626 475 Idatiusss.
1688 433 1759 472 Dio

297 497 335 530 et
356 491 465 529 Fasti
485 490 671 529 Flaccum
694 489 854 529 habent.
913 490 1013 529 Vide
1035 491 1241 529 Petavium
1260 491 1352 529 loco
1376 490 1552 529 laudato.

413 550 509 597 Pag.
538 550 633 589 388.
666 549 730 588 12.
795 546 1003 600 Τιβερίου]
1043 548 1138 586 Post
1168 546 1279 585 hunc
1308 547 1567 585 Consulatum
1597 546 1764 596 omissus

298 605 537 642 Consulatus
568 603 737 652 Silvani,
769 616 840 641 seu
867 603 988 642 Silani
1016 609 1054 642 et
1085 604 1221 653 Balbi,
1253 603 1321 655 qui
1342 602 1514 641 habetur
1534 603 1640 655 apud
1667 603 1764 641 Dio-

297 674 412 711 nem,
444 659 728 712 Epiphanium,
758 660 955 710 Matium,
987 666 1026 699 et
1056 661 1167 700 alios.
1225 659 1398 698 Proinde
1422 659 1489 698 hic
1517 660 1665 712 apponi
1690 659 1765 699 de-

297 717 388 756 buit
407 724 500 755 nota
522 717 721 767 defectus,
751 731 832 755 non
852 731 971 767 vero,
1002 723 1048 755 ut
1066 717 1107 754 in
1129 717 1223 756 edit.
1245 716 1456 766 Scaligeri‚
1489 716 1533 755 P.
1556 717 1595 755 C.
1612 716 1766 765 ejusdem

303 775 442 813 Tiberii
468 779 503 812 et
528 774 664 813 Drusi:
700 773 873 824 indeque
905 773 1173 812 emendandae
1208 773 1448 811 Indictiones
1477 786 1516 814 v.
1544 784 1599 814 v1.
1625 779 1666 812 et
1692 787 1765 812 vn.

299 831 366 869 Sic
393 845 516 882 porro
547 830 626 869 hoc
660 844 765 869 anno
798 830 1066 883 Epiphanius:
1102 830 1285 882 Τιβερίου
1318 830 1524 882 Καίσαρος
1547 827 1591 870 τὸ
1616 825 1667 882 β’,
1696 829 1767 870 ’καὶ

298 884 491 940 Δρούσου
512 891 551 928 Γ
547 890 725 941 ερμανοῦ
739 883 783 928 τὸ
803 885 854 941 β’.
896 886 1062 933 [Deinde
1089 887 1272 939 sequitur
1301 886 1536 925 Consulatus
1558 883 1708 926 Silvani
1728 892 1768 925 et

297 944 424 983 Balbi.

415 1003 507 1050 Pag.
537 1001 630 1042 388.
664 1000 728 1042 14.
790 999 874 1039 Καὶ
901 995 1083 1052 Γράτου]
1115 999 1180 1038 Sic
1215 1000 1333 1039 etiam
1354 999 1460 1039 Fasti
1479 999 1670 1038 Idatiani:
1695 999 1768 1039 sed

298 1057 374 1109 leg.
397 1053 553 1097 Κόττου
567 1087 576 1105 ,
608 1062 655 1094 ut
676 1055 784 1108 apud
804 1055 1036 1095 Schottum:
1067 1057 1101 1095 is
1124 1057 1226 1095 enim
1245 1064 1304 1096 cst
1320 1057 1370 1096 M.
1395 1057 1580 1095 Aurelius
1602 1057 1732 1094 Cotta.
1754 1069 1756 1072 ·

410 1116 512 1164 Pag.
543 1114 638 1155 388.
672 1114 736 1155 15.
798 1114 982 1167 Τιβερίου
1016 1114 1223 1166 Καίσαρος
1249 1111 1293 1154 τὸ
1317 1110 1390 1165 δ’.]
1421 1115 1566 1163 Recte,
1594 1119 1641 1151 ut
1661 1112 1770 1165 apud

298 1170 486 1209 Dionem:
531 1183 744 1222 perperam
783 1170 886 1209 enim
921 1169 1169 1223 Epiphanius
1210 1176 1247 1208 et
1270 1170 1378 1208 Fasti
1408 1170 1578 1209 [datiani
1606 1184 1667 1209 111.
1702 1169 1785 1209 le-‘

325 1233 409 1265 unt.
1546 1252 1549 1255 μ

298 1241 322 1279 g
418 1285 509 1332 Pag.
541 1284 635 1324 388.
669 1284 734 1324 17.
793 1281 986 1335 Αγρίππα
1006 1281 1075 1322 καὶ
1097 1277 1259 1335 Γάλβα]
1292 1281 1358 1320 Sic
1375 1282 1447 1320 Dio
1467 1289 1504 1321 et
1519 1282 1646 1322 Fasti:
1670 1282 1768 1336 Epi·
1796 1300 1802 1305 ,

299 1339 492 1392 phaniu3‚
523 1337 738 1390 Αγρίππου
756 1337 825 1378 καὶ
840 1336 1015 1391 Βάλβου.
1076 1339 1177 1378 Vide
1192 1339 1399 1378 Petavium
1422 1352 1508 1390 pag.
1531 1342 1597 1382 96,

419 1398 511 1445 Pag
541 1397 708 1437 389.1.
769 1392 1038 1448 Πούλλωνος]
1068 1396 1128 1434 lta
1156 1396 1303 1447 pariter
1320 1396 1440 1434 editio
1460 1395 1667 1447 Scaligeti:
1698 1395 1770 1434 sed

300 1454 377 1504 leg.
399 1466 447 1491 ex
464 1450 650 1499 Schotto,
681 1451 825 1490 Dione
831 1458 870 1490 et
891 1452 1038 1501 Fastis,
1069 1453 1241 1492 Pollzone.
1300 1451 1572 1505 EpiphaniuS,
1600 1466 1676 1506 pro
1698 1456 1769 1493 Βε-

300 1509 438 1564 τέρου,
465 1508 585 1547 habet
605 1504 820 1562 Ου’ἑτερος.
851 1508 1053 1560 quomodo
1072 1509 1187 1547 etiam
1207 1509 1296 1550 Dio.

419 1569 512 1616 Pag.
544 1567 640 1607 389.
669 1568 709 1606 2.
768 1564 850 1604 Καὶ
890 1561 1082 1618 Ου’άρου]
1135 1567 1265 1604 Varum
1299 1565 1418 1605 etiam
1445 1565 1567 1604 habet
1596 1564 1771 1604 Idatius·

303 1623 372 1662 sed
393 1623 466 1673 leg.
490 1617 730 1672 Ουαρωνος,
770 1622 946 1672 Varrone,
986 1636 1037 1660 ex
1063 1623 1207 1672 Dione,
1239 1623 1405 1661 Schotto
1428 1629 1467 1661 et
1485 1622 1629 1662 Fastis.

417 1681 509 1728 Pag.
539 1680 634 1721 389.
668 1682 704 1720 3.
765 1678 845 1718 Και
865 1675 1121 1730 Λεντούλου]
1154 1653 1279 1719 Addit
1295 1678 1565 1732 Epiphanius,
1596 1675 1770 1741 Γαλβου.

301 1735 477 1784 Matius,
509 1735 642 1773 Galva.
700 1734 842 1773 Cossum
862 1736 1061 1774 Cornelzum
1080 1736 1269 1775 Lentulum
1290 1742 1409 1775 vocat
1428 1735 1516 1775 Dio.

420 1794 513 1840 Pag.
544 1794 639 1833 389.
670 1792 709 1835 5-
771 1795 810 1831 Γ
805 1792 1026 1844 ετουλικου]
1061 1793 1204 1832 Getulio
1220 1794 1329 1832 Fasti
1345 1792 1530 1844 Idatiani,
1556 1791 1627 1830 sed
1646 1787 1769 1830 male}

303 1848 337 1887 is
358 1848 460 1887 enim
480 1853 537 1885 est
554 1848 622 1885 Cn.
641 1848 832 1886 Lentulus
855 1849 1072 1889 Getulicus.

421 1907 516 1954 Pag.
547 1906 642 1946 389.
672 1907 710 1945 9.
769 1901 1002 1956 Ιώσηππος]
1033 1905 1117 1945 Lib.
1135 1919 1179 1944 11.
1198 1905 1247 1943 de
1266 1905 1377 1944 Bello
1400 1905 1490 1945 Jud.
1511 1918 1600 1956 cap.
1617 1917 1708 1942 vl11.

421 1963 517 2010 Pag·
546 1963 643 2003 390.
677 1964 713 2003 1.
775 1961 828 2000 Οἱ
846 1958 1204 2015 Καθηγήσοῖμενοι]
1226 1962 1300 2000 Hic
1317 1975 1477 2000 rursum
1502 1960 1649 2012 ingerit
1669 1959 1772 1999 Scri-

306 2023 403 2070 ptor
435 2016 675 2055 Pontificum
700 2017 973 2056 Hebraeorum
1002 2019 1142 2057 seriem
1163 2024 1201 2057 et
1221 2018 1534 2069 successionem,
1568 2018 1686 2070 quam
1707 2030 1773 2055 su-

304 2088 378 2126 pra
405 2073 619 2125 descripsit
639 2087 679 2125 p.
704 2076 796 2116 188.
816 2074 864 2112 de
885 2088 962 2126 qua
985 2089 1083 2127 prae
1102 2075 1268 2114 caeteris
1294 2089 1408 2126 egere
1434 2074 1616 2114 Petavius
1637 2074 1708 2113 lib.
1731 2087 1772 2112 x.

306 2131 355 2169 de
386 2131 522 2169 Doctr.
552 2130 688 2182 Temp.
711 2143 796 2182 cap.
816 2145 944 2170 xnvn.
968 2138 1007 2170 et
1026 2146 1136 2184 seqq.
1156 2138 1195 2171 et
1214 2131 1407 2171 Seldenus
1432 2132 1500 2173 lib.
1519 2146 1572 2170 11.
1595 2131 1646 2170 de
1667 2131 1773 2169 Suc-'-

307 2187 482 2226 cessione
521 2186 562 2224 in
604 2186 882 2226 Pontificatum
924 2187 1046 2227 Hebr.
1088 2203 1175 2241 cap.
1204 2202 1278 2228 vn.
1321 2189 1390 2227 ubi
1430 2189 1496 2228 ille
1532 2187 1670 2226 multis
1702 2200 1774 2226 ex-

305 2243 446 2296 pendit
490 2243 818 2296 discrepantiam,
839 2244 944 2284 inter
983 2246 1196 2285 Eusebium
1238 2252 1277 2284 et
1313 2245 1529 2285 Auctorem
1570 2243 1772 2294 Chronici‚

308 2299 442 2352 quoad
476 2301 618 2339 seriem
652 2306 690 2339 et
720 2314 844 2340 annos
872 2301 1154 2351 Pontificatus,
1193 2316 1310 2355 quem
1341 2303 1451 2342 adire
1478 2299 1644 2341 cuilibet
1669 2300 1773 2339 libe-

306 2370 395 2395 rum
421 2355 509 2395 erit.

423 2415 514 2462 Pag·
543 2414 639 2454 390.
673 2415 737 2455 10.
798 2412 880 2454 Καὶ
906 2413 1101 2466 Κτίστης]
1132 2414 1246 2453 Hanc
1275 2428 1415 2454 vocem
1446 2413 1636 2454 asterisco
1659 2419 1773 2452 nota-

308 2469 368 2508 vit
384 2468 582 2516 Raderus,
611 2474 798 2520 tanquam
818 2471 968 2522 aliquid
987 2470 1052 2509 hic
1073 2477 1173 2510 esset
1196 2471 1406 2521 omissum,
1437 2485 1529 2509 cum
1544 2470 1587 2509 id
1605 2469 1772 2522 epitheti

309 2525 539 2564 Alexandro
565 2525 617 2564 M.
644 2526 880 2565 attributum
904 2529 1037 2566 nescio
1055 2542 1104 2566 an
1123 2528 1211 2580 quis
1229 2528 1421 2580 attigerit,
1449 2527 1561 2579 quod
1579 2526 1773 2579 plurimas

310 2583 414 2621 forte
442 2582 561 2621 urbes
589 2582 648 2623 sui
673 2583 843 2622 nominis
879 2584 1103 2624 condidisse
1132 2585 1307 2634 dicatur,
1348 2597 1517 2638 quarum
1547 2582 1772 2635 catalogum

310 2652 429 2692 supra
450 2637 670 2689 descripsit.

425 2695 518 2746 Pag-
548 2699 645 2738 391.
678 2699 713 2736 1.
777 2699 838 2736 Εν
868 2691 1024 2745 τούτοις
1046 2701 1131 2746 τοῖς
1158 2694 1340 2752 χρόνοις]
1378 2696 1534 2751 Joseph.
1559 2696 1629 2735 lib.
1661 2711 1688 2735 1.
1721 2694 1771 2735 de

310 2751 423 2790 Bello
446 2752 535 2790 Jud.
563 2766 649 2804 c.ap
666 2766 694 2790 1.

424 2808 517 2859 Pag-
546 2810 641 2852 391.
671 2811 710 2851 9.
771 2802 899 2856 Ουτος
926 2810 1107 2861 πρωτος]
1139 2809 1299 2863 Joseph.
1324 2809 1391 2849 lib.
1410 2823 1500 2849 x111.
1528 2808 1661 2862 Antiq.
1679 2807 1770 2848 Jud.

313 2877 400 2916 cap.
420 2878 506 2903 xix.
529 2871 567 2904 et
585 2864 783 2919 Epiphan.
803 2865 921 2905 Haer.
943 2879 1059 2905 xxix.
1081 2880 1119 2905 n.
1144 2880 1205 2905 111.
