1884 3262
315 190 377 235 10
811 185 1219 229 PRAEFATIO.

311 297 442 339 Siculi
463 298 514 338 ab
533 298 721 353 Sigonio,
750 297 964 345 Panvinio,
993 296 1158 352 aliisque
1176 299 1324 352 passim
1344 296 1551 337 laudatum
1567 321 1578 341 ,
1605 291 1770 343 Partim-

309 372 382 410 que
416 354 561 395 Graece
592 354 757 404 editum,
786 370 891 394 nunc
915 357 1104 408 integrum
1131 353 1278 394 Graece
1303 369 1391 393 cum
1411 355 1566 393 Latina
1585 346 1776 400 Interpre-

307 413 455 451 tatione
485 410 704 464 vulgatum,
735 425 853 464 opera
879 421 916 450 et
943 409 1072 450 studio
1100 410 1300 450 Matthaei
1324 408 1478 449 Radere
1506 409 1553 448 de
1576 406 1772 446 Societate

309 467 413 507 Jesu.
481 469 593 516 Quae
625 467 784 518 quidem
819 467 994 520 ejusdem
1025 466 1212 506 Chronici
1244 466 1363 505 editio
1409 466 1653 506 eruditorum
1687 462 1770 500 fere

310 525 483 563 omnium
512 524 676 562 calculis
703 530 761 562 est
777 530 966 576 excepta:
992 531 1077 562 tum
1097 523 1206 575 quod
1225 524 1339 575 prior
1360 537 1498 562 manca
1518 526 1618 562 esset
1636 532 1683 558 ac
1702 518 1769 556 de·

306 587 479 628 curtata,
508 581 575 619 illa
604 593 700 619 vero
728 581 832 631 suis,
859 588 906 619 ut
936 580 1169 629 videbatur,
1199 579 1372 618 numeris
1403 579 1599 618 absoluta.
1657 573 1770 614 Adde

305 637 415 688 quod
432 650 522 675 cum
539 638 691 675 Graeca
710 637 842 687 lingua
862 636 968 688 apud
989 637 1215 688 plerosque,
1245 649 1355 681 usus,
1376 649 1446 674 seu
1467 641 1513 673 ut
1531 632 1657 673 verbo
1680 636 1771 669 utar

303 693 502 740 Petronii,
532 694 685 746 saporis
706 692 816 731 haud
841 693 892 732 sit
910 692 1084 745 publici,
1117 692 1252 731 Latina
1272 691 1418 731 Raderi
1443 690 1573 731 versio
1592 686 1769 742 cujusvis

300 751 462 790 lectioni
482 750 627 789 librum
645 749 868 802 promiscue
895 755 1124 800 exponeret.
1182 747 1369 787 Chronici
1400 746 1677 800 compendium
1697 757 1770 783 au-

304 807 420 859 gebat
443 813 644 859 praeterea
664 806 771 858 quod
789 812 853 845 tot
881 818 1016 845 rerum
1035 818 1136 857 quae
1160 819 1182 842 a
1201 804 1484 843 celebrioribus
1507 802 1769 852 Chronologis

304 870 375 903 aut
393 863 603 902 Historicis
628 863 800 912 indicta,
844 868 913 901 aut
934 862 982 900 iis
1008 862 1142 913 ignota
1162 861 1338 911 fuerant,
1381 861 1642 913 patefaceret3
1683 863 1769 896 tum

304 920 414 972 quod
431 920 604 973 ejusdem
631 933 750 971 opera
772 919 1020 971 Scriptorum
1042 918 1206 956 aliorum
1233 918 1344 955 locos
1370 918 1577 956 emendare
1595 914 1659 954 vel
1679 914 1770 952 illu-

303 983 429 1016 strare
450 977 547 1015 viris
575 976 703 1014 doctis
724 976 873 1015 liceret.
934 973 1014 1026 Qui
1036 972 1190 1028 quidem
1210 972 1323 1012 Fasti
1346 971 1495 1024 Siculi,
1524 971 1656 1024 inquit
1674 971 1770 1009 Sca-

304 1033 404 1084 liger
421 1031 489 1084 1),
530 1033 683 1071 tametsi
703 1031 871 1070 habeant
888 1029 1014 1070 multa
1046 1045 1144 1084 quae
1166 1027 1443 1082 reprehendas,
1473 1039 1604 1068 tamen
1627 1042 1698 1080 ope
1719 1023 1770 1065 il—

294 1087 433 1132 ,Iorum
453 1087 578 1127 multa
598 1086 740 1127 menda
759 1086 806 1126 de
824 1088 974 1126 ratione
997 1096 1210 1139 temporum
1230 1083 1440 1136 tolluntur,
1497 1096 1533 1124 et
1551 1084 1665 1137 longe
1679 1080 1772 1135 plu-

307 1159 353 1183 ra
373 1144 608 1199 supplentur.
665 1144 717 1182 Et
743 1144 910 1183 Jacobus
943 1142 1228 1181 Grandamicus
1248 1139 1316 1194 2);
1345 1152 1483 1182 auctor
1506 1140 1576 1181 ille
1593 1139 1772 1194 quamvis

306 1199 432 1240 multa
460 1202 607 1255 optima
632 1199 793 1250 habeat,
833 1201 873 1238 in
894 1197 1028 1238 multis
1045 1208 1172 1237 tamen
1194 1207 1351 1251 peccat,
1392 1208 1428 1236 et
1442 1200 1483 1238 in
1499 1199 1549 1237 iis
1568 1195 1770 1235 duntaxat

305 1255 519 1310 sequendus
537 1267 591 1295 est
610 1257 651 1294 in
668 1255 808 1309 quibus
830 1254 892 1294 vel
911 1254 1021 1293 honis
1039 1252 1329 1294 characteribus
1344 1254 1483 1302 utitur,
1510 1251 1573 1292 vel
1589 1250 1770 1307 probatis·

207 1318 237 1352 P
259 1316 283 1354 4
305 1312 530 1353 auctoribus
557 1311 750 1351 adhaeret.
807 1310 920 1350 Unde
948 1310 1179 1348 Casaubono
1202 1307 1251 1360 3)
1281 1306 1576 1364 Χρονορᾇοὶφος
1606 1307 1767 1347 dicitur.

305 1369 489 1407 Petavius
501 1368 542 1416 4)
561 1381 658 1406 vero
682 1365 902 1407 chronicon
919 1365 1025 1404 istud
1035 1363 1485 1419 Alexandrinum,quod
1497 1381 1552 1404 ex
1567 1364 1688 1404 variis
1699 1378 1769 1401 au-

304 1423 476 1465 ctoribus
496 1424 668 1463 centonis
697 1424 823 1462 instar
841 1423 1117 1462 concinnatum
1135 1421 1254 1460 fuisse
1277 1421 1344 1471 ait,
1375 1422 1567 1475 egregium
1585 1435 1655 1460 nec
1670 1420 1770 1458 satis

303 1478 509 1520 laudatum
540 1480 725 1532 appellat.
792 1479 891 1518 Nam
919 1478 992 1517 etsi
1019 1478 1122 1516 idem
1153 1477 1325 1528 Scaliger
1345 1474 1391 1531 ⁶)
1419 1478 1646 1530 scriptorem
1668 1473 1771 1514 idio-

300 1546 383 1575 tam
407 1536 607 1575 interdum
625 1541 764 1582 vocet,
809 1535 1007 1573 interdum
1030 1532 1156 1573 multa
1169 1534 1211 1572 in
1232 1548 1278 1572 ea
1306 1531 1515 1587 farragine
1530 1548 1627 1583 esse,
1670 1544 1772 1585 quae

301 1591 425 1631 ridere
452 1608 505 1631 an
525 1593 663 1631 mirari
689 1590 825 1630 debeat
844 1607 883 1629 se
903 1592 1068 1640 nescire,
1100 1595 1138 1628 et
1157 1590 1273 1638 alibi,
1303 1588 1429 1629 multa
1459 1605 1537 1628 esse
1558 1590 1690 1641 inepta
1710 1587 1772 1626 di·-

301 1655 387 1696 cat3
416 1648 622 1688 fatendum
642 1655 774 1687 tamen
792 1647 908 1698 longe
927 1660 1009 1685 esse
1032 1646 1150 1698 plura
1170 1659 1272 1697 quae
1288 1659 1358 1684 sua
1377 1647 1497 1685 laude
1516 1644 1634 1696 digna
1649 1643 1772 1683 habe-

299 1705 335 1744 ri
355 1705 545 1755 debeant,
577 1718 667 1743 cum
683 1718 729 1743 eo
749 1703 1023 1756 praeponendi
1047 1704 1126 1742 sint
1142 1703 1255 1753 libri,
1285 1716 1365 1753 quo
1398 1708 1587 1755 prosunt,
1618 1701 1683 1740 vel
1700 1714 1771 1739 no-

300 1775 350 1800 va
381 1768 450 1800 aut
476 1762 608 1813 ignota
631 1761 841 1812 proferunt
871 1774 918 1798 ac
942 1760 1099 1799 docent.
1178 1759 1327 1798 Multae
1345 1761 1447 1798 enim
1465 1764 1558 1797 sunt
1578 1756 1771 1807 eruditae,

301 1818 398 1857 licet
423 1818 603 1856 fortassis
632 1818 748 1869 longe
776 1817 946 1868 petitae,
976 1830 1092 1867 saepe
1122 1829 1143 1854 e
1170 1829 1213 1854 re
1245 1821 1358 1853 natae
1382 1817 1448 1855 vel
1474 1813 1809 1861 observationes*-

301 1875 369 1913 vel
394 1874 672 1924 digressiones,
713 1873 857 1925 quibus
889 1872 954 1910 hic
973 1873 1075 1911 liber
1104 1876 1293 1923 tanquam
1327 1872 1535 1923 segmentis
1564 1882 1770 1921 purpurae

302 1931 387 1970 veri
409 1931 568 1969 luminis
592 1937 652 1969 est
667 1936 848 1969 ornatus:
879 1929 952 1968 etsi
971 1928 1198 1967 iterationes
1231 1927 1384 1979 aliquot
1405 1929 1451 1967 ab
1471 1927 1625 1966 incuria
1644 1939 1769 1977 quan-

302 1987 434 2039 doque
461 1992 693 2038 occurrant,
723 1985 835 2025 verbi
863 1985 987 2036 gratia
1016 1999 1106 2023 cum
1132 1985 1273 2023 seriem
1307 1985 1538 2024 Pontificum
1566 1982 1770 2021 Hebraeo-

302 2056 391 2082 rum
415 2043 475 2082 bis
496 2044 650 2094 inserit,
681 2056 773 2081 cum
796 2042 964 2081 varietas
998 2041 1073 2081 ista
1090 2041 1330 2080 narrationis
1348 2042 1439 2080 inde
1457 2044 1629 2089 oriatur,
1659 2038 1768 2090 quod

303 2100 421 2140 modo
440 2099 568 2151 hunc,
597 2100 717 2138 modo
735 2100 847 2138 illum
869 2105 1062 2151 sequatur
1076 2104 1290 2137 auctorem.

91 2220 233 2258 Anillud
243 2233 300 2256 re-
418 2212 466 2252 V.
522 2213 611 2251 Non
638 2211 799 2250 defuere
824 2211 974 2249 interea
993 2224 1041 2248 ex
1063 2209 1344 2248 eruditioribus
1377 2209 1445 2260 qui
1463 2209 1627 2247 affixum
1649 2223 1671 2246 a
1690 2209 1769 2247 Ra-

85 2272 142 2303 cte
154 2267 400 2322 Mena-dero
420 2283 443 2307 a
463 2282 504 2307 se
523 2269 563 2307 in
584 2268 790 2321 publicum
811 2266 950 2306 emisso
972 2266 1169 2306 Chronico
1190 2266 1301 2305 velut
1320 2266 1451 2304 minus
1469 2266 1677 2315 idoneum,
1719 2278 1769 2303 ne

86 2314 430 2393 drinumfd¹·dicam
455 2325 633 2377 ineptum
657 2337 819 2376 prorsus
843 2324 985 2361 lemma
1015 2324 1295 2374 suggillarunt‚
1334 2322 1442 2374 quod
1469 2322 1575 2360 idem
1602 2321 1769 2363 Chroni-

108 2362 210 2440 cturni't
234 2371 399 2431 ue‘con,
430 2382 543 2434 cujus
571 2387 708 2419 auctor
736 2380 930 2419 hactenus
957 2379 1133 2418 incertus
1159 2379 1320 2418 habitus
1356 2379 1506 2428 fuerat,
1536 2378 1764 2416 Alexandri-

213 2430 221 2441 ⁹
299 2451 395 2477 num
413 2437 449 2476 is
475 2437 755 2490 appellaverit,
784 2436 895 2475 nullo
927 2435 1002 2474 alio
1024 2436 1170 2474 ductus
1189 2435 1468 2483 fundamento,
1509 2448 1627 2486 quam
1657 2434 1768 2486 quod

300 2494 408 2535 Petri
425 2493 684 2534 Alexandrini
704 2506 848 2533 nomen
873 2492 987 2531 initio
1009 2492 1167 2532 Codicis
1185 2492 1402 2544 Augustani
1420 2491 1595 2543 legisset:
1639 2491 1766 2543 quasi,

348 2672 389 2715 ¹)
415 2671 452 2704 L.
476 2673 510 2708 5.
536 2672 579 2706 de
604 2671 780 2706 Emendat.
803 2676 907 2715 temp.
933 2683 967 2716 p.
992 2669 1070 2707 494.

346 2718 364 2784 ἶ
374 2718 392 2760 )
410 2717 453 2796 1Ιὲ
473 2717 1083 2798 335⁰23¹⁰ffi1ff¹2321⁸‘·i.1³heoma
1106 2718 1139 2752 3‘
1165 2722 1254 2750 (Μ’

345 2763 390 2897 ᾖ)
414 2809 451 2887 {31
476 2789 560 2889 Ἐξ,
585 2809 629 2889 'iil
653 2774 867 2892 {ieg'hseg'
884 2808 990 2890 {³55⁹
1016 2807 1049 2845 4.
1073 2787 1129 2844 ss.
1156 2809 1187 2844 1.
1211 2807 1264 2842 ea,

448 2866 466 2888 e
522 2866 595 2889 men
622 2881 629 2889 .
691 2867 756 2900 mp.
853 2880 860 2888 .
956 2878 964 2888 .
