<?xml version="1.0" encoding="UTF-8"?>
<!DOCTYPE html PUBLIC "-//W3C//DTD XHTML 1.0 Transitional//EN"
    "http://www.w3.org/TR/xhtml1/DTD/xhtml1-transitional.dtd">
<html xmlns="http://www.w3.org/1999/xhtml" xml:lang="en" lang="en">
 <head>
  <title>
</title>
<meta http-equiv="Content-Type" content="text/html;charset=utf-8" />
  <meta name='ocr-system' content='tesseract 3.04.00' />
  <meta name='ocr-capabilities' content='ocr_page ocr_carea ocr_par ocr_line ocrx_word'/>
</head>
<body>
  <div class='ocr_page' id='page_1' title='image "./corpusscriptorum05niebuoft_0130.png"; bbox 0 0 1884 3262; ppageno 0'>
   <div class='ocr_carea' id='block_1_1' title="bbox 299 222 1489 298">
    <p class='ocr_par' dir='ltr' id='par_1_1' title="bbox 299 222 1489 298">
     <span class='ocr_line' id='line_1_1' title="bbox 299 222 1489 298; baseline -0.007 -26"><span class='ocrx_word' id='word_1_1' title='bbox 299 227 394 274; x_wconf 74' lang='lat'><em>120</em></span> <span class='ocrx_word' id='word_1_2' title='bbox 422 285 433 298; x_wconf 28' lang='grc' dir='ltr'>ἱ</span> <span class='ocrx_word' id='word_1_3' title='bbox 617 223 858 268; x_wconf 88' lang='lat' dir='ltr'>SELECTA</span> <span class='ocrx_word' id='word_1_4' title='bbox 891 223 964 264; x_wconf 92' lang='lat' dir='ltr'><em>AD</em></span> <span class='ocrx_word' id='word_1_5' title='bbox 996 222 1489 271; x_wconf 80' lang='lat' dir='ltr'><em>ILLUSTRATIONEM</em></span> 
     </span>
    </p>
   </div>
   <div class='ocr_carea' id='block_1_2' title="bbox 297 315 1775 503">
    <p class='ocr_par' dir='ltr' id='par_1_2' title="bbox 297 315 1775 503">
     <span class='ocr_line' id='line_1_2' title="bbox 297 315 1775 404; baseline -0.004 -26"><span class='ocrx_word' id='word_1_6' title='bbox 297 353 355 378; x_wconf 90' lang='grc' dir='ltr'><em>ων</em></span> <span class='ocrx_word' id='word_1_7' title='bbox 379 335 405 377; x_wconf 77' lang='grc' dir='ltr'><em>ὅ</em></span> <span class='ocrx_word' id='word_1_8' title='bbox 431 330 712 402; x_wconf 82' lang='grc' dir='ltr'><em>Χρυσόστομος</em></span> <span class='ocrx_word' id='word_1_9' title='bbox 742 331 987 404; x_wconf 85' lang='grc' dir='ltr'><em>τρανοτέρως</em></span> <span class='ocrx_word' id='word_1_10' title='bbox 1017 334 1228 402; x_wconf 77' lang='grc' dir='ltr'><em>διεξῆλθε,</em></span> <span class='ocrx_word' id='word_1_11' title='bbox 1258 349 1313 381; x_wconf 84' lang='grc' dir='ltr'><em>ως</em></span> <span class='ocrx_word' id='word_1_12' title='bbox 1344 334 1617 385; x_wconf 87' lang='grc' dir='ltr'><em>προείπομεν,</em></span> <span class='ocrx_word' id='word_1_13' title='bbox 1659 315 1775 387; x_wconf 29' lang='grc' dir='ltr'><em>αὐτῷ,</em></span> 
     </span>
     <span class='ocr_line' id='line_1_3' title="bbox 299 386 1770 446; baseline -0.003 -13"><span class='ocrx_word' id='word_1_14' title='bbox 299 395 355 441; x_wconf 87' lang='grc' dir='ltr'><em>εἰς</em></span> <span class='ocrx_word' id='word_1_15' title='bbox 374 391 418 432; x_wconf 86' lang='grc' dir='ltr'>τὸ</span> <span class='ocrx_word' id='word_1_16' title='bbox 440 388 582 442; x_wconf 73' lang='grc' dir='ltr'><em>Πάσχα</em></span> <span class='ocrx_word' id='word_1_17' title='bbox 598 389 701 446; x_wconf 77' lang='grc' dir='ltr'><em>λόγω</em></span> <span class='ocrx_word' id='word_1_18' title='bbox 724 386 877 438; x_wconf 78' lang='grc' dir='ltr'><em>αὐτοῦ,</em></span> <span class='ocrx_word' id='word_1_19' title='bbox 907 405 956 430; x_wconf 89' lang='grc' dir='ltr'><em>ου</em></span> <span class='ocrx_word' id='word_1_20' title='bbox 981 387 1011 442; x_wconf 76' lang='grc' dir='ltr'><em>ἦ</em></span> <span class='ocrx_word' id='word_1_21' title='bbox 1036 386 1159 444; x_wconf 78' lang='grc' dir='ltr'><em>ἆρχὴ,</em></span> <span class='ocrx_word' id='word_1_22' title='bbox 1192 388 1327 440; x_wconf 80' lang='grc' dir='ltr'><em>Χθὲς,</em></span> <span class='ocrx_word' id='word_1_23' title='bbox 1357 387 1555 441; x_wconf 68' lang='grc' dir='ltr'><em>ἀδελφοὶ,</em></span> <span class='ocrx_word' id='word_1_24' title='bbox 1584 404 1677 442; x_wconf 90' lang='grc' dir='ltr'><em>περι</em></span> <span class='ocrx_word' id='word_1_25' title='bbox 1696 392 1770 442; x_wconf 79' lang='grc' dir='ltr'><em>τῆς</em></span> 
     </span>
     <span class='ocr_line' id='line_1_4' title="bbox 298 443 874 503; baseline -0.005 -13"><span class='ocrx_word' id='word_1_26' title='bbox 298 449 547 503; x_wconf 82' lang='grc' dir='ltr'><em>προθεσμίας</em></span> <span class='ocrx_word' id='word_1_27' title='bbox 566 451 638 488; x_wconf 77' lang='grc' dir='ltr'><em>τοῦ</em></span> <span class='ocrx_word' id='word_1_28' title='bbox 660 443 815 499; x_wconf 74' lang='grc' dir='ltr'><em>Πασχα.</em></span> <span class='ocrx_word' id='word_1_29' title='bbox 825 443 874 500; x_wconf 76' lang='lat'><em>†)</em></span> 
     </span>
    </p>
   </div>
   <div class='ocr_carea' id='block_1_3' title="bbox 887 596 1134 604">
    <p class='ocr_par' dir='ltr' id='par_1_3' title="bbox 887 596 1134 604">
     <span class='ocr_line' id='line_1_5' title="bbox 887 596 1134 604; baseline -0.004 0"><span class='ocrx_word' id='word_1_30' title='bbox 887 596 1111 604; x_wconf 30' lang='grc' dir='ltr'><em>ἠὼ..</em></span> <span class='ocrx_word' id='word_1_31' title='bbox 1128 601 1134 603; x_wconf 38' lang='grc' dir='ltr'><strong><em>Δ</em></strong></span> 
     </span>
    </p>
   </div>
   <div class='ocr_carea' id='block_1_4' title="bbox 152 718 1216 815">
    <p class='ocr_par' dir='ltr' id='par_1_4' title="bbox 152 718 1216 815">
     <span class='ocr_line' id='line_1_6' title="bbox 152 718 1216 815; baseline 0.001 -33"><span class='ocrx_word' id='word_1_32' title='bbox 152 718 276 815; x_wconf 47' lang='grc' dir='ltr'><em>ἓξὲξ</em></span> <span class='ocrx_word' id='word_1_33' title='bbox 937 728 1090 783; x_wconf 89' lang='lat' dir='ltr'><strong>VIII.</strong></span> <span class='ocrx_word' id='word_1_34' title='bbox 1106 726 1216 805; x_wconf 69' lang='lat'><em>*)</em></span> 
     </span>
    </p>
   </div>
   <div class='ocr_carea' id='block_1_5' title="bbox 51 842 1733 1000">
    <p class='ocr_par' dir='ltr' id='par_1_5' title="bbox 51 842 1733 1000">
     <span class='ocr_line' id='line_1_7' title="bbox 51 842 1733 905; baseline 0.007 -27"><span class='ocrx_word' id='word_1_35' title='bbox 51 902 53 905; x_wconf 16' lang='lat' dir='ltr'>v</span> <span class='ocrx_word' id='word_1_36' title='bbox 78 844 298 882; x_wconf 81' lang='lat' dir='ltr'><strong>v1deN0tas</strong></span> <span class='ocrx_word' id='word_1_37' title='bbox 348 842 679 890; x_wconf 80' lang='grc' dir='ltr'><em>ΣΥΓΓΡΑ</em></span> <span class='ocrx_word' id='word_1_38' title='bbox 687 842 883 890; x_wconf 82' lang='grc' dir='ltr'><em>ΜΜΑ</em></span> <span class='ocrx_word' id='word_1_39' title='bbox 924 842 1733 891; x_wconf 83' lang='grc' dir='ltr'><em>ΕΚΚΑΗΣῙΛΣΤΙΚΟΝ</em></span> 
     </span>
     <span class='ocr_line' id='line_1_8' title="bbox 80 891 1580 1000; baseline 0.002 -33"><span class='ocrx_word' id='word_1_40' title='bbox 80 891 124 926; x_wconf 70' lang='lat'><em>³⁴¹</em></span> <span class='ocrx_word' id='word_1_41' title='bbox 142 903 177 937; x_wconf 67' lang='grc' dir='ltr'>Ρ</span> <span class='ocrx_word' id='word_1_42' title='bbox 191 894 272 929; x_wconf 68' lang='lat'><em>²¹²</em></span> <span class='ocrx_word' id='word_1_43' title='bbox 501 933 647 970; x_wconf 78' lang='grc' dir='ltr'><em>ΠΕΡΙ</em></span> <span class='ocrx_word' id='word_1_44' title='bbox 676 932 800 971; x_wconf 71' lang='grc' dir='ltr'><em>ΤΩΝ</em></span> <span class='ocrx_word' id='word_1_45' title='bbox 827 928 874 972; x_wconf 88' lang='lat' dir='ltr'><em>O&#39;</em></span> <span class='ocrx_word' id='word_1_46' title='bbox 904 933 1200 972; x_wconf 70' lang='grc' dir='ltr'><em>ΜΑΘΗΤῼΝ</em></span> <span class='ocrx_word' id='word_1_47' title='bbox 1228 933 1580 1000; x_wconf 47' lang='grc' dir='ltr'><em>ΤΟΤἾΚΤΡΙΟΤ</em></span> 
     </span>
    </p>
   </div>
   <div class='ocr_carea' id='block_1_6' title="bbox 301 1016 1771 1220">
    <p class='ocr_par' dir='ltr' id='par_1_6' title="bbox 301 1016 1771 1220">
     <span class='ocr_line' id='line_1_9' title="bbox 301 1016 1771 1104; baseline -0.002 -33"><span class='ocrx_word' id='word_1_48' title='bbox 301 1022 601 1103; x_wconf 77' lang='grc' dir='ltr'><em>Δωροθέου</em></span> <span class='ocrx_word' id='word_1_49' title='bbox 601 1017 889 1070; x_wconf 81' lang='grc' dir='ltr'><em>Επισκόπου</em></span> <span class='ocrx_word' id='word_1_50' title='bbox 922 1019 1110 1085; x_wconf 75' lang='grc' dir='ltr'><em>Τύρου,</em></span> <span class='ocrx_word' id='word_1_51' title='bbox 1147 1016 1582 1104; x_wconf 39' lang='grc' dir='ltr'><em>ἆρχαίουῖοἷνδρός,</em></span> <span class='ocrx_word' id='word_1_52' title='bbox 1620 1039 1771 1069; x_wconf 84' lang='grc' dir='ltr'><em>πνευ-</em></span> 
     </span>
     <span class='ocr_line' id='line_1_10' title="bbox 345 1086 1739 1154; baseline 0 -16"><span class='ocrx_word' id='word_1_53' title='bbox 345 1086 671 1154; x_wconf 72' lang='grc' dir='ltr'><em>ματοφόρου,</em></span> <span class='ocrx_word' id='word_1_54' title='bbox 707 1089 785 1137; x_wconf 81' lang='grc' dir='ltr'><em>καὶ</em></span> <span class='ocrx_word' id='word_1_55' title='bbox 811 1109 1061 1154; x_wconf 86' lang='grc' dir='ltr'><em>μαρτυρος</em></span> <span class='ocrx_word' id='word_1_56' title='bbox 1091 1086 1343 1151; x_wconf 76' lang='grc' dir='ltr'><em>γεγονότος</em></span> <span class='ocrx_word' id='word_1_57' title='bbox 1362 1093 1412 1138; x_wconf 77' lang='grc' dir='ltr'><em>ἐν</em></span> <span class='ocrx_word' id='word_1_58' title='bbox 1433 1094 1534 1142; x_wconf 84' lang='grc' dir='ltr'><em>τοῖς</em></span> <span class='ocrx_word' id='word_1_59' title='bbox 1556 1094 1739 1154; x_wconf 81' lang='grc' dir='ltr'><em>καιροῖς</em></span> 
     </span>
     <span class='ocr_line' id='line_1_11' title="bbox 475 1157 1606 1220; baseline -0.002 -13"><span class='ocrx_word' id='word_1_60' title='bbox 475 1157 701 1207; x_wconf 81' lang='grc' dir='ltr'><em>Λικινίου</em></span> <span class='ocrx_word' id='word_1_61' title='bbox 723 1158 804 1205; x_wconf 82' lang='grc' dir='ltr'><em>καὶ</em></span> <span class='ocrx_word' id='word_1_62' title='bbox 823 1159 1203 1208; x_wconf 84' lang='grc' dir='ltr'><em>Κωνσταντίνου</em></span> <span class='ocrx_word' id='word_1_63' title='bbox 1235 1177 1332 1206; x_wconf 89' lang='grc' dir='ltr'><em>των</em></span> <span class='ocrx_word' id='word_1_64' title='bbox 1356 1159 1606 1220; x_wconf 80' lang='grc' dir='ltr'><em>βασιλέων.</em></span> 
     </span>
    </p>
   </div>
   <div class='ocr_carea' id='block_1_7' title="bbox 302 1277 1835 2411">
    <p class='ocr_par' dir='ltr' id='par_1_7' title="bbox 302 1277 1835 2410">
     <span class='ocr_line' id='line_1_12' title="bbox 409 1277 1774 1353; baseline 0 -31"><span class='ocrx_word' id='word_1_65' title='bbox 409 1277 542 1330; x_wconf 76' lang='grc' dir='ltr'><em>Οὗτος</em></span> <span class='ocrx_word' id='word_1_66' title='bbox 569 1297 590 1322; x_wconf 91' lang='grc' dir='ltr'><em>ο</em></span> <span class='ocrx_word' id='word_1_67' title='bbox 604 1281 861 1353; x_wconf 80' lang='grc' dir='ltr'><em>προλεχθεὶς</em></span> <span class='ocrx_word' id='word_1_68' title='bbox 874 1277 1058 1334; x_wconf 87' lang='grc' dir='ltr'><em>αοίδιμος</em></span> <span class='ocrx_word' id='word_1_69' title='bbox 1079 1277 1185 1335; x_wconf 77' lang='grc' dir='ltr'><em>οἷνηρ</em></span> <span class='ocrx_word' id='word_1_70' title='bbox 1212 1279 1281 1321; x_wconf 81' lang='grc' dir='ltr'><em>καὶ</em></span> <span class='ocrx_word' id='word_1_71' title='bbox 1305 1277 1593 1335; x_wconf 73' lang='grc' dir='ltr'><em>συγγράμματα</em></span> <span class='ocrx_word' id='word_1_72' title='bbox 1614 1280 1774 1322; x_wconf 86' lang='grc' dir='ltr'><em>καταλέ-</em></span> 
     </span>
     <span class='ocr_line' id='line_1_13' title="bbox 303 1333 1774 1406; baseline -0.001 -26"><span class='ocrx_word' id='word_1_73' title='bbox 303 1343 440 1380; x_wconf 91' lang='grc' dir='ltr'><em>λοιπεν</em></span> <span class='ocrx_word' id='word_1_74' title='bbox 465 1338 661 1390; x_wconf 85' lang='grc' dir='ltr'><em>Ῥωμαϊκα</em></span> <span class='ocrx_word' id='word_1_75' title='bbox 688 1353 729 1378; x_wconf 92' lang='grc' dir='ltr'><em>τε</em></span> <span class='ocrx_word' id='word_1_76' title='bbox 758 1337 828 1378; x_wconf 80' lang='grc' dir='ltr'><em>καὶ</em></span> <span class='ocrx_word' id='word_1_77' title='bbox 849 1335 1061 1389; x_wconf 80' lang='grc' dir='ltr'><em>Ἑλληνικα</em></span> <span class='ocrx_word' id='word_1_78' title='bbox 1079 1367 1091 1388; x_wconf 88' lang='grc'><em>,</em></span> <span class='ocrx_word' id='word_1_79' title='bbox 1129 1333 1344 1390; x_wconf 80' lang='grc' dir='ltr'><em>ἐπειδήπερ</em></span> <span class='ocrx_word' id='word_1_80' title='bbox 1373 1337 1442 1378; x_wconf 81' lang='grc' dir='ltr'><em>καὶ</em></span> <span class='ocrx_word' id='word_1_81' title='bbox 1472 1337 1678 1406; x_wconf 77' lang='grc' dir='ltr'><em>ἑκατέρων</em></span> <span class='ocrx_word' id='word_1_82' title='bbox 1690 1353 1774 1378; x_wconf 88' lang='grc' dir='ltr'><em>των</em></span> 
     </span>
     <span class='ocr_line' id='line_1_14' title="bbox 302 1390 1772 1465; baseline -0.001 -29"><span class='ocrx_word' id='word_1_83' title='bbox 302 1397 494 1465; x_wconf 74' lang='grc' dir='ltr'><em>γλωσσων</em></span> <span class='ocrx_word' id='word_1_84' title='bbox 516 1394 699 1464; x_wconf 72' lang='grc' dir='ltr'><em>ἔμπειρος</em></span> <span class='ocrx_word' id='word_1_85' title='bbox 720 1393 919 1447; x_wconf 81' lang='grc' dir='ltr'><em>υπῆρχεν·</em></span> <span class='ocrx_word' id='word_1_86' title='bbox 951 1393 1087 1448; x_wconf 79' lang='grc' dir='ltr'><em>γέγονε</em></span> <span class='ocrx_word' id='word_1_87' title='bbox 1115 1393 1159 1435; x_wconf 83' lang='grc' dir='ltr'><em>δὲ</em></span> <span class='ocrx_word' id='word_1_88' title='bbox 1178 1394 1246 1435; x_wconf 83' lang='grc' dir='ltr'><em>καὶ</em></span> <span class='ocrx_word' id='word_1_89' title='bbox 1266 1395 1492 1446; x_wconf 81' lang='grc' dir='ltr'><em>πολυῖστωρ</em></span> <span class='ocrx_word' id='word_1_90' title='bbox 1515 1390 1564 1434; x_wconf 89' lang='grc' dir='ltr'><em>δι’</em></span> <span class='ocrx_word' id='word_1_91' title='bbox 1585 1390 1772 1446; x_wconf 72' lang='grc' dir='ltr'><em>εὐφυΐαν.</em></span> 
     </span>
     <span class='ocr_line' id='line_1_15' title="bbox 303 1447 1776 1523; baseline 0 -32"><span class='ocrx_word' id='word_1_92' title='bbox 303 1467 400 1505; x_wconf 90' lang='grc' dir='ltr'><em>μετα</em></span> <span class='ocrx_word' id='word_1_93' title='bbox 433 1467 507 1503; x_wconf 91' lang='grc' dir='ltr'><em>την</em></span> <span class='ocrx_word' id='word_1_94' title='bbox 534 1447 719 1502; x_wconf 86' lang='grc' dir='ltr'><em>τελευτην</em></span> <span class='ocrx_word' id='word_1_95' title='bbox 740 1454 1036 1523; x_wconf 50' lang='grc' dir='ltr'><em>Διοκλητιανοτῦ</em></span> <span class='ocrx_word' id='word_1_96' title='bbox 1064 1450 1132 1491; x_wconf 84' lang='grc' dir='ltr'><em>καὶ</em></span> <span class='ocrx_word' id='word_1_97' title='bbox 1159 1452 1352 1492; x_wconf 85' lang='grc' dir='ltr'><em>Λικινίου</em></span> <span class='ocrx_word' id='word_1_98' title='bbox 1382 1450 1572 1503; x_wconf 81' lang='grc' dir='ltr'><em>κατέλαβε</em></span> <span class='ocrx_word' id='word_1_99' title='bbox 1603 1451 1673 1491; x_wconf 83' lang='grc' dir='ltr'><em>καὶ</em></span> <span class='ocrx_word' id='word_1_100' title='bbox 1700 1468 1776 1491; x_wconf 90' lang='grc' dir='ltr'><em>αυ-</em></span> 
     </span>
     <span class='ocr_line' id='line_1_16' title="bbox 303 1502 1808 1563; baseline -0.001 -14"><span class='ocrx_word' id='word_1_101' title='bbox 303 1506 367 1556; x_wconf 85' lang='grc' dir='ltr'><em>τός</em></span> <span class='ocrx_word' id='word_1_102' title='bbox 390 1505 465 1559; x_wconf 80' lang='grc' dir='ltr'><em>τὴν</em></span> <span class='ocrx_word' id='word_1_103' title='bbox 491 1507 598 1547; x_wconf 84' lang='grc' dir='ltr'><strong><em>ἰδίαν</em></strong></span> <span class='ocrx_word' id='word_1_104' title='bbox 617 1509 858 1560; x_wconf 83' lang='grc' dir='ltr'><em>παροικίαν,</em></span> <span class='ocrx_word' id='word_1_105' title='bbox 889 1507 956 1548; x_wconf 85' lang='grc' dir='ltr'><em>καὶ</em></span> <span class='ocrx_word' id='word_1_106' title='bbox 985 1502 1040 1560; x_wconf 78' lang='grc' dir='ltr'><em>ἦν</em></span> <span class='ocrx_word' id='word_1_107' title='bbox 1073 1503 1232 1548; x_wconf 81' lang='grc' dir='ltr'><em>ἰθυνων</em></span> <span class='ocrx_word' id='word_1_108' title='bbox 1257 1524 1332 1560; x_wconf 90' lang='grc' dir='ltr'><em>την</em></span> <span class='ocrx_word' id='word_1_109' title='bbox 1355 1508 1399 1548; x_wconf 85' lang='grc' dir='ltr'><em>έν</em></span> <span class='ocrx_word' id='word_1_110' title='bbox 1426 1504 1541 1563; x_wconf 79' lang='grc' dir='ltr'><em>Τύρω</em></span> <span class='ocrx_word' id='word_1_111' title='bbox 1560 1507 1808 1560; x_wconf 80' lang='grc' dir='ltr'><em>έκκλησίαν5</em></span> 
     </span>
     <span class='ocr_line' id='line_1_17' title="bbox 305 1560 1776 1634; baseline 0.001 -30"><span class='ocrx_word' id='word_1_112' title='bbox 305 1563 439 1634; x_wconf 82' lang='grc' dir='ltr'><em>μέχρις</em></span> <span class='ocrx_word' id='word_1_113' title='bbox 459 1560 679 1605; x_wconf 83' lang='grc' dir='ltr'><em>Ἰουλιανοῦ</em></span> <span class='ocrx_word' id='word_1_114' title='bbox 702 1567 776 1605; x_wconf 82' lang='grc' dir='ltr'><em>τοῦ</em></span> <span class='ocrx_word' id='word_1_115' title='bbox 808 1580 1023 1634; x_wconf 79' lang='grc' dir='ltr'><em>τυραννον</em></span> <span class='ocrx_word' id='word_1_116' title='bbox 1083 1564 1152 1605; x_wconf 80' lang='grc' dir='ltr'><em>καὶ</em></span> <span class='ocrx_word' id='word_1_117' title='bbox 1177 1561 1389 1634; x_wconf 80' lang='grc' dir='ltr'><em>ἐπειδήπερ</em></span> <span class='ocrx_word' id='word_1_118' title='bbox 1422 1562 1497 1605; x_wconf 75' lang='grc' dir='ltr'><em>οὐκ</em></span> <span class='ocrx_word' id='word_1_119' title='bbox 1520 1561 1776 1615; x_wconf 78' lang='grc' dir='ltr'><em>αὕτοφανῶς,</em></span> 
     </span>
     <span class='ocr_line' id='line_1_18' title="bbox 305 1617 1777 1691; baseline 0 -29"><span class='ocrx_word' id='word_1_120' title='bbox 305 1617 405 1662; x_wconf 76' lang='grc' dir='ltr'><em>ἄλλα</em></span> <span class='ocrx_word' id='word_1_121' title='bbox 430 1636 616 1687; x_wconf 80' lang='grc' dir='ltr'><em>κρυπτως</em></span> <span class='ocrx_word' id='word_1_122' title='bbox 634 1618 710 1691; x_wconf 71' lang='grc' dir='ltr'><em>διᾷ</em></span> <span class='ocrx_word' id='word_1_123' title='bbox 738 1623 818 1661; x_wconf 77' lang='grc' dir='ltr'><em>τῶν</em></span> <span class='ocrx_word' id='word_1_124' title='bbox 844 1617 1046 1675; x_wconf 70' lang='grc' dir='ltr'><em>ἀρχόντων</em></span> <span class='ocrx_word' id='word_1_125' title='bbox 1061 1617 1283 1669; x_wconf 82' lang='grc' dir='ltr'><em>Ἰουλιανὸς</em></span> <span class='ocrx_word' id='word_1_126' title='bbox 1316 1617 1459 1691; x_wconf 78' lang='grc' dir='ltr'><em>οἷνῄρει</em></span> <span class='ocrx_word' id='word_1_127' title='bbox 1485 1637 1580 1669; x_wconf 84' lang='grc' dir='ltr'><em>τους</em></span> <span class='ocrx_word' id='word_1_128' title='bbox 1606 1634 1777 1675; x_wconf 89' lang='grc' dir='ltr'><em>χριστια-</em></span> 
     </span>
     <span class='ocr_line' id='line_1_19' title="bbox 305 1663 1778 1748; baseline 0 -30"><span class='ocrx_word' id='word_1_129' title='bbox 305 1674 427 1726; x_wconf 82' lang='grc' dir='ltr'><em>νούς,</em></span> <span class='ocrx_word' id='word_1_130' title='bbox 469 1673 592 1717; x_wconf 78' lang='grc' dir='ltr'><em>πάλιν</em></span> <span class='ocrx_word' id='word_1_131' title='bbox 620 1693 641 1718; x_wconf 95' lang='grc' dir='ltr'><em>ο</em></span> <span class='ocrx_word' id='word_1_132' title='bbox 678 1670 902 1747; x_wconf 75' lang='grc' dir='ltr'><em>Δωρόθεος</em></span> <span class='ocrx_word' id='word_1_133' title='bbox 932 1677 1149 1748; x_wconf 79' lang='grc' dir='ltr'><strong><em>κατέλαβεν</em></strong></span> <span class='ocrx_word' id='word_1_134' title='bbox 1180 1694 1254 1730; x_wconf 92' lang='grc' dir='ltr'><em>την</em></span> <span class='ocrx_word' id='word_1_135' title='bbox 1280 1663 1472 1730; x_wconf 80' lang='grc' dir='ltr'><em>Ὀδησσὸν</em></span> <span class='ocrx_word' id='word_1_136' title='bbox 1500 1674 1642 1728; x_wconf 84' lang='grc' dir='ltr'><em>πόλιν,</em></span> <span class='ocrx_word' id='word_1_137' title='bbox 1674 1677 1778 1718; x_wconf 77' lang='grc' dir='ltr'><em>ἔνθα</em></span> 
     </span>
     <span class='ocr_line' id='line_1_20' title="bbox 305 1730 1778 1803; baseline 0.001 -29"><span class='ocrx_word' id='word_1_138' title='bbox 305 1733 374 1774; x_wconf 86' lang='grc' dir='ltr'><em>καὶ</em></span> <span class='ocrx_word' id='word_1_139' title='bbox 400 1732 610 1783; x_wconf 83' lang='grc' dir='ltr'><em>συσχεθεὶς</em></span> <span class='ocrx_word' id='word_1_140' title='bbox 639 1731 720 1774; x_wconf 82' lang='grc' dir='ltr'><em>υπὸ</em></span> <span class='ocrx_word' id='word_1_141' title='bbox 745 1750 827 1774; x_wconf 90' lang='grc' dir='ltr'><em>των</em></span> <span class='ocrx_word' id='word_1_142' title='bbox 852 1730 1070 1776; x_wconf 82' lang='grc' dir='ltr'><em>Ἰουλιανοῦ</em></span> <span class='ocrx_word' id='word_1_143' title='bbox 1090 1731 1335 1803; x_wconf 80' lang='grc' dir='ltr'><em>αρχόντων,</em></span> <span class='ocrx_word' id='word_1_144' title='bbox 1374 1734 1443 1774; x_wconf 85' lang='grc' dir='ltr'><em>καὶ</em></span> <span class='ocrx_word' id='word_1_145' title='bbox 1473 1732 1648 1782; x_wconf 78' lang='grc' dir='ltr'><em>πολλοὺς</em></span> <span class='ocrx_word' id='word_1_146' title='bbox 1677 1735 1778 1775; x_wconf 81' lang='grc' dir='ltr'><em>αἰκι-</em></span> 
     </span>
     <span class='ocr_line' id='line_1_21' title="bbox 307 1787 1834 1858; baseline 0.001 -28"><span class='ocrx_word' id='word_1_147' title='bbox 307 1787 436 1842; x_wconf 88' lang='grc' dir='ltr'><em>σμους</em></span> <span class='ocrx_word' id='word_1_148' title='bbox 453 1788 700 1839; x_wconf 85' lang='grc' dir='ltr'><em>υπομείνας,</em></span> <span class='ocrx_word' id='word_1_149' title='bbox 731 1789 773 1830; x_wconf 83' lang='grc' dir='ltr'><em>έν</em></span> <span class='ocrx_word' id='word_1_150' title='bbox 801 1787 1018 1845; x_wconf 80' lang='grc' dir='ltr'><em>βαθυτατῳ</em></span> <span class='ocrx_word' id='word_1_151' title='bbox 1049 1787 1154 1846; x_wconf 76' lang='grc' dir='ltr'><strong><em>γήρα</em></strong></span> <span class='ocrx_word' id='word_1_152' title='bbox 1180 1789 1246 1831; x_wconf 84' lang='grc' dir='ltr'><em>δια</em></span> <span class='ocrx_word' id='word_1_153' title='bbox 1264 1807 1339 1840; x_wconf 87' lang='grc' dir='ltr'><em>την</em></span> <span class='ocrx_word' id='word_1_154' title='bbox 1361 1791 1418 1838; x_wconf 80' lang='grc' dir='ltr'><em>εἰς</em></span> <span class='ocrx_word' id='word_1_155' title='bbox 1440 1788 1610 1843; x_wconf 78' lang='grc' dir='ltr'><em>Χριστὸν</em></span> <span class='ocrx_word' id='word_1_156' title='bbox 1633 1789 1774 1858; x_wconf 86' lang='grc' dir='ltr'><em>ομολο-</em></span> <span class='ocrx_word' id='word_1_157' title='bbox 1788 1802 1834 1837; x_wconf 87' lang='lat'><em>10</em></span> 
     </span>
     <span class='ocr_line' id='line_1_22' title="bbox 308 1832 1776 1917; baseline 0.002 -32"><span class='ocrx_word' id='word_1_158' title='bbox 308 1847 400 1900; x_wconf 77' lang='grc' dir='ltr'><em>γίαν</em></span> <span class='ocrx_word' id='word_1_159' title='bbox 418 1849 505 1893; x_wconf 87' lang='grc' dir='ltr'><em>ταῖς</em></span> <span class='ocrx_word' id='word_1_160' title='bbox 525 1842 718 1898; x_wconf 85' lang='grc' dir='ltr'><em>βασανοις</em></span> <span class='ocrx_word' id='word_1_161' title='bbox 742 1832 1016 1896; x_wconf 81' lang='grc' dir='ltr'><em>ἐναπέθανεν,</em></span> <span class='ocrx_word' id='word_1_162' title='bbox 1049 1845 1184 1887; x_wconf 74' lang='grc' dir='ltr'><em>ἑκατὸν</em></span> <span class='ocrx_word' id='word_1_163' title='bbox 1202 1846 1269 1886; x_wconf 80' lang='grc' dir='ltr'><em>καὶ</em></span> <span class='ocrx_word' id='word_1_164' title='bbox 1298 1844 1394 1886; x_wconf 82' lang='grc' dir='ltr'><em>ἕπτα</em></span> <span class='ocrx_word' id='word_1_165' title='bbox 1412 1847 1512 1887; x_wconf 79' lang='grc' dir='ltr'><em>ἐτῶν</em></span> <span class='ocrx_word' id='word_1_166' title='bbox 1533 1845 1613 1899; x_wconf 77' lang='grc' dir='ltr'><em>ἤδη</em></span> <span class='ocrx_word' id='word_1_167' title='bbox 1616 1863 1776 1917; x_wconf 74' lang='grc' dir='ltr'><em>τυγχα-</em></span> 
     </span>
     <span class='ocr_line' id='line_1_23' title="bbox 309 1897 1779 1974; baseline 0.001 -31"><span class='ocrx_word' id='word_1_168' title='bbox 309 1917 404 1943; x_wconf 90' lang='grc' dir='ltr'><em>νων.</em></span> <span class='ocrx_word' id='word_1_169' title='bbox 464 1897 582 1949; x_wconf 81' lang='grc' dir='ltr'><em>οὗτος</em></span> <span class='ocrx_word' id='word_1_170' title='bbox 611 1902 751 1942; x_wconf 81' lang='grc' dir='ltr'><em>τοίνυν</em></span> <span class='ocrx_word' id='word_1_171' title='bbox 770 1902 795 1943; x_wconf 84' lang='grc' dir='ltr'><em>ό</em></span> <span class='ocrx_word' id='word_1_172' title='bbox 813 1902 934 1957; x_wconf 78' lang='grc' dir='ltr'><em>μέγας</em></span> <span class='ocrx_word' id='word_1_173' title='bbox 956 1901 1180 1963; x_wconf 80' lang='grc' dir='ltr'><em>πρεσβύτης</em></span> <span class='ocrx_word' id='word_1_174' title='bbox 1206 1902 1275 1943; x_wconf 84' lang='grc' dir='ltr'><em>καὶ</em></span> <span class='ocrx_word' id='word_1_175' title='bbox 1295 1899 1579 1974; x_wconf 70' lang='grc' dir='ltr'><em>συγγράμματα</em></span> <span class='ocrx_word' id='word_1_176' title='bbox 1599 1902 1698 1956; x_wconf 72' lang='grc' dir='ltr'><em>ἡμῖν</em></span> <span class='ocrx_word' id='word_1_177' title='bbox 1715 1904 1779 1945; x_wconf 79' lang='grc' dir='ltr'><em>ἔκ-</em></span> 
     </span>
     <span class='ocr_line' id='line_1_24' title="bbox 307 1956 1779 2012; baseline 0.002 -14"><span class='ocrx_word' id='word_1_178' title='bbox 307 1956 564 2010; x_wconf 81' lang='grc' dir='ltr'><em>κλησιαστικα</em></span> <span class='ocrx_word' id='word_1_179' title='bbox 583 1959 885 2008; x_wconf 78' lang='grc' dir='ltr'><em>καταλέλοιπεν,</em></span> <span class='ocrx_word' id='word_1_180' title='bbox 917 1959 959 2000; x_wconf 79' lang='grc' dir='ltr'><em>ἐν</em></span> <span class='ocrx_word' id='word_1_181' title='bbox 980 1962 1041 2006; x_wconf 84' lang='grc' dir='ltr'><em>οἱς</em></span> <span class='ocrx_word' id='word_1_182' title='bbox 1060 1959 1125 2000; x_wconf 82' lang='grc' dir='ltr'><em>καὶ</em></span> <span class='ocrx_word' id='word_1_183' title='bbox 1153 1975 1201 1999; x_wconf 94' lang='grc' dir='ltr'><em>τα</em></span> <span class='ocrx_word' id='word_1_184' title='bbox 1222 1959 1314 2012; x_wconf 87' lang='grc' dir='ltr'><em>περὶ</em></span> <span class='ocrx_word' id='word_1_185' title='bbox 1332 1963 1413 2000; x_wconf 80' lang='grc' dir='ltr'><em>τῶν</em></span> <span class='ocrx_word' id='word_1_186' title='bbox 1435 1956 1467 2000; x_wconf 92' lang='lat'><em>0&#39;</em></span> <span class='ocrx_word' id='word_1_187' title='bbox 1484 1963 1684 2012; x_wconf 85' lang='grc' dir='ltr'><em>μαθητων</em></span> <span class='ocrx_word' id='word_1_188' title='bbox 1703 1963 1779 2002; x_wconf 81' lang='grc' dir='ltr'><em>τοῦ</em></span> 
     </span>
     <span class='ocr_line' id='line_1_25' title="bbox 309 2013 1782 2084; baseline 0.002 -29"><span class='ocrx_word' id='word_1_189' title='bbox 309 2027 486 2067; x_wconf 87' lang='grc' dir='ltr'><em>σωτηρος</em></span> <span class='ocrx_word' id='word_1_190' title='bbox 518 2010 749 2084; x_wconf 85' lang='grc' dir='ltr'><em>ἱστόρησεν,</em></span> <span class='ocrx_word' id='word_1_191' title='bbox 780 2015 849 2055; x_wconf 83' lang='grc' dir='ltr'><em>καὶ</em></span> <span class='ocrx_word' id='word_1_192' title='bbox 878 2014 979 2056; x_wconf 82' lang='grc' dir='ltr'><em>ε’νθα</em></span> <span class='ocrx_word' id='word_1_193' title='bbox 1005 2015 1029 2057; x_wconf 81' lang='grc' dir='ltr'>ὁ</span> <span class='ocrx_word' id='word_1_194' title='bbox 1055 2015 1200 2064; x_wconf 80' lang='grc' dir='ltr'><em>καθεις</em></span> <span class='ocrx_word' id='word_1_195' title='bbox 1231 2032 1313 2056; x_wconf 89' lang='grc' dir='ltr'><em>των</em></span> <span class='ocrx_word' id='word_1_196' title='bbox 1339 2032 1564 2083; x_wconf 84' lang='grc' dir='ltr'><em>προφητων</em></span> <span class='ocrx_word' id='word_1_197' title='bbox 1587 2016 1654 2057; x_wconf 80' lang='grc' dir='ltr'><em>καὶ</em></span> <span class='ocrx_word' id='word_1_198' title='bbox 1678 2013 1782 2058; x_wconf 59' lang='grc' dir='ltr'><em>ἄπο-ἐ</em></span> 
     </span>
     <span class='ocr_line' id='line_1_26' title="bbox 311 2068 1832 2140; baseline 0.002 -29"><span class='ocrx_word' id='word_1_199' title='bbox 311 2068 458 2112; x_wconf 83' lang='grc' dir='ltr'><em>στόλων</em></span> <span class='ocrx_word' id='word_1_200' title='bbox 485 2068 552 2111; x_wconf 87' lang='grc' dir='ltr'><em>τὸν</em></span> <span class='ocrx_word' id='word_1_201' title='bbox 573 2072 664 2123; x_wconf 86' lang='grc' dir='ltr'><em>βίον</em></span> <span class='ocrx_word' id='word_1_202' title='bbox 692 2071 875 2113; x_wconf 76' lang='grc' dir='ltr'><em>ἐτέλεσεν.</em></span> <span class='ocrx_word' id='word_1_203' title='bbox 935 2071 978 2112; x_wconf 81' lang='grc' dir='ltr'><em>ἒν</em></span> <span class='ocrx_word' id='word_1_204' title='bbox 1003 2070 1177 2126; x_wconf 77' lang='grc' dir='ltr'><em>πρώτοις</em></span> <span class='ocrx_word' id='word_1_205' title='bbox 1206 2088 1278 2140; x_wconf 90' lang='grc' dir='ltr'><em>μεν</em></span> <span class='ocrx_word' id='word_1_206' title='bbox 1306 2088 1400 2121; x_wconf 85' lang='grc' dir='ltr'><em>τους</em></span> <span class='ocrx_word' id='word_1_207' title='bbox 1417 2069 1449 2114; x_wconf 89' lang='lat' dir='ltr'><em>o&#39;</em></span> <span class='ocrx_word' id='word_1_208' title='bbox 1473 2072 1651 2122; x_wconf 77' lang='grc' dir='ltr'><em>ἐκείνους</em></span> <span class='ocrx_word' id='word_1_209' title='bbox 1670 2070 1774 2114; x_wconf 78' lang='grc' dir='ltr'><em>εἶναι</em></span> <span class='ocrx_word' id='word_1_210' title='bbox 1789 2077 1832 2114; x_wconf 90' lang='grc'><em>15</em></span> 
     </span>
     <span class='ocr_line' id='line_1_27' title="bbox 309 2122 1777 2198; baseline 0.003 -31"><span class='ocrx_word' id='word_1_211' title='bbox 309 2126 432 2184; x_wconf 53' lang='grc' dir='ltr'><em>λέγει,</em></span> <span class='ocrx_word' id='word_1_212' title='bbox 457 2122 515 2167; x_wconf 82' lang='grc' dir='ltr'><em>ὠν</em></span> <span class='ocrx_word' id='word_1_213' title='bbox 529 2128 571 2167; x_wconf 85' lang='grc' dir='ltr'><em>οἵ</em></span> <span class='ocrx_word' id='word_1_214' title='bbox 586 2129 748 2176; x_wconf 85' lang='grc' dir='ltr'><em>πλείους</em></span> <span class='ocrx_word' id='word_1_215' title='bbox 764 2128 831 2168; x_wconf 87' lang='grc' dir='ltr'><em>καὶ</em></span> <span class='ocrx_word' id='word_1_216' title='bbox 851 2128 1061 2169; x_wconf 78' lang='grc' dir='ltr'><em>ἐπίσκοποι</em></span> <span class='ocrx_word' id='word_1_217' title='bbox 1081 2129 1124 2170; x_wconf 81' lang='grc' dir='ltr'><em>ἐν</em></span> <span class='ocrx_word' id='word_1_218' title='bbox 1144 2125 1354 2198; x_wconf 83' lang='grc' dir='ltr'><em>διαφόροις</em></span> <span class='ocrx_word' id='word_1_219' title='bbox 1374 2130 1604 2182; x_wconf 85' lang='grc' dir='ltr'><em>παροικίαις</em></span> <span class='ocrx_word' id='word_1_220' title='bbox 1622 2129 1777 2184; x_wconf 78' lang='grc' dir='ltr'><em>ἐγένον-</em></span> 
     </span>
     <span class='ocr_line' id='line_1_28' title="bbox 310 2181 1777 2240; baseline 0.003 -17"><span class='ocrx_word' id='word_1_221' title='bbox 310 2199 376 2234; x_wconf 91' lang='grc' dir='ltr'><em>το,</em></span> <span class='ocrx_word' id='word_1_222' title='bbox 399 2185 458 2224; x_wconf 80' lang='grc' dir='ltr'><em>ὠν</em></span> <span class='ocrx_word' id='word_1_223' title='bbox 475 2183 544 2224; x_wconf 81' lang='grc' dir='ltr'><em>καὶ</em></span> <span class='ocrx_word' id='word_1_224' title='bbox 567 2182 716 2232; x_wconf 81' lang='grc' dir='ltr'><em>ὅθεῖος</em></span> <span class='ocrx_word' id='word_1_225' title='bbox 734 2181 956 2233; x_wconf 74' lang='grc' dir='ltr'><em>ἀπόστολος</em></span> <span class='ocrx_word' id='word_1_226' title='bbox 986 2186 1029 2226; x_wconf 80' lang='grc' dir='ltr'><em>έν</em></span> <span class='ocrx_word' id='word_1_227' title='bbox 1056 2190 1139 2233; x_wconf 87' lang='grc' dir='ltr'><em>τοῖς</em></span> <span class='ocrx_word' id='word_1_228' title='bbox 1169 2182 1394 2238; x_wconf 84' lang='grc' dir='ltr'><em>ασπασμοῖς</em></span> <span class='ocrx_word' id='word_1_229' title='bbox 1422 2202 1545 2227; x_wconf 89' lang='grc' dir='ltr'><em>αυτου</em></span> <span class='ocrx_word' id='word_1_230' title='bbox 1571 2185 1777 2240; x_wconf 85' lang='grc' dir='ltr'><em>μέμνηται</em></span> 
     </span>
     <span class='ocr_line' id='line_1_29' title="bbox 312 2239 1779 2312; baseline 0.003 -33"><span class='ocrx_word' id='word_1_231' title='bbox 312 2255 409 2308; x_wconf 88' lang='grc' dir='ltr'><em>μετα</em></span> <span class='ocrx_word' id='word_1_232' title='bbox 431 2256 519 2308; x_wconf 78' lang='grc' dir='ltr'><em>γαρ</em></span> <span class='ocrx_word' id='word_1_233' title='bbox 549 2255 625 2292; x_wconf 89' lang='grc' dir='ltr'><em>την</em></span> <span class='ocrx_word' id='word_1_234' title='bbox 660 2244 733 2282; x_wconf 83' lang='grc' dir='ltr'><em>τοῦ</em></span> <span class='ocrx_word' id='word_1_235' title='bbox 760 2244 941 2312; x_wconf 83' lang='grc' dir='ltr'><em>σωτῆρος</em></span> <span class='ocrx_word' id='word_1_236' title='bbox 969 2241 1086 2294; x_wconf 72' lang='grc' dir='ltr'><em>ἡμων</em></span> <span class='ocrx_word' id='word_1_237' title='bbox 1115 2242 1158 2283; x_wconf 81' lang='grc' dir='ltr'><em>ἐκ</em></span> <span class='ocrx_word' id='word_1_238' title='bbox 1187 2257 1343 2292; x_wconf 84' lang='grc' dir='ltr'><em>νεκρων</em></span> <span class='ocrx_word' id='word_1_239' title='bbox 1376 2239 1598 2284; x_wconf 81' lang='grc' dir='ltr'><em>ανάστασιν</em></span> <span class='ocrx_word' id='word_1_240' title='bbox 1624 2259 1779 2292; x_wconf 84' lang='grc' dir='ltr'><em>παντας</em></span> 
     </span>
     <span class='ocr_line' id='line_1_30' title="bbox 314 2295 1776 2365; baseline 0.005 -30"><span class='ocrx_word' id='word_1_241' title='bbox 314 2311 463 2343; x_wconf 85' lang='grc' dir='ltr'><em>αυτους</em></span> <span class='ocrx_word' id='word_1_242' title='bbox 499 2295 736 2365; x_wconf 79' lang='grc' dir='ltr'><em>ἐπιστρέψαι</em></span> <span class='ocrx_word' id='word_1_243' title='bbox 759 2299 944 2356; x_wconf 86' lang='grc' dir='ltr'><em>σημαίνει</em></span> <span class='ocrx_word' id='word_1_244' title='bbox 973 2298 1040 2339; x_wconf 84' lang='grc' dir='ltr'><em>καὶ</em></span> <span class='ocrx_word' id='word_1_245' title='bbox 1077 2298 1120 2339; x_wconf 81' lang='grc' dir='ltr'><em>ἒν</em></span> <span class='ocrx_word' id='word_1_246' title='bbox 1149 2303 1233 2347; x_wconf 88' lang='grc' dir='ltr'><em>τοῖς</em></span> <span class='ocrx_word' id='word_1_247' title='bbox 1256 2295 1496 2347; x_wconf 84' lang='grc' dir='ltr'><em>α’ποστόλοις</em></span> <span class='ocrx_word' id='word_1_248' title='bbox 1522 2303 1776 2354; x_wconf 80' lang='grc' dir='ltr'><em>γεγενησθαι,</em></span> 
     </span>
     <span class='ocr_line' id='line_1_31' title="bbox 314 2349 1835 2411; baseline 0.003 -19"><span class='ocrx_word' id='word_1_249' title='bbox 314 2354 373 2393; x_wconf 79' lang='grc' dir='ltr'><em>ὠν</em></span> <span class='ocrx_word' id='word_1_250' title='bbox 391 2351 459 2392; x_wconf 84' lang='grc' dir='ltr'><em>καὶ</em></span> <span class='ocrx_word' id='word_1_251' title='bbox 477 2367 547 2400; x_wconf 85' lang='grc' dir='ltr'><em>τας</em></span> <span class='ocrx_word' id='word_1_252' title='bbox 564 2353 795 2408; x_wconf 81' lang='grc' dir='ltr'><em>ἐπωνυμίας</em></span> <span class='ocrx_word' id='word_1_253' title='bbox 814 2349 893 2395; x_wconf 83' lang='grc' dir='ltr'><em>ώδέ</em></span> <span class='ocrx_word' id='word_1_254' title='bbox 909 2370 989 2396; x_wconf 89' lang='grc' dir='ltr'><em>που</em></span> <span class='ocrx_word' id='word_1_255' title='bbox 1010 2350 1127 2404; x_wconf 78' lang='grc' dir='ltr'><em>οὗτος</em></span> <span class='ocrx_word' id='word_1_256' title='bbox 1145 2355 1458 2411; x_wconf 76' lang='grc' dir='ltr'><em>ἐπισημαίνεται</em></span> <span class='ocrx_word' id='word_1_257' title='bbox 1475 2355 1612 2410; x_wconf 75' lang='grc' dir='ltr'><em>λέγων.</em></span> <span class='ocrx_word' id='word_1_258' title='bbox 1785 2357 1835 2393; x_wconf 75' lang='grc'><em>20</em></span> 
     </span>
    </p>
   </div>
   <div class='ocr_carea' id='block_1_8' title="bbox 313 2445 591 2453">
    <p class='ocr_par' dir='ltr' id='par_1_8' title="bbox 313 2445 591 2453">
     <span class='ocr_line' id='line_1_32' title="bbox 313 2445 591 2453; baseline 0 809"><span class='ocrx_word' id='word_1_259' title='bbox 313 2445 591 2453; x_wconf 95' lang='lat' dir='ltr'><em> </em></span> 
     </span>
    </p>
   </div>
   <div class='ocr_carea' id='block_1_9' title="bbox 344 2496 832 2541">
    <p class='ocr_par' dir='ltr' id='par_1_9' title="bbox 344 2496 832 2541">
     <span class='ocr_line' id='line_1_33' title="bbox 344 2496 832 2541; baseline 0.008 -12"><span class='ocrx_word' id='word_1_260' title='bbox 344 2496 388 2541; x_wconf 85' lang='lat'><em>†)</em></span> <span class='ocrx_word' id='word_1_261' title='bbox 411 2496 521 2531; x_wconf 80' lang='lat' dir='ltr'><strong>Extat</strong></span> <span class='ocrx_word' id='word_1_262' title='bbox 543 2501 592 2532; x_wconf 84' lang='lat' dir='ltr'><em>to·</em></span> <span class='ocrx_word' id='word_1_263' title='bbox 616 2498 659 2532; x_wconf 89' lang='lat' dir='ltr'><em>V.</em></span> <span class='ocrx_word' id='word_1_264' title='bbox 684 2497 832 2533; x_wconf 78' lang='lat' dir='ltr'><strong>savinii.</strong></span> 
     </span>
    </p>
   </div>
   <div class='ocr_carea' id='block_1_10' title="bbox 356 2554 1779 2694">
    <p class='ocr_par' dir='ltr' id='par_1_10' title="bbox 356 2554 1779 2694">
     <span class='ocr_line' id='line_1_34' title="bbox 356 2554 1778 2603; baseline 0.002 -15.028"><span class='ocrx_word' id='word_1_265' title='bbox 356 2555 386 2599; x_wconf 95' lang='grc'>)</span> <span class='ocrx_word' id='word_1_266' title='bbox 410 2554 534 2589; x_wconf 87' lang='lat' dir='ltr'><strong>Libelli</strong></span> <span class='ocrx_word' id='word_1_267' title='bbox 556 2554 658 2590; x_wconf 85' lang='lat' dir='ltr'><strong>huius</strong></span> <span class='ocrx_word' id='word_1_268' title='bbox 679 2566 781 2600; x_wconf 86' lang='lat' dir='ltr'><strong>quum</strong></span> <span class='ocrx_word' id='word_1_269' title='bbox 805 2556 933 2591; x_wconf 85' lang='lat' dir='ltr'><strong>Leidae</strong></span> <span class='ocrx_word' id='word_1_270' title='bbox 955 2557 1105 2592; x_wconf 84' lang='lat' dir='ltr'><strong>codicem</strong></span> <span class='ocrx_word' id='word_1_271' title='bbox 1129 2561 1360 2603; x_wconf 81' lang='lat' dir='ltr'><strong>praestantem</strong></span> <span class='ocrx_word' id='word_1_272' title='bbox 1386 2557 1520 2592; x_wconf 79' lang='lat' dir='ltr'><strong>servari</strong></span> <span class='ocrx_word' id='word_1_273' title='bbox 1542 2556 1778 2600; x_wconf 74' lang='lat' dir='ltr'>meminissem,</span> 
     </span>
     <span class='ocr_line' id='line_1_35' title="bbox 406 2600 1779 2650; baseline 0.003 -16"><span class='ocrx_word' id='word_1_274' title='bbox 406 2600 594 2635; x_wconf 78' lang='lat' dir='ltr'><strong>varietates</strong></span> <span class='ocrx_word' id='word_1_275' title='bbox 628 2601 701 2635; x_wconf 86' lang='lat' dir='ltr'><strong>eius</strong></span> <span class='ocrx_word' id='word_1_276' title='bbox 734 2613 755 2635; x_wconf 81' lang='lat' dir='ltr'>a</span> <span class='ocrx_word' id='word_1_277' title='bbox 778 2602 901 2637; x_wconf 86' lang='lat' dir='ltr'><strong>Geelio</strong></span> <span class='ocrx_word' id='word_1_278' title='bbox 925 2614 998 2637; x_wconf 84' lang='lat' dir='ltr'><em>meo</em></span> <span class='ocrx_word' id='word_1_279' title='bbox 1021 2603 1126 2648; x_wconf 82' lang='lat' dir='ltr'><strong>petii,</strong></span> <span class='ocrx_word' id='word_1_280' title='bbox 1159 2605 1344 2650; x_wconf 81' lang='lat' dir='ltr'><strong>statimque</strong></span> <span class='ocrx_word' id='word_1_281' title='bbox 1369 2603 1552 2650; x_wconf 84' lang='lat' dir='ltr'><strong>impetravi</strong></span> <span class='ocrx_word' id='word_1_282' title='bbox 1575 2603 1618 2638; x_wconf 77' lang='lat' dir='ltr'><em>ab</em></span> <span class='ocrx_word' id='word_1_283' title='bbox 1642 2602 1779 2638; x_wconf 79' lang='lat' dir='ltr'><strong>amicis-</strong></span> 
     </span>
     <span class='ocr_line' id='line_1_36' title="bbox 405 2645 1777 2694; baseline 0.003 -14"><span class='ocrx_word' id='word_1_284' title='bbox 405 2645 482 2680; x_wconf 85' lang='lat' dir='ltr'><strong>simi</strong></span> <span class='ocrx_word' id='word_1_285' title='bbox 504 2646 574 2681; x_wconf 83' lang='lat' dir='ltr'><strong>viri</strong></span> <span class='ocrx_word' id='word_1_286' title='bbox 595 2647 767 2682; x_wconf 80' lang='lat' dir='ltr'><strong>comitate.</strong></span> <span class='ocrx_word' id='word_1_287' title='bbox 813 2648 1004 2694; x_wconf 82' lang='lat' dir='ltr'><strong>Scriptus</strong></span> <span class='ocrx_word' id='word_1_288' title='bbox 994 2660 1031 2682; x_wconf 86' lang='lat' dir='ltr'><strong>m</strong></span> <span class='ocrx_word' id='word_1_289' title='bbox 1054 2650 1254 2685; x_wconf 83' lang='lat' dir='ltr'><strong>membranis</strong></span> <span class='ocrx_word' id='word_1_290' title='bbox 1275 2650 1434 2691; x_wconf 83' lang='lat' dir='ltr'><strong>saeculo,</strong></span> <span class='ocrx_word' id='word_1_291' title='bbox 1467 2653 1508 2684; x_wconf 89' lang='lat' dir='ltr'><em>ut</em></span> <span class='ocrx_word' id='word_1_292' title='bbox 1530 2648 1654 2683; x_wconf 83' lang='lat' dir='ltr'><strong>Geelio</strong></span> <span class='ocrx_word' id='word_1_293' title='bbox 1677 2649 1777 2684; x_wconf 81' lang='lat' dir='ltr'><strong>vide-</strong></span> 
     </span>
    </p>
   </div>
   <div class='ocr_carea' id='block_1_11' title="bbox 407 2674 1777 2739">
    <p class='ocr_par' dir='ltr' id='par_1_11' title="bbox 407 2674 1777 2739">
     <span class='ocr_line' id='line_1_37' title="bbox 407 2674 1777 2739; baseline 0.003 -13"><span class='ocrx_word' id='word_1_294' title='bbox 407 2693 533 2734; x_wconf 82' lang='lat' dir='ltr'><strong>batur,</strong></span> <span class='ocrx_word' id='word_1_295' title='bbox 563 2692 738 2728; x_wconf 90' lang='lat' dir='ltr'><strong>undecimo</strong></span> <span class='ocrx_word' id='word_1_296' title='bbox 770 2694 875 2728; x_wconf 85' lang='lat' dir='ltr'><strong>habet</strong></span> <span class='ocrx_word' id='word_1_297' title='bbox 904 2698 1087 2739; x_wconf 75' lang='lat' dir='ltr'><strong>praeterea</strong></span> <span class='ocrx_word' id='word_1_298' title='bbox 1120 2695 1269 2730; x_wconf 75' lang='lat' dir='ltr'><strong>Palladii</strong></span> <span class='ocrx_word' id='word_1_299' title='bbox 1298 2674 1485 2730; x_wconf 86' lang='lat' dir='ltr'><strong>Historiam</strong></span> <span class='ocrx_word' id='word_1_300' title='bbox 1515 2695 1716 2729; x_wconf 79' lang='lat' dir='ltr'><strong>Lausiacam</strong></span> <span class='ocrx_word' id='word_1_301' title='bbox 1739 2699 1777 2730; x_wconf 90' lang='lat' dir='ltr'><em>et</em></span> 
     </span>
    </p>
   </div>
   <div class='ocr_carea' id='block_1_12' title="bbox 407 2737 1776 2841">
    <p class='ocr_par' dir='ltr' id='par_1_12' title="bbox 407 2737 1776 2834">
     <span class='ocr_line' id='line_1_38' title="bbox 407 2737 1667 2797; baseline 0.002 -25"><span class='ocrx_word' id='word_1_302' title='bbox 407 2737 475 2772; x_wconf 81' lang='lat' dir='ltr'><strong>alia</strong></span> <span class='ocrx_word' id='word_1_303' title='bbox 498 2739 687 2782; x_wconf 77' lang='lat' dir='ltr'><em>quaedam,</em></span> <span class='ocrx_word' id='word_1_304' title='bbox 711 2739 910 2797; x_wconf 87' lang='lat' dir='ltr'><strong>desinitque</strong></span> <span class='ocrx_word' id='word_1_305' title='bbox 927 2750 963 2785; x_wconf 87' lang='lat' dir='ltr'>p</span> <span class='ocrx_word' id='word_1_306' title='bbox 988 2739 1068 2776; x_wconf 80' lang='lat'><strong>430.</strong></span> <span class='ocrx_word' id='word_1_307' title='bbox 1094 2752 1169 2776; x_wconf 92' lang='lat' dir='ltr'><em>cum</em></span> <span class='ocrx_word' id='word_1_308' title='bbox 1193 2743 1362 2777; x_wconf 80' lang='lat' dir='ltr'><strong>vocabulo</strong></span> <span class='ocrx_word' id='word_1_309' title='bbox 1387 2739 1667 2786; x_wconf 74' lang='grc' dir='ltr'><em>ἀπετμήθησαν.</em></span> 
     </span>
     <span class='ocr_line' id='line_1_39' title="bbox 408 2781 1776 2841; baseline 0.003 -23"><span class='ocrx_word' id='word_1_310' title='bbox 408 2785 443 2818; x_wconf 88' lang='grc'><em>8.</em></span> <span class='ocrx_word' id='word_1_311' title='bbox 463 2781 646 2820; x_wconf 84' lang='grc' dir='ltr'><em>Ὀδυσσὸν</em></span> <span class='ocrx_word' id='word_1_312' title='bbox 668 2784 798 2841; x_wconf 60' lang='lat' dir='ltr'><strong>Paris,</strong></span> <span class='ocrx_word' id='word_1_313' title='bbox 818 2782 1004 2821; x_wconf 82' lang='grc' dir='ltr'><em>Ὀδύσσοῦ</em></span> <span class='ocrx_word' id='word_1_314' title='bbox 1026 2786 1125 2820; x_wconf 84' lang='lat' dir='ltr'><strong>Leid</strong></span> <span class='ocrx_word' id='word_1_315' title='bbox 1221 2790 1274 2824; x_wconf 80' lang='lat'><em>12.</em></span> <span class='ocrx_word' id='word_1_316' title='bbox 1302 2785 1423 2828; x_wconf 77' lang='grc' dir='ltr'><em>οὕτως</em></span> <span class='ocrx_word' id='word_1_317' title='bbox 1438 2787 1507 2821; x_wconf 89' lang='lat' dir='ltr'><em>LP.</em></span> <span class='ocrx_word' id='word_1_318' title='bbox 1601 2787 1657 2822; x_wconf 89' lang='grc'><em>15.</em></span> <span class='ocrx_word' id='word_1_319' title='bbox 1682 2786 1776 2834; x_wconf 79' lang='grc' dir='ltr'><em>βίων</em></span> 
     </span>
    </p>
   </div>
   <div class='ocr_carea' id='block_1_13' title="bbox 411 2811 1778 2925">
    <p class='ocr_par' dir='ltr' id='par_1_13' title="bbox 411 2811 1775 2925">
     <span class='ocr_line' id='line_1_40' title="bbox 411 2811 1775 2891; baseline 0.001 -25"><span class='ocrx_word' id='word_1_320' title='bbox 411 2828 481 2863; x_wconf 79' lang='lat' dir='ltr'><em>LP.</em></span> <span class='ocrx_word' id='word_1_321' title='bbox 599 2832 653 2867; x_wconf 90' lang='grc'><em>16.</em></span> <span class='ocrx_word' id='word_1_322' title='bbox 683 2811 850 2875; x_wconf 77' lang='grc' dir='ltr'><em>ἐγένοντο</em></span> <span class='ocrx_word' id='word_1_323' title='bbox 874 2832 921 2873; x_wconf 88' lang='lat' dir='ltr'><em>L,</em></span> <span class='ocrx_word' id='word_1_324' title='bbox 966 2831 1117 2876; x_wconf 77' lang='grc' dir='ltr'><em>γένοντο</em></span> <span class='ocrx_word' id='word_1_325' title='bbox 1138 2833 1178 2867; x_wconf 86' lang='grc' dir='ltr'><em>Ρ.</em></span> <span class='ocrx_word' id='word_1_326' title='bbox 1297 2836 1351 2869; x_wconf 89' lang='lat'><em>18.</em></span> <span class='ocrx_word' id='word_1_327' title='bbox 1382 2831 1452 2891; x_wconf 77' lang='grc' dir='ltr'><em>τὴν</em></span> <span class='ocrx_word' id='word_1_328' title='bbox 1474 2844 1540 2867; x_wconf 89' lang='lat' dir='ltr'><em>om.</em></span> <span class='ocrx_word' id='word_1_329' title='bbox 1561 2831 1603 2867; x_wconf 88' lang='lat' dir='ltr'><em>L.</em></span> <span class='ocrx_word' id='word_1_330' title='bbox 1721 2833 1775 2871; x_wconf 90' lang='lat'><em>19.</em></span> 
     </span>
     <span class='ocr_line' id='line_1_41' title="bbox 411 2844 1778 2925; baseline 0.002 -15"><span class='ocrx_word' id='word_1_331' title='bbox 411 2872 653 2923; x_wconf 81' lang='grc' dir='ltr'><em>ἐπιστρέψαι]</em></span> <span class='ocrx_word' id='word_1_332' title='bbox 677 2844 872 2924; x_wconf 81' lang='grc' dir='ltr'><em>έπιστέψαι</em></span> <span class='ocrx_word' id='word_1_333' title='bbox 894 2879 946 2920; x_wconf 89' lang='lat' dir='ltr'><em>L,</em></span> <span class='ocrx_word' id='word_1_334' title='bbox 969 2876 1164 2925; x_wconf 79' lang='grc' dir='ltr'><em>ἐπιτρέψαι</em></span> <span class='ocrx_word' id='word_1_335' title='bbox 1187 2879 1227 2914; x_wconf 88' lang='grc' dir='ltr'><em>Ρ.</em></span> <span class='ocrx_word' id='word_1_336' title='bbox 1321 2882 1379 2916; x_wconf 76' lang='lat'><em>20.</em></span> <span class='ocrx_word' id='word_1_337' title='bbox 1403 2874 1535 2924; x_wconf 82' lang='grc' dir='ltr'><em>ουτος]</em></span> <span class='ocrx_word' id='word_1_338' title='bbox 1562 2890 1681 2920; x_wconf 79' lang='grc' dir='ltr'><em>ουτως</em></span> <span class='ocrx_word' id='word_1_339' title='bbox 1704 2877 1778 2913; x_wconf 83' lang='lat' dir='ltr'><em>LP</em></span> 
     </span>
    </p>
   </div>
  </div>
 </body>
</html>
