1820 3276
445 203 504 248 [N
539 178 870 248 clmomcom
901 201 1194 246 PAscHALE.
1471 199 1574 248 393

100 314 309 355 Ammiano
338 313 406 353 lib.
433 326 538 354 xvn.
575 319 616 352 et
646 327 749 353 xxx.
778 319 819 352 et
848 313 1006 353 Socrati
1035 313 1104 352 lib.
1134 327 1191 353 lv.
1220 326 1307 366 cap.
1336 325 1451 351 xxx1.
1480 312 1575 352 Hie.

100 385 275 425 ronymo
299 384 400 410 vero
429 376 470 409 et
498 370 701 420 Senatori,
729 370 1130 421 Brigitio:J01-nandi
1160 370 1332 422 denique
1359 369 1502 420 Brigio.

215 427 441 478 Pagl560.
475 431 540 470 17.
601 426 903 480 Λνεκαλέσατο]
945 428 1076 476 Quam
1105 427 1156 466 ab
1188 427 1289 466 urbe
1317 427 1576 480 proscripse-

100 491 166 525 rat
196 485 346 537 conjux
377 498 483 523 anno
511 497 695 523 occnxxx.

216 541 443 592 Pag.561.
480 545 516 584 1.
575 544 639 581 Εν
675 539 858 595 Σιρμίῳ]
899 541 959 579 Ita
995 542 1180 580 Socrates
1214 541 1285 580 lib.
1325 554 1367 581 v.
1404 554 1492 593 cap.
1530 554 1578 583 11,

101 599 310 647 Sozomen.
342 599 410 637 lib.
438 611 511 639 vn.
543 611 630 650 cap.
658 613 698 639 n.
734 597 909 643 Idatius,
938 597 1148 649 Sidonius,
1178 604 1218 638 et
1247 597 1340 637 alii.
1371 611 1475 637 anno
1506 597 1580 637 de-

102 669 212 694 mum
243 669 453 694 cccrxxxx.
484 661 531 695 ut
559 661 620 694 est
646 654 754 707 apud
790 654 976 693 Idatium

218 712 315 763 Pag.
346 712 441 755 561.
471 715 512 755 2.
570 710 928 764 Γυναικαδέλφου]
961 711 1138 750 Necdum
1158 717 1289 750 tamen
1313 710 1491 750 Gratiani
1513 725 1580 751 so-

102 781 236 807 rorem
266 769 422 807 Gallam
456 768 674 807 Placidiam
704 769 874 808 duxerat
911 768 1183 815 Theodosius,
1223 781 1314 807 cum
1353 769 1583 841 Imperator

103 825 154 865 ab
187 840 236 866 eo
266 826 400 866 dictus
431 832 500 865 est.
558 825 659 864 Vide
686 826 826 865 Famil.
858 826 1024 878 Byzant.

219 882 315 933 Pag.
345 883 442 925 561.
473 885 513 925 3.
573 886 638 923 Εν
668 879 1118 936 Κωνσταντινουπόλει]
1154 882 1278 934 Atqui
1307 880 1580 921 Theodosium

106 939 494 992 Constantinopolim
529 945 615 978 tum
650 939 826 992 primum
854 940 1074 990 ingressum
1106 952 1210 977 anno
1241 952 1438 977 cccrxxx.
1467 952 1581 981 xvm.

103 997 194 1035 Kal.
235 997 436 1036 uecembr.
474 996 600 1036 tradit
637 999 821 1036 Socrates
859 997 931 1037 lib.
961 1010 998 1035 v.
1029 1010 1116 1048 cap.
1147 1009 1202 1036 vr.
1244 1002 1283 1035 et
1311 995 1464 1034 Idatius
1491 1002 1581 1035 tum

101 1053 154 1092 ἱππ·
174 1051 322 1102 Fastis,
364 1059 447 1092 tum
478 1053 519 1093 in
549 1053 775 1102 Chronico,
817 1053 887 1092 ubi
916 1054 993 1092 ista
1029 1053 1191 1092 scribit:
1234 1053 1449 1091 Theodosius
1489 1052 1584 1092 Corv-

103 1111 367 1162 stantinopolim
391 1112 598 1162 ingreditur
626 1113 664 1150 in
690 1114 807 1163 primo
836 1111 1032 1150 Consulatu
1060 1124 1136 1164 suo,
1167 1123 1266 1162 quem
1293 1123 1372 1148 cum
1402 1111 1583 1149 Gratiano

103 1168 235 1218 agebat
261 1168 437 1217 Augusto.
499 1168 645 1206 Paulus
675 1168 843 1206 Orosius
873 1168 942 1207 lib.
973 1181 1040 1208 vn.
1073 1181 1161 1219 cap.
1192 1180 1332 1205 xxxw.
1364 1167 1414 1206 de
1443 1166 1581 1205 Theo-

104 1224 240 1265 dosio:
298 1224 426 1263 Urbem
467 1224 894 1276 Constantinopolitanam
930 1227 1044 1264 victor
1078 1226 1252 1274 intravit,
1294 1230 1389 1276 post
1428 1223 1582 1264 deletas

105 1281 256 1321 scilicet
287 1288 422 1332 gentes
452 1281 675 1334 Scythicas.

222 1337 318 1389 Pag’·
349 1338 442 1382 561
475 1338 514 1381 4.
579 1335 667 1392 Πρό
698 1334 748 1378 ιδ’
779 1340 903 1385 Καλ.]
944 1338 1095 1377 Socrat.
1135 1339 1187 1394 τῇ
1228 1334 1484 1394 ἕξκαιδεκατῃ
1517 1341 1584 1378 Ia·

105 1411 209 1436 νουα
237 1395 313 1435 lov.

210 1411 314 1502 pl'ag.
345 1452 441 1495 561.
472 1454 510 1495 8
567 1449 820 1507 Αρειανους]
861 1452 928 1490 Sic
966 1451 1219 1505 reposuimus
1257 1465 1334 1503 pro
1364 1446 1584 1504 αριθμσυς,

106 1509 167 1548 uti
196 1509 448 1561 praeferebat
477 1508 612 1548 editio.
671 1511 754 1548 Cur
782 1523 880 1548 vero
910 1509 1026 1548 istius
1055 1510 1143 1547 aevi
1174 1508 1313 1547 Ariani
1344 1507 1586 1556 ἔξοκιονῖται

107 1566 299 1619 appellati
343 1566 519 1617 suerint,
568 1567 757 1606 docemus
793 1567 837 1605 in
874 1573 1011 1605 nostra
1051 1565 1395 1618 Constantinopoli
1436 1564 1584 1605 Christ.

105 1623 176 1661 lib.
206 1637 245 1664 n.
275 1629 371 1662 sect.
400 1636 484 1662 xvi.
514 1636 554 1662 n.
582 1637 750 1669 xxxvm.
779 1630 820 1663 et
847 1624 891 1662 in
920 1624 1052 1665 Gloss.
1079 1623 1183 1662 med.
1214 1622 1388 1661 Graecit.
1419 1622 1487 1660 ubi
1516 1622 1586 1661 hic

105 1680 222 1719 locus
252 1693 303 1718 ex
337 1680 542 1718 miraculis
578 1682 645 1718 SS.
687 1681 985 1733 Anargyrorum
1022 1694 1061 1720 n.
1101 1684 1166 1722 17.
1206 1679 1436 1719 addendus:
1476 1674 1587 1733 ἀνήρ’

52 1756 61 1762 -
106 1751 168 1786 τις
194 1739 267 1787 τῆς
293 1738 376 1776 τῶν
406 1738 692 1786 Εξωκιονιτῶν
718 1733 952 1790 κακομάχου
982 1735 1191 1790 αἱρέσεως,
1222 1743 1296 1775 etc.

221 1791 319 1843 Pag.
349 1792 444 1836 561.
477 1797 544 1836 10.
607 1791 665 1834 Tol
703 1792 789 1847 ἱεροὶ
831 1791 958 1846 μόνον
997 1793 1192 1845 ἔκλεισεν]
1235 1794 1381 1833 Paulus
1412 1793 1585 1832 Orosius

108 1850 179 1889 lib.
208 1862 275 1888 vn.
304 1863 393 1904 cap.
422 1863 566 1889 xxvm.
609 1851 703 1889 Tum
730 1852 854 1890 deinde
885 1854 1023 1903 primus
1057 1851 1313 1890 Constantinus
1339 1852 1442 1901 justo
1464 1851 1585 1889 ordine

109 1911 143 1945 et
162 1909 240 1958 *pio
276 1909 387 1946 vicem
424 1909 533 1945 vertit
568 1908 706 1946 edicto:
745 1909 919 1960 siquidem
953 1910 1086 1946 statuit
1124 1911 1218 1946 citra
1253 1908 1368 1947 ullam
1406 1908 1585 1946 hominum

109 1964 248 2003 caedem
285 1963 518 2015 Paganorum
554 1965 685 2017 templa
722 1966 856 2004 claudi.
924 1966 1045 2004 Extat
1078 1965 1320 2004 Constitutio
1360 1964 1586 2004 Constantii

110 2021 213 2073 Imp.
242 2033 320 2072 qua
350 2021 526 2074 idipsum
556 2022 714 2071 sanxit,
741 2023 783 2060 in
813 2023 904 2073 Leg.
925 2036 981 2061 m.
1013 2022 1110 2061 Cod.
1141 2021 1294 2061 Theod.
1325 2021 1375 2060 de
1405 2021 1586 2073 Paganis.

226 2080 320 2128 Pag.
350 2078 444 2121 561.
479 2083 544 2120 11.
605 2077 858 2131 Κατέλυσεν]
889 2078 1034 2117 Iisdem
1064 2079 1197 2118 verbis
1223 2077 1325 2118 haec
1345 2078 1469 2118 habet
1486 2078 1586 2116 Pro-

111 2147 204 2186 sper
244 2134 485 2173 pithoeanus
521 2148 626 2174 anno
661 2148 742 2178 vm,
782 2135 962 2187 ejusdem
998 2134 1234 2175 Theodosii:
1282 2136 1392 2188 Apud
1427 2136 1589 2174 Alexan·

111 2192 230 2231 driam
257 2192 388 2243 templa
417 2192 619 2242 destructa,
656 2194 694 2230 in
730 2195 858 2245 quibus
887 2193 1037 2244 Serapis
1064 2195 1350 2244 antiquissimum
1383 2197 1417 2230 et
1444 2195 1590 2231 notissi-

110 2262 205 2287 mum
242 2248 428 2299 templum,
469 2250 561 2300 quod
598 2251 704 2300 quasi
729 2250 902 2301 quaedam
930 2249 1091 2287 columna
1120 2251 1226 2301 quasi
1253 2253 1408 2288 ruentem
1436 2252 1588 2288 sustine-

111 2306 175 2344 bat
203 2304 460 2344 idololatriam.
519 2304 619 2344 Vide
660 2307 815 2347 Socrat.
854 2305 922 2343 lib.
945 2311 991 2344 Ὗ.
1023 2319 1110 2358 cap.
1138 2319 1225 2347 xvx.
1256 2319 1352 2345 xvn.
1380 2309 1588 2345 Sozomen.
1627 2340 1630 2342 ,

111 2362 182 2400 lib.
212 2375 279 2400 vn.
310 2375 397 2413 cap.
428 2375 496 2400 xv.
526 2375 627 2402 xxn.
656 2375 770 2401 xx1x.
801 2360 1031 2413 Theophan.
1062 2376 1125 2402 an.
1149 2358 1237 2401 xm(
1265 2369 1341 2401 etc.
1398 2362 1589 2402 Theodo-

114 2419 162 2458 sii
193 2419 420 2471 exemplum
450 2418 594 2457 exinde
622 2426 783 2458 secutus
813 2425 873 2458 est
900 2418 1106 2458 Honorius
1135 2419 1251 2458 filius.
1308 2421 1478 2459 Sanctus
1510 2422 1588 2457 Au·

115 2476 297 2527 gustinus
329 2475 398 2516 lib.
429 2489 543 2515 xvm.
578 2476 629 2514 de
658 2476 828 2515 Civitate
861 2475 931 2513 Dei
960 2489 1048 2528 cap.
1078 2477 1152 2516 ult.
1192 2475 1239 2515 In
1267 2479 1415 2516 civitate
1442 2479 1590 2516 notissi-

116 2546 176 2571 ma
203 2536 238 2571 et
263 2534 537 2572 eminentissima
565 2533 789 2584 Carthagine
816 2531 946 2584 Africa
974 2533 1203 2571 Gaudentius
1225 2537 1259 2572 et
1284 2534 1411 2572 Jovius
1440 2534 1590 2573 Comites

117 2588 346 2641 Imperatoris
371 2589 526 2629 Honorii
553 2603 637 2629 mv.
663 2591 751 2630 Kal.
773 2590 892 2642 April.
910 2603 1003 2628 anno
1033 2603 1213 2630 cccxc1x.
1230 2589 1411 2642 falsorum
1437 2591 1590 2636 Deorum
1613 2596 1646 2629 V
1669 2595 1739 2634 498

115 2647 244 2697 templa
276 2651 488 2696 everterunt,
518 2651 551 2687 et
579 2648 772 2686 simulacra
792 2647 991 2699 fregerunt.
1049 2646 1202 2685 Idatius
1232 2646 1319 2685 eod.
1351 2661 1477 2686 anno:
1514 2647 1588 2686 His

119 2701 213 2741 Coss.
244 2703 394 2741 Manlio
422 2710 462 2742 et
490 2703 724 2753 Theodoro,
754 2704 885 2756 templa
904 2703 1094 2754 gentilium
1121 2702 1288 2742 demolita
1307 2709 1409 2753 sunt,
1438 2704 1589 2743 Joviano

118 2762 153 2797 et
194 2760 397 2798 Gaudentio
434 2761 637 2800 Comitibus.
695 2762 745 2800 Et
781 2761 888 2802 idem
929 2761 1101 2812 Prosper
1137 2773 1241 2798 anno
1274 2773 1326 2798 ιν.
1358 2761 1517 2799 Arcadii
1548 2768 1590 2801 et

119 2814 307 2855 Honorii:
343 2816 434 2855 Toto
459 2818 537 2856 orbe
564 2818 726 2857 Romano
752 2821 923 2869 antiquae
950 2818 1206 2869 superstitionis
1215 2816 1328 2867 sana,
1356 2818 1496 2870 templa,
1529 2818 1589 2857 de-

120 2872 247 2923 lubra,
285 2875 319 2912 si
355 2886 446 2926 quae
482 2876 558 2914 tum
584 2876 765 2915 restabant
791 2877 953 2925 integra,
994 2878 1177 2928 praecepto
1204 2872 1494 2925 Magistratuum
1525 2875 1588 2914 de-
