1884 3262
458 187 519 231 IN
553 168 893 237 cimombon
912 187 1200 231 PAscfflLE.
1454 187 1563 236 ‚333

93 314 168 341 nus
197 305 409 349 venerant,
449 311 542 339 cum
572 298 762 339 Chronici
790 299 905 338 locus
933 298 1066 339 editus
1095 304 1178 349 est,
1217 295 1395 349 alioquin
1427 309 1563 336 emen-

93 358 229 397 datum
245 367 247 370 ·
262 355 521 396 dedissemus.

205 412 303 480 Pag·
332 413 429 457 480.
461 416 526 455 11.
589 411 640 452 Y‘
639 409 710 463 ος]
750 411 874 450 Filius
913 411 1127 464 adoptivus
1164 413 1203 450 in
1230 410 1419 496 familiam
1455 414 1563 463 atque

92 470 282 522 Imperium
309 471 492 518 adscitus,
521 475 567 507 ut
594 468 777 536 lotlluitur
804 468 944 508 Victor
973 468 1141 508 schotti.

204 525 424 577 Pag.48o.
456 524 520 568 14.
579 529 758 578 Μαρκου
786 521 1015 578 Λυρηλίου,
1056 523 1160 576 etc.]
1205 524 1294 562 Hoc
1328 524 1422 562 loco
1460 523 1562 562 mire

91 582 256 622 turbant
284 583 416 633 Fasti,
447 596 494 628 ac
523 582 695 635 primum
726 581 770 620 hi
800 595 903 633 quos
933 581 984 620 ad
1014 594 1179 620 examen
1207 594 1466 619 revocamus.
1495 593 1565 618 ne-

91 653 170 692 que
199 641 314 678 enim
330 640 448 688 Pius,
484 640 545 677 uti
579 652 687 679 mors
715 638 825 677 illius
856 637 924 677 hic
952 639 1227 690 consignatur,
1269 637 1371 676 obiit
1397 637 1564 676 'Bradua

91 701 126 735 et
163 696 261 744 Vero,
291 697 359 735 sed
388 696 447 737 M.
476 697 621 735 Aurelio
647 697 826 734 Antonino
844 709 905 733 ιιι.
936 699 969 733 et
995 695 1044 732 L.
1067 695 1208 734 Aurelw
1224 708 1269 732 11.
1300 695 1394 736 Coss.
1438 693 1563 741 Quin-

91 753 211 792 etiam
241 753 394 792 fallitur
423 753 586 802 Auctor,
615 751 725 804 quod
754 751 923 791 eundem
953 752 1213 790 Consulatum
1238 764 1331 789 cum
1360 764 1467 790 nona
1495 750 1565 788 In·
1611 758 1613 760 ’

90 810 267 850 dictione
297 809 431 848 statim
470 815 648 862 repetat,
687 808 756 860 qui
785 808 890 847 idem
930 821 1021 847 cum
1054 809 1241 861 proximo
1277 807 1367 847 fuit.
1421 807 1560 858 Neque

88 867 197 906 solus
224 866 335 905 hunc
362 879 536 905 errorem
568 865 734 905 erravit:
778 879 868 904 nam
898 865 1092 918 Prosper.
1130 864 1333 903 Victorius
1363 869 1403 902 et
1431 864 1561 902 Sena-

88 929 155 963 tor
183 937 234 962 ex
274 922 392 962 unico
433 923 654 961 Consulatu
693 929 774 962 tres
815 922 1043 970 confecere,
1082 921 1157 960 hac
1195 921 1352 959 scilicet
1389 920 1558 968 ratione,

87 986 184 1033 post
212 980 470 1018 Consulatum
500 979 679 1018 Braduae
709 986 750 1019 et
777 979 886 1019 Veri.
943 979 1003 1018 Ac
1032 951 1202 1031 Prosper
1235 977 1416 1030 quidem:
1446 977 1560 1015 Anto-

86 1039 168 1076 nino
188 1051 250 1075 111.
282 1041 316 1075 et
343 1037 488 1076 Aurelio
515 1050 578 1079 111.
609 1035 784 1086 deinde,
830 1036 874 1075 P.
905 1035 944 1077 C.
973 1037 1146 1075 Antonini
1170 1048 1227 1074 111.
1257 1039 1291 1073 et
1322 1033 1465 1072 Aurelii
1490 1046 1556 1073 ιιι.
1581 1033 1614 1068 V
1639 1031 1709 1070 458

86 1094 317 1142 Postremo,
362 1093 510 1132 Duobus
544 1094 743 1144 Augustis,
792 1092 841 1130 ad
881 1093 1052 1132 alterum
1088 1092 1348 1131 Consulatum
1390 1096 1561 1129 mortem

87 1150 147 1190 Pii
172 1156 348 1190 revocat.
405 1150 610 1189 Victorius
639 1156 771 1189 autem
801 1156 841 1187 et
865 1150 1035 1188 Senator
1062 1149 1146 1188 ita:-
1184 1149 1361 1187 Antonino
1388 1160 1428 1187 v.
1459 1147 1560 1198 (leg.

46 1247 49 1251 ,
86 1205 180 1259 ιιι.)
210 1211 244 1245 et
271 1208 419 1246 Aurelio
446 1205 745 1260 111.(leg.11.)
777 1205 942 1257 deinde,
971 1207 1149 1245 Antonino
1177 1219 1232 1244 w.
1262 1210 1302 1244 et
1328 1204 1475 1243 Aurelio
1501 1216 1559 1244 ιν.

87 1264 158 1303 ubi
183 1264 276 1303 loco
305 1264 419 1302 istius
450 1263 710 1312 Consulatus,
748 1263 917 1301 Senator
954 1268 994 1301 et
1029 1262 1192 1314 quidam
1232 1260 1358 1300 codd.
1386 1259 1561 1300 Victorii

85 1320 260 1371 habent,
293 1323 335 1361 Ρ
366 1321 405 1360 C.
430 1321 604 1359 Antonini
631 1333 670 1359 v.
701 1324 735 1358 et
761 1320 904 1358 Aurelii
927 1333 989 1359 m.
1046 1319 1207 1358 Tertius
1236 1318 1397 1356 demum
1428 1330 1479 1356 ex
1510 1316 1560 1355 iis

87 1378 326 1417 Consulatus
364 1376 424 1415 sic
465 1376 724 1415 describitur.
767 1376 916 1414 Duobus
942 1376 1132 1425 Augustis.
1190 1374 1269 1414 Sed
1295 1374 1446 1414 hancce
1473 1372 1560 1411 hal-

39 1459 42 1462 *
87 1434 372 1474 lucinationem
411 1433 625 1473 emendant
664 1447 747 1473 non
787 1432 909 1471 modo
946 1432 1057 1470 Fasti
1092 1431 1319 1482 Savilliani‚
1368 1430 1436 1483 qui
1484 1428 1560 1469 hos

86 1497 168 1531 tres
204 1491 443 1530 Consulatus
480 1491 522 1529 in
563 1490 723 1529 unicum
760 1489 994 1535 conferunt,
1033 1489 1206 1527 Antonini
1231 1502 1295 1527 111.
1336 1491 1370 1527 et
1407 1487 1489 1526 Veri
1513 1500 1558 1525 11.

88 1548 158 1587 sed
188 1554 228 1588 et
259 1547 365 1586 Fasti
393 1546 584 1594 Idatiani,
613 1547 655 1585 in
685 1546 831 1598 quibus
859 1545 894 1584 is
921 1546 978 1584 ita
1008 1546 1289 1597 consignatur:
1317 1545 1492 1583 Antonino
1518 1556 1559 1585 v.

89 1606 188 1656 (leg.
214 1600 292 1656 ιιι.)
323 1609 357 1643 et
384 1605 528 1643 Aurelio
559 1604 709 1643 Caesare
735 1603 871 1641 duobus
897 1605 1083 1653 Augustis.
1143 1602 1305 1654 Quippe
1334 1606 1429 1653 post
1453 1614 1560 1639 mor-

85 1668 169 1702 tem
198 1662 257 1701 Pii
290 1661 343 1700 Μ.
372 1661 596 1700 Antoninus
631 1675 656 1699 a
687 1660 827 1699 Senatu
859 1664 1001 1698 coactus
1029 1663 1082 1698 est
1109 1661 1263 1709 regimen
1285 1659 1467 1710 publicum
1497 1670 1560 1695 σα.

83 1732 189 1772 pere,·
225 1718 295 1770 qui
333 1718 494 1769 quidem
525 1717 682 1769 fratrem
720 1719 792 1756 sibi
823 1719 1036 1767 participem
1074 1718 1114 1754 in
1151 1715 1303 1767 Imperio
1340 1715 1559 1764 designavit,

87 1789 189 1827 quem
214 1775 368 1814 Lucium
391 1774 590 1813 Aurelium
636 1775 759 1813 Verum
799 1773 1020 1812 Commodum
1056 1773 1276 1825 appellavit,
1310 1771 1560 1822 Caesaremque

85 1837 193 1884 atque
228 1832 428 1882 Augustum
468 1831 585 1869 delcit.-
621 1835 728 1883 atque
766 1843 811 1868 ex
852 1844 891 1869 eo
916 1832 1056 1881 pariter
1085 1834 1265 1881 coeperunt
1291 1828 1558 1880 Rempublicam

85 1901 228 1940 gerere,
261 1893 415 1940 tuncque
436 1890 591 1939 primum
618 1888 859 1926 Romanorum
887 1886 1077 1939 Imperium
1106 1887 1193 1925 duos
1220 1886 1403 1936 Augustos
1430 1885 1557 1923 habere

87 1948 207 2010 coepit.
263 1945 324 1984 Ita
349 1944 607 1997 Capitolinus.
667 1945 840 1983 Galenus
869 1943 938 1981 lib.
968 1943 1162 1982 adversus
1190 1942 1283 1981 illos
1313 1941 1382 2010 qui
1412 1940 1461 1979 de
1478 1941 1559 1992 Ty-

85 2003 150 2056 pis
188 2007 228 2041 et
265 2001 445 2042 Periodis
494 2001 765 2070 scripserunt.
812 1995 1070 2052 Μεθεστήκει
1099 1997 1186 2066 μὲν
1237 1998 1278 2048 ἐξ
1323 1993 1557 2067 ἅνθρωπων

89 2059 252 2131 ἔναγχος
290 2062 546 2107 Αντωνῐνος,
596 2057 621 2100 ὁ
662 2053 742 2112 μετ’
779 2054 983 2127 Αδριανόν
1016 2051 1231 2110 γενόμενος
1267 2050 1554 2120 Αὐτοκράτωρ·

85 2111 208 2169 ἦρχεν
245 2113 289 2156 δὲ
324 2111 415 2157 τότε
449 2117 656 2169 Σεβῆρος,
699 2111 842 2156 ἓαυτὸν
880 2111 955 2166 μὲν
993 2117 1230 2154 Αντωνῖνον
1269 2123 1556 2164 μετονομασας,

88 2173 146 2221 εἰς
175 2170 218 2213 δὲ
244 2175 318 2224 τῆς
349 2168 477 2225 ἅρχῆς
515 2172 736 2212 κοινωνίαν
771 2167 1012 2223 προσλαβων
1039 2167 1245 2217 Λούκιον,
1289 2167 1357 2209 καὶ
1393 2182 1558 2221 μετονο-

88 2225 219 2284 μάσας
249 2229 448 2282 Σεβῆρον.
490 2229 569 2267 Sed
600 2242 678 2281 pro
705 2228 892 2280 Σεβῆρον
920 2225 1137 2278 utrobique
1166 2224 1374 2276 legendum
1405 2226 1554 2277 Βῆρον,

87 2300 139 2325 ex
164 2285 395 2338 Capitolino
425 2285 520 2324 satis
549 2290 680 2337 patet,
717 2290 756 2323 et
783 2284 873 2336 ipso
904 2282 1055 2322 Galeno
1085 2282 1155 2320 lib.
1185 2282 1234 2320 de
1261 2281 1430 2334 Scriptis
1458 2281 1556 2331 suis,

89 2342 159 2382 ubi
189 2342 238 2381 de
266 2342 427 2381 Marco.
466 2339 512 2390 ὃς
543 2341 717 2382 ἐκαλεῖτο
748 2338 820 2392 μὲν
849 2339 890 2388 ἐξ
919 2335 1044 2406 αρχῆς
1071 2341 1236 2407 Βῆρος·
1271 2337 1357 2380 ἐπεὶ
1387 2335 1430 2379 δὲ
1459 2341 1554 2378 Λν-

87 2403 254 2448 τωνῖνος
294 2398 319 2440 o‘
358 2414 456 2452 μετα
483 2414 554 2439 τον
583 2395 785 2452 Αδριανὸν
810 2394 937 2466 αρξας
960 2392 1154 2463 διάδοχον
1184 2390 1309 2436 αυτόν
1338 2394 1453 2436 ἔθετο
1481 2397 1554 2446 τῆς

90 2451 235 2522 αρχῆς,
282 2453 349 2496 τὸν
400 2453 472 2508 μὲν
520 2454 768 2524 ἔμπροσθεν’
797 2448 1095 2506 ονομαζόμενον
1131 2448 1315 2493 Λούκιον
1355 2448 1554 2492 κοινωνὸν

89 2509 325 2564 ἐποιήσατο,
365 2511 533 2560 καλέσας
559 2515 719 2564 Βῆρον,
749 2507 892 2551 ἑαυτὸν
921 2507 965 2550 δὲ
997 2505 1278 2562 μετωνόμασεν
1305 2511 1554 2550 Αντωνῖνον.

90 2569 321 2620 Spartianus
359 2569 402 2607 in
439 2569 578 2608 eodem
615 2569 742 2618 Vero,
787 2567 830 2606 in
875 2565 1042 2606 eandem
1086 2565 1322 2606 sententiam
1363 2564 1556 2630 scribens,-

99 2625 227 2674 Venu,
250 2625 404 2678 inquit,
435 2631 524 2664 certe
551 2638 630 2664 cum
659 2625 788 2664 Marco
816 2624 965 2677 aequale
992 2626 1102 2675 gessit
1130 2623 1343 2675 Imperium.-
1371 2633 1454 2659 nam
1482 2621 1556 2672 ipsi

91 2685 174 2720 sunt
202 2685 264 2732 qui
284 2684 394 2748 primi
421 2683 491 2721 duo
515 2683 676 2733 Augusti
701 2681 874 2733 appellati
899 2684 1004 2730 sunt,
1044 2684 1078 2719 et
1116 2693 1260 2731 quorum
1297 2674 1421 2716 Fastis
1461 2676 1554 2716 Con-

92 2738 269 2776 sularibus
305 2741 356 2776 sic
389 2742 531 2778 nomina
564 2740 875 2791 praescribuntur,
912 2741 955 2775 ut
992 2711 1164 2776 :licuntur
1201 2750 1268 2774 non
1303 2737 1444 2772 tantum
1483 2733 1554 2772 duo

92 2795 279 2843 Antonini,
311 2794 371 2832 sed
399 2795 468 2833 duo
495 2796 676 2846 Augusti.-
713 2799 919 2846 tantumque
946 2794 1054 2845 hujus
1081 2796 1135 2832 rei
1160 2794 1299 2830 novitas
1326 2794 1360 2828 et
1388 2790 1552 2840 dignitas

92 2851 228 2901 valuit,
263 2854 305 2889 ut
331 2850 439 2890 Fasti
466 2846 673 2892 Consulares
700 2851 859 2891 nonnulli
885 2852 932 2889 ab
960 2850 1016 2889 his
1044 2853 1213 2889 sumerent
1244 2847 1427 2888 exordium
1455 2846 1552 2886 Con-
