1884 3262
661 630 1155 709 POSATERITATI.
1634 618 1710 699 3}

408 769 1341 860 PRAEFATJQ

810 907 898 942 UB
925 907 942 942 Ι

140 991 244 1048 DE
300 990 678 1053 AUCTORE
732 997 1100 1057 CHRONICI
1149 999 1609 1069 PASCHALIS,

293 1125 776 1186 CAETERISQUE
805 1133 1254 1177 PASCHALIUM
1282 1136 1461 1178 APUD

433 1211 755 1255 GRAECOS
791 1212 1324 1257 CONDITORIBUS.

135 1429 168 1469 Ι.
208 1396 414 1481 „Singuli
450 1430 612 1468 Patrum
649 1429 798 1468 librum
845 1429 1016 1482 aliquem
1059 1430 1305 1481 exposituri,
1364 1430 1468 1468 sicut
1509 1429 1817 1472 ratioPraefatio—

134 1486 280 1537 exigit,
310 1486 360 1524 de
384 1493 546 1525 auctore
571 1492 611 1524 et
630 1486 792 1524 materia
812 1486 919 1538 ejus,
947 1486 1187 1537 intentione,
1219 1500 1336 1525 causa
1358 1492 1396 1525 et
1413 1486 1544 1537 titulo,
1575 1493 1613 1525 et
1623 1494 1703 1517 1111111
1722 1493 1813 1516 115115·

134 1543 168 1580 si
195 1543 394 1594 quaepalia
414 1549 507 1581 sunt
525 1555 624 1594 quae
645 1542 897 1581 auditoribus
914 1549 954 1581 et
979 1542 1197 1582 lectoribus
1227 1543 1442 1582 faciliorem
1463 1543 1613 1582 intelli-

134 1599 304 1650 gentiam
327 1599 528 1651 sequentis
551 1599 685 1652 operis
705 1605 965 1651 praeparent,
998 1599 1038 1636 in
1058 1599 1293 1638 tractatibus
1318 1600 1400 1637 suis
1426 1600 1612 1651 praemit-

134 1661 218 1695 tere
238 1662 542 1695 consueverunt.
599 1656 651 1694 Et
674 1654 774 1694 haec
793 1655 950 1707 quidem
968 1654 1102 1694 habita
1122 1657 1277 1695 ratione
1298 1656 1377 1694 loci
1400 1662 1440 1693 et
1458 1663 1611 1708 tempo-

131 1712 211 1762 ris,
240 1719 279 1751 et
295 1726 434 1751 eorum
464 1713 515 1751 ad
536 1725 636 1763 quos
661 1726 790 1751 sermo
820 1712 1027 1763 dirigitur,
1059 1718 1105 1750 ut
1124 1712 1175 1750 ad
1209 1713 1380 1751 sormam
1399 1713 1610 1763 Evangeli-

133 1782 203 1807 cae
224 1766 504 1820 institutionis,
533 1769 704 1808 familiae
727 1769 887 1807 Domini
912 1782 1139 1808 mensuram
1158 1769 1234 1808 cibi
1254 1769 1438 1807 salutaris
1462 1783 1610 1822 oppor-

131 1832 228 1864 tune
249 1826 488 1878 dispensent.
545 1826 666 1874 Nam,
698 1832 743 1864 ut
763 1827 818 1865 ait
839 1825 1062 1875 Palladius,
1091 1839 1233 1877 magna
1254 1840 1346 1878 pars
1371 1825 1608 1878 prudentiae

132 1888 191 1920 est
210 1883 392 1921 consulta
409 1884 562 1922 ratione
580 1896 789 1935 personam
815 1883 922 1921 illius
941 1883 1010 1934 qui
1027 1883 1168 1921 scribit
1184 1882 1436 1935 permetiri.“
1490 1882 1610 1921 Hisce

132 1952 184 1978 ex
212 1939 360 1978 Joanne
393 1939 671 1978 Sarisberiensi
695 1937 759 1994 1),
800 1939 1024 1991 praemissis
1052 1939 1102 1979 de
1126 1939 1464 1985 Praefationibus,
1510 1952 1608 1991 quas

130 1993 270 2044 λαλιὰς
302 1993 525 2050 ἐπιγραφεὶς
550 2002 671 2034 vocat
702 1995 951 2048 Epiphanius
980 1995 1050 2049 2),
1090 2010 1288 2048 quasque,
1327 2002 1373 2035 ut
1403 1995 1510 2033 idem
1539 1996 1608 2045 ait,

130 2052 241 2090 libris
273 2053 355 2091 suis
388 2053 642 2105 praemittere
667 2053 845 2092 solebant
873 2052 1036 2092 παλαιοὶ
1066 2052 1506 2107 συγγραφεῖς“,-(]ιιί1)υε
1541 2049 1610 2092 διὰ

133 2109 364 2162 αἰνίγματος
392 2107 603 2160 ὖπόφασιν
642 2108 847 2150 ἐδείκνυον
873 2105 1006 2161 πάσης
1034 2108 1304 2161 ὑποκειμένης
1324 2109 1607 2162 πραγματείας,

130 2166 326 2204 neminem
356 2180 438 2204 esse
469 2166 662 2216 arbitror,
707 2165 776 2217 qui
802 2166 1034 2218 priusquam
1066 2166 1117 2204 ad
1153 2166 1320 2218 hujusce
1359 2165 1606 2217 Πασχαλίου,

131 2235 199 2260 seu
219 2222 421 2261 Paschalis
440 2222 624 2261 Chronici
640 2252 650 2270 ,
681 2221 789 2274 quod
813 2222 922 2275 typis
942 2222 1073 2273 Regiis
1093 2222 1251 2275 prodit,
1280 2222 1491 2260 lectionem
1517 2221 1607 2272 qui-

130 2279 193 2317 vis
211 2279 398 2329 accedat,
435 2293 515 2318 non
538 2280 712 2318 fateatur
734 2279 839 2317 ultro
859 2279 1030 2331 pretium
1049 2293 1131 2317 esse
1149 2292 1315 2331 operae,
1354 2286 1401 2316 ut
1421 2292 1501 2316 non
1521 2292 1605 2316 mo-

131 2335 182 2373 do
203 2349 304 2387 quae
333 2350 420 2374 sors
450 2336 558 2374 illius
580 2336 722 2384 fuerit,
766 2342 853 2373 tum
871 2335 970 2387 quid
997 2336 1039 2373 in
1066 2335 1142 2373 hac
1172 2335 1343 2374 editione
1366 2335 1602 2387 praestitum

130 2391 182 2429 sit
205 2399 463 2443 agnoscatur·,
492 2392 562 2432 sed
583 2393 699 2432 etiam
717 2398 763 2429 ut
785 2393 957 2430 auctoris
974 2406 1138 2441 nomen,
1167 2393 1233 2431 vel
1259 2393 1393 2431 saltem
1412 2405 1514 2443 quae
1534 2405 1606 2443 pa-

128 2448 227 2497 tria,
255 2450 307 2487 sit
335 2449 384 2488 de
403 2455 577 2501 utroque
607 2456 760 2498 tamen,
791 2449 899 2500 quod
922 2448 1114 2487 hactenus
1137 2449 1427 2502 inexploratum
1459 2454 1603 2496 manet,

129 2504 335 2557 quidpiam
356 2506 494 2545 resciri
517 2507 663 2558 possit,
705 2505 813 2557 quod
840 2505 974 2558 operis
996 2512 1290 2557 argumentum,
1320 2506 1481 2557 quodve
1500 2504 1603 2543 libro

129 2561 270 2600 lemma
295 2563 443 2615 apponi
474 2563 672 2612 debuerit,
705 2562 844 2601 sedulo
873 2562 1121 2614 inquiratur:
1152 2577 1254 2615 quae
1276 2562 1436 2616 quidem
1466 2561 1506 2599 in
1527 2560 1603 2598 hac

129 2618 374 2659 Praefatione
390 2633 466 2672 pro
488 2619 594 2660 virili
612 2618 874 2659 examinanda
897 2619 1154 2672 suscepimus,

175 2807 216 2872 ἑ)
240 2807 458 2863 Epist-172.

202 2854 221 2898 )
244 2854 283 2888 ln
305 2854 420 2901 Epist.
443 2854 489 2889 ad
512 2854 694 2898 Acacium,
729 2859 765 2890 et
786 2856 882 2891 Paul.
907 2856 1028 2891 Presb.
