1884 3262
268 294 274 302 s
335 234 401 281 50
850 225 1264 269 PRAEFATIO.

336 344 508 394 idatius,
555 355 645 382 cum
671 341 888 381 decessisse
924 342 1080 394 legatur
1107 340 1238 379 Leone
1267 338 1321 378 M.
1353 338 1594 391 imperante,
1635 338 1676 376 in
1702 350 1803 389 quae

337 402 442 440 cadit
471 400 666 439 secundus
699 397 897 437 Anthemii
925 399 1183 445 Consulatus,
1214 395 1283 447 qui
1315 401 1373 433 est
1399 409 1523 434 annus
1547 394 1692 433 Christi
1713 395 1803 432 vul-

337 460 441 509 garis
475 469 668 495 anxvm.
703 468 782 506 quo
814 455 954 505 etiam,
993 455 1059 494 vel
1095 458 1203 491 certe
1240 453 1442 503 sequenti,
1476 452 1654 504 ejusdem
1687 449 1804 489 Idatii
1864 451 1871 478 '-

339 514 563 553 Chronicon
588 511 738 551 finitur.
797 511 909 550 Adde
936 512 1043 563 quod
1069 510 1288 561 Hispanum
1315 509 1436 547 fuisse
1465 507 1671 546 Fastorum
1702 507 1804 544 isto—
1866 519 1868 546 ἰ

337 585 426 610 rum
443 571 700 620 scriptorem,
731 568 795 605 vel
819 581 867 606 ex
894 582 940 607 eo
972 567 1194 618 colligitur,
1226 566 1334 617 quod
1365 578 1476 603 aerae
1498 563 1733 616 Hispanicae
1753 562 1802 600 ab
1868 563 1881 618 ’ᾗ

340 627 424 679 ejus
451 626 564 664 initio
597 625 639 662 in
667 625 908 674 marginibus
938 630 1140 677 perpetuo·
1162 623 1211 660 iis
1242 622 1508 670 ascribantur,
1549 633 1647 672 quas
1687 618 1804 658 etiam
1871 628 1877 667 Q:

336 682 536 721 interdum
564 680 726 720 adhibet
757 681 901 719 [datius
932 682 970 719 in
993 679 1202 718 Chronica
1259 679 1413 717 Horum
1443 684 1572 716 autem
1592 675 1804 715 editionem
1870 676 1882 721 l*

339 755 359 777 a
380 739 536 776 Labbeo
553 738 773 776 consectam
807 751 896 775 cum
926 737 1063 776 eodem
1098 749 1177 787 quo
1200 749 1296 773 usus
1324 741 1384 773 est
1411 734 1574 784 codice,
1602 745 1723 784 quem
1742 731 1804 770 vir
1851 748 1877 771 ιι..

337 795 592 832 doctissimus
614 794 782 831 Joannes
805 794 1033 832 Harduinus
1054 793 1169 831 nobis
1189 791 1516 840 communicavit,
1547 788 1804 838 contulimus,

336 858 377 890 et
409 851 646 903 quamplura
678 863 727 888 ex
763 864 809 889 eo
852 849 1169 898 emendavimus,
1210 862 1300 887 cum
1329 854 1459 886 essent
1477 859 1619 899 parum
1640 844 1721 883 fida
1738 844 1805 882 vel

338 913 524 945 accurata
549 920 667 945 manu
691 906 910 959 descripta:
942 906 1086 958 quibus
1119 906 1235 943 etiam
1254 905 1386 943 varias
1413 904 1601 942 lectiones
1627 900 1804 954 ejusdem

333 963 516 1002 laterculi
546 963 793 1012 Consularis,
825 977 940 1013 quem
971 962 1096 1000 edidit
1116 962 1314 1000 Arnaldus
1346 962 1541 999 Pontacus
1568 964 1662 1011 post
1679 957 1808 996 Chro-

337 1021 455 1058 nicon
482 1019 642 1058 Eusebii
669 1033 718 1056 ex
751 1019 874 1058 Codd.
907 1018 1082 1057 Fuxensi
1115 1026 1155 1057 et
1181 1019 1245 1056 Fr.
1274 1017 1446 1066 pithoei,
1479 1015 1549 1067 qui
1578 1014 1739 1066 quidem
1764 1013 1806 1051 in

337 1089 483 1114 annum
504 1077 700 1113 duntaxat
720 1075 863 1114 Christi
886 1089 923 1115 L.
948 1075 1111 1124 desinit,
1142 1074 1387 1123 addidimus,
1418 1073 1572 1111 tametsi
1599 1071 1641 1109 in
1665 1069 1807 1122 pleris-

338 1146 415 1183 que
445 1132 663 1170 mendosas.
730 1132 814 1170 Hos
850 1138 979 1170 autem
1016 1131 1079 1170 vel
1118 1131 1264 1169 similes
1291 1132 1451 1177 Festos,
1493 1143 1514 1166 a
1543 1127 1686 1179 quibus
1711 1139 1805 1164 suos

334 1188 468 1226 hausit
489 1188 660 1238 idatius,
690 1188 838 1227 vidisse
859 1195 927 1227 aut
948 1194 1128 1227 secutum
1157 1188 1276 1226 fuisse
1298 1185 1588 1239 Epiphanium‚
1615 1190 1735 1235 atque
1761 1188 1808 1220 ut

219 1252 313 1288 V32
340 1258 436 1283 mox
464 1244 661 1293 diximus,
693 1251 894 1282 auctorem
924 1243 1140 1293 Paschalii,
1177 1244 1241 1282 vel
1271 1244 1366 1282 inde
1397 1243 1606 1290 docemur,
1637 1239 1743 1292 quod
1765 1239 1809 1276 in

334 1301 576 1339 Consulibus
615 1300 889 1349 recensendis,
930 1301 1013 1338 sere
1045 1313 1203 1351 semper
1232 1311 1322 1338 cum
1351 1299 1400 1337 iis
1435 1298 1668 1345 concinant,
1708 1296 1807 1334 adeo

334 1363 380 1395 ut
401 1357 551 1395 Idatius
584 1362 624 1394 et
652 1357 756 1395 idem
788 1358 962 1408 scriptor
987 1356 1180 1407 quosdam
1209 1369 1259 1394 ex
1283 1355 1520 1393 Consulibus
1549 1353 1723 1392 insititiis
1743 1347 1808 1390 re-x

337 1419 543 1462 censeant,
576 1413 683 1463 quod
714 1412 882 1450 subinde
911 1413 951 1450 in
983 1413 1094 1450 Notis
1128 1412 1374 1461 indicamus,
1416 1410 1652 1461 eosdemque
1690 1409 1808 1447 etiam

335 1469 522 1507 omittant
552 1469 763 1508 Consules:
803 1469 872 1507 sed
900 1475 940 1507 et
970 1469 1077 1519 quod
1102 1469 1143 1507 in
1163 1468 1469 1507 Nomenclatura
1487 1467 1704 1504 Consulum
1726 1466 1808 1503 Ro-

335 1538 545 1564 manorum
574 1525 647 1563 sub
679 1538 825 1563 annum
855 1539 914 1565 111.
953 1525 1202 1577 Olympiadis
1227 1538 1396 1564 Lxxxnt.
1427 1523 1601 1575 scriptor
1625 1521 1809 1561 Chronioi

335 1582 469 1620 tradat
499 1594 545 1619 eo
577 1595 679 1619 anno
706 1588 909 1633 Αρχοντας
940 1583 1148 1634 Ρωμαίους
1177 1588 1263 1620 tum
1293 1582 1464 1632 primum
1492 1579 1686 1632 appellari
1717 1591 1810 1617 coe-

334 1637 442 1689 pisse
465 1635 529 1692 l),
572 1637 678 1688 quod
715 1638 926 1689 ipsummet
959 1652 1032 1690 per
1069 1651 1230 1689 vocem,
1277 1637 1479 1686 Procnes,
1520 1635 1736 1687 exponitur
1765 1636 1808 1672 in

334 1693 483 1741 Fastis,
517 1707 615 1745 quos
643 1694 846 1732 Idatianos
870 1695 1141 1746 appellamuS,
1171 1701 1208 1733 et
1234 1694 1276 1732 in
1299 1692 1522 1732 Pithoeanis
1551 1705 1623 1730 seu
1643 1691 1806 1730 Arnaldi

336 1749 520 1798 Pontaci,
553 1750 675 1801 idque
697 1751 804 1802 apud
830 1751 963 1790 nullos
986 1752 1107 1800 alios,
1139 1751 1249 1802 quod
1280 1751 1425 1799 sciam,
1455 1761 1588 1787 rerum
1615 1750 1808 1787 Romana·
1876 1753 1884 1758 “

334 1819 423 1844 rum
454 1806 671 1857 scriptores
700 1808 938 1860 reperiatur.
1008 1808 1235 1855 Quinetiam
1275 1807 1345 1845 ubi
1386 1807 1436 1844 de
1468 1811 1594 1843 morte
1628 1804 1809 1854 Neronis,
1874 1802 1884 1846 ἐ

334 1863 392 1899 ita
423 1863 498 1901 ait:
539 1861 621 1900 His
654 1861 762 1903 Coss.
794 1863 899 1903 Nero
931 1876 1008 1902 non
1041 1864 1281 1916 comparuit,
1312 1862 1420 1914 quod
1453 1861 1571 1900 simili
1593 1861 1808 1900 locutionis
1874 1856 1884 1921 ξ

334 1918 505 1955 formula
534 1919 574 1955 in
606 1918 804 1958 Chronico
838 1919 1017 1958 Paschali
1044 1919 1235 1958 habetur:
1276 1919 1341 1960 ἐπὶ
1366 1916 1520 1959 τούτων
1542 1920 1624 1958 τῶν
1640 1914 1810 1958 ’ὑπάτων

338 1970 499 2025 ἀφανής
522 1974 671 2028 ἐγένετο
695 1976 857 2029 Νέρων,
896 1983 940 2014 ut
966 1977 1078 2014 locos
1098 1977 1251 2028 aliquot
1273 1976 1372 2014 alios
1393 1980 1660 2026 praeteream,
1692 1987 1809 2026 prae-
1870 1948 1884 2112 1

1871 1707 1884 1734 a·
1875 1674 1884 1698 a:
1874 1640 1884 1663 aa
1872 1566 1884 1630 ,ξι
1871 1448 1884 1554 π’..τΛᾺιῆ
1872 1363 1884 1432 aar..
1876 1342 1884 1350 ι
1875 1290 1884 1322 ar

338 2030 474 2068 sertim
495 2031 564 2068 ubi
583 2037 750 2083 uterque
782 2033 956 2083 scriptor
985 2033 1115 2083 attigit
1144 2039 1325 2084 tempora
1348 2030 1661 2073 Christianorum
1683 2031 1810 2083 Impe-

338 2092 529 2124 ratorum.
595 2088 673 2125 Sed
699 2103 747 2126 an
784 2089 931 2126 [datius
965 2089 1070 2140 ipse,
1107 2089 1300 2139 siquidem
1331 2088 1474 2126 horum
1504 2093 1645 2125 auctor
1669 2085 1810 2126 haberi
1870 2115 1871 2118 η

338 2142 500 2191 debeat,
532 2157 552 2180 a
581 2144 741 2183 Graecis
770 2146 832 2183 vel
867 2145 1011 2183 Latinis
1038 2145 1273 2196 quibusdam
1301 2143 1566 2196 scriptoribus
1595 2156 1690 2182 suos
1710 2142 1810 2181 han·-

339 2199 447 2248 serit,
476 2198 582 2236 haud
603 2208 832 2252 promptum
858 2208 918 2238 est
938 2201 1121 2240 definire:
1151 2202 1193 2239 id
1214 2207 1367 2240 tantum
1394 2205 1563 2250 constat,
1591 2200 1807 2248 Idatianos,

338 2260 385 2292 ut
404 2260 443 2291 et
467 2254 602 2292 fastos
623 2257 819 2295 Paschalis
841 2257 1029 2295 Chronici
1057 2259 1223 2309 pessime
1242 2258 1442 2295 interdum
1466 2270 1550 2295 esse
1572 2251 1809 2309 descriptos.
1871 2248 1884 2301 ζ(

340 2309 389 2347 At
407 2323 495 2347 cum
517 2310 715 2351 idatianos
742 2314 858 2364 longe
886 2314 967 2353 fere
997 2315 1112 2352 aliter
1143 2327 1260 2366 quam
1291 2314 1332 2351 in
1355 2313 1527 2360 ,laudato
1558 2313 1703 2352 Codice
1725 2313 1808 2360 edi·
1868 2306 1884 2342 :³⁴

338 2365 443 2404 derit
468 2366 666 2416 Labbeus‚
707 2370 817 2421 ipsos
845 2369 911 2407 hic
943 2384 1103 2409 rursum
1132 2372 1272 2408 damus
1301 2375 1424 2422 prout
1448 2370 1605 2421 jacent,
1644 2369 1722 2407 hoc
1748 2373 1810 2407 est:
1873 2340 1884 2387 Ξ

338 2435 428 2459 cum
448 2422 583 2460 naevis
606 2424 724 2475 ipsis,
759 2440 856 2476 quos
886 2427 933 2464 ad
966 2440 1130 2465 examen
1154 2439 1365 2472 revocare,
1397 2431 1436 2463 et
1456 2425 1664 2463 emendare
1681 2425 1808 2463 cuivis
1870 2419 1875 2427 '¹

339 2477 507 2516 liberum
535 2479 621 2517 erit.
680 2482 814 2532 Neque
847 2482 949 2520 enim
987 2483 1169 2522 omnibus
1198 2494 1483 2534 usquequaque
1511 2481 1725 2533 probatur,
1762 2492 1808 2520 ea
1877 2486 1884 2490 “

341 2547 459 2584 quam
489 2534 560 2572 sibi
591 2545 775 2587 arrogant
806 2539 1042 2577 immutandi
1073 2539 1231 2578 licentia
1273 2539 1315 2576 in
1350 2544 1528 2576 veterum
1566 2538 1808 2589 scriptorum
1875 2538 1884 2582 ζ’

342 2589 579 2628 editionibus
603 2592 679 2630 viri
710 2595 877 2642 eruditi,
920 2608 1017 2646 quas
1052 2601 1136 2633 tum
1168 2595 1339 2646 primum
1366 2595 1408 2631 in
1440 2595 1570 2631 lucem
1600 2595 1807 2632 emittunt:

342 2659 432 2709 cum
461 2660 510 2684 ex
542 2661 660 2698 prava
690 2649 786 2698 ista,
817 2651 874 2688 uti
904 2657 1070 2702 putant,
1102 2651 1417 2701 antiquariorum
1443 2650 1642 2701 scriptura
1667 2663 1807 2688 sanum

341 2702 448 2740 ahud
487 2703 688 2755 quidpiam
719 2719 856 2745 eruere
881 2706 1128 2746 doctioribus
1157 2720 1350 2759 persaepe
1381 2708 1601 2757 contingat,
1638 2712 1808 2758 notaque

433 2881 473 2924 ¹)
504 2880 591 2915 Vide
615 2883 726 2916 Notas
751 2895 784 2928 p.
810 2885 888 2918 511.
