<?xml version="1.0" encoding="UTF-8"?>
<!DOCTYPE html PUBLIC "-//W3C//DTD XHTML 1.0 Transitional//EN"
    "http://www.w3.org/TR/xhtml1/DTD/xhtml1-transitional.dtd">
<html xmlns="http://www.w3.org/1999/xhtml" xml:lang="en" lang="en">
 <head>
  <title>
</title>
<meta http-equiv="Content-Type" content="text/html;charset=utf-8" />
  <meta name='ocr-system' content='tesseract 3.04.00' />
  <meta name='ocr-capabilities' content='ocr_page ocr_carea ocr_par ocr_line ocrx_word'/>
</head>
<body>
  <div class='ocr_page' id='page_1' title='image "./corpusscriptorum05niebuoft_0085.png"; bbox 0 0 1884 3262; ppageno 0'>
   <div class='ocr_carea' id='block_1_1' title="bbox 268 735 1752 815">
    <p class='ocr_par' dir='ltr' id='par_1_1' title="bbox 268 735 1752 815">
     <span class='ocr_line' id='line_1_1' title="bbox 268 735 1752 815; baseline 0 -20"><span class='ocrx_word' id='word_1_1' title='bbox 268 735 814 815; x_wconf 82' lang='lat' dir='ltr'><strong>sELEcTA</strong></span> <span class='ocrx_word' id='word_1_2' title='bbox 880 737 1477 808; x_wconf 83' lang='lat' dir='ltr'><strong>QUAEDAM</strong></span> <span class='ocrx_word' id='word_1_3' title='bbox 1628 746 1752 784; x_wconf 61' lang='lat' dir='ltr'><strong>moa</strong></span> 
     </span>
    </p>
   </div>
   <div class='ocr_carea' id='block_1_2' title="bbox 1630 792 1750 830">
    <p class='ocr_par' dir='ltr' id='par_1_2' title="bbox 1630 792 1750 830">
     <span class='ocr_line' id='line_1_2' title="bbox 1630 792 1750 830; baseline 0.042 -5"><span class='ocrx_word' id='word_1_4' title='bbox 1630 792 1750 830; x_wconf 68' lang='lat' dir='ltr'><strong>V3m</strong></span> 
     </span>
    </p>
   </div>
   <div class='ocr_carea' id='block_1_3' title="bbox 828 888 910 916">
    <p class='ocr_par' dir='ltr' id='par_1_3' title="bbox 828 888 910 916">
     <span class='ocr_line' id='line_1_3' title="bbox 828 888 910 916; baseline 0.012 -1"><span class='ocrx_word' id='word_1_5' title='bbox 828 888 910 916; x_wconf 69' lang='lat' dir='ltr'><strong>An</strong></span> 
     </span>
    </p>
   </div>
   <div class='ocr_carea' id='block_1_4' title="bbox 476 987 1269 1028">
    <p class='ocr_par' dir='ltr' id='par_1_4' title="bbox 476 987 1269 1028">
     <span class='ocr_line' id='line_1_4' title="bbox 476 987 1269 1028; baseline 0.004 -2"><span class='ocrx_word' id='word_1_6' title='bbox 476 987 1269 1028; x_wconf 84' lang='lat' dir='ltr'><strong>ILLUSTR·ATIONEM</strong></span> 
     </span>
    </p>
   </div>
   <div class='ocr_carea' id='block_1_5' title="bbox 141 1099 1604 1176">
    <p class='ocr_par' dir='ltr' id='par_1_5' title="bbox 141 1099 1604 1176">
     <span class='ocr_line' id='line_1_5' title="bbox 141 1099 1604 1176; baseline 0.003 -4"><span class='ocrx_word' id='word_1_7' title='bbox 141 1099 794 1175; x_wconf 88' lang='lat' dir='ltr'>CHRONICI</span> <span class='ocrx_word' id='word_1_8' title='bbox 861 1100 1604 1176; x_wconf 87' lang='lat' dir='ltr'><strong>PASCHALIS.</strong></span> 
     </span>
    </p>
   </div>
   <div class='ocr_carea' id='block_1_6' title="bbox 582 1371 1165 1409">
    <p class='ocr_par' dir='ltr' id='par_1_6' title="bbox 582 1371 1165 1409">
     <span class='ocr_line' id='line_1_6' title="bbox 582 1371 1165 1409; baseline 0.003 -2"><span class='ocrx_word' id='word_1_9' title='bbox 582 1371 1165 1409; x_wconf 58' lang='lat' dir='ltr'>EORUMDEMINDEK</span> 
     </span>
    </p>
   </div>
   <div class='ocr_carea' id='block_1_7' title="bbox 137 1474 1632 2914">
    <p class='ocr_par' dir='ltr' id='par_1_7' title="bbox 278 1474 1104 1542">
     <span class='ocr_line' id='line_1_7' title="bbox 278 1474 1104 1542; baseline 0.004 -19"><span class='ocrx_word' id='word_1_10' title='bbox 278 1476 315 1525; x_wconf 85' lang='grc' dir='ltr'><strong>Ι.</strong></span> <span class='ocrx_word' id='word_1_11' title='bbox 349 1474 558 1542; x_wconf 79' lang='grc' dir='ltr'><strong><em>Χρόνων</em></strong></span> <span class='ocrx_word' id='word_1_12' title='bbox 580 1476 845 1541; x_wconf 79' lang='grc' dir='ltr'><strong><em>οἷρίθμησις</em></strong></span> <span class='ocrx_word' id='word_1_13' title='bbox 865 1477 944 1526; x_wconf 77' lang='grc' dir='ltr'><strong>καὶ</strong></span> <span class='ocrx_word' id='word_1_14' title='bbox 969 1474 1104 1539; x_wconf 82' lang='grc' dir='ltr'><strong><em>ὁμοές.</em></strong></span> 
     </span>
    </p>

    <p class='ocr_par' dir='ltr' id='par_1_8' title="bbox 143 1544 1615 1677">
     <span class='ocr_line' id='line_1_8' title="bbox 277 1544 1615 1610; baseline 0.003 -17"><span class='ocrx_word' id='word_1_15' title='bbox 277 1545 578 1609; x_wconf 88' lang='lat' dir='ltr'><strong>Temporum</strong></span> <span class='ocrx_word' id='word_1_16' title='bbox 611 1544 795 1608; x_wconf 85' lang='lat' dir='ltr'><strong>putatio</strong></span> <span class='ocrx_word' id='word_1_17' title='bbox 825 1558 871 1591; x_wconf 91' lang='lat' dir='ltr'><strong>et</strong></span> <span class='ocrx_word' id='word_1_18' title='bbox 894 1563 1090 1592; x_wconf 87' lang='lat' dir='ltr'><strong>summa.</strong></span> <span class='ocrx_word' id='word_1_19' title='bbox 1158 1547 1240 1593; x_wconf 89' lang='lat' dir='ltr'><strong>Ex</strong></span> <span class='ocrx_word' id='word_1_20' title='bbox 1257 1548 1511 1610; x_wconf 82' lang='lat' dir='ltr'><strong>Scaligero</strong></span> <span class='ocrx_word' id='word_1_21' title='bbox 1535 1549 1615 1598; x_wconf 83' lang='lat' dir='ltr'><em>lib.</em></span> 
     </span>
     <span class='ocr_line' id='line_1_9' title="bbox 143 1616 1389 1677; baseline 0 -14"><span class='ocrx_word' id='word_1_22' title='bbox 143 1618 322 1663; x_wconf 82' lang='lat' dir='ltr'><strong>v11.de</strong></span> <span class='ocrx_word' id='word_1_23' title='bbox 345 1617 585 1663; x_wconf 74' lang='lat' dir='ltr'><strong>emendat,</strong></span> <span class='ocrx_word' id='word_1_24' title='bbox 605 1623 749 1676; x_wconf 81' lang='lat' dir='ltr'><strong>temp</strong></span> <span class='ocrx_word' id='word_1_25' title='bbox 774 1624 823 1661; x_wconf 85' lang='lat' dir='ltr'><strong>et</strong></span> <span class='ocrx_word' id='word_1_26' title='bbox 848 1616 1154 1677; x_wconf 79' lang='lat' dir='ltr'><strong>Uranologio</strong></span> <span class='ocrx_word' id='word_1_27' title='bbox 1176 1617 1389 1664; x_wconf 79' lang='lat' dir='ltr'><strong>Petavii.</strong></span> 
     </span>
    </p>

    <p class='ocr_par' dir='ltr' id='par_1_9' title="bbox 145 1682 1617 1817">
     <span class='ocr_line' id='line_1_10' title="bbox 280 1682 1617 1770; baseline 0.002 -39"><span class='ocrx_word' id='word_1_28' title='bbox 280 1682 340 1731; x_wconf 90' lang='lat' dir='ltr'><strong>II.</strong></span> <span class='ocrx_word' id='word_1_29' title='bbox 378 1682 624 1770; x_wconf 44' lang='lat' dir='ltr'><strong>Aq&#39;iwoccu</strong></span> <span class='ocrx_word' id='word_1_30' title='bbox 633 1702 731 1732; x_wconf 87' lang='grc' dir='ltr'><strong>των</strong></span> <span class='ocrx_word' id='word_1_31' title='bbox 769 1683 1097 1745; x_wconf 80' lang='grc' dir='ltr'><strong><em>υποκειμένων</em></strong></span> <span class='ocrx_word' id='word_1_32' title='bbox 1148 1685 1451 1748; x_wconf 78' lang='grc' dir='ltr'><strong><em>κεφαλαίων,</em></strong></span> <span class='ocrx_word' id='word_1_33' title='bbox 1497 1683 1617 1734; x_wconf 78' lang='grc' dir='ltr'><strong><em>πότε</em></strong></span> 
     </span>
     <span class='ocr_line' id='line_1_11' title="bbox 145 1750 1156 1817; baseline 0.001 -16"><span class='ocrx_word' id='word_1_34' title='bbox 145 1753 225 1801; x_wconf 80' lang='grc' dir='ltr'><strong>καὶ</strong></span> <span class='ocrx_word' id='word_1_35' title='bbox 245 1754 321 1802; x_wconf 81' lang='grc' dir='ltr'><strong>ἐπὶ</strong></span> <span class='ocrx_word' id='word_1_36' title='bbox 341 1753 470 1806; x_wconf 85' lang='grc' dir='ltr'><strong><em>τίνος</em></strong></span> <span class='ocrx_word' id='word_1_37' title='bbox 490 1750 651 1801; x_wconf 84' lang='grc' dir='ltr'><strong><em>αὐτων</em></strong></span> <span class='ocrx_word' id='word_1_38' title='bbox 671 1756 872 1801; x_wconf 81' lang='grc' dir='ltr'><strong><em>ἕκαστον</em></strong></span> <span class='ocrx_word' id='word_1_39' title='bbox 890 1750 1156 1817; x_wconf 79' lang='grc' dir='ltr'><em>ἑπληρωθη.</em></span> 
     </span>
    </p>

    <p class='ocr_par' dir='ltr' id='par_1_10' title="bbox 149 1819 1620 1954">
     <span class='ocr_line' id='line_1_12' title="bbox 283 1819 1620 1885; baseline 0 -19"><span class='ocrx_word' id='word_1_40' title='bbox 283 1819 543 1884; x_wconf 83' lang='lat' dir='ltr'><strong>Explicatio</strong></span> <span class='ocrx_word' id='word_1_41' title='bbox 580 1821 906 1883; x_wconf 87' lang='lat' dir='ltr'><strong>subjectorum</strong></span> <span class='ocrx_word' id='word_1_42' title='bbox 943 1819 1180 1884; x_wconf 86' lang='lat' dir='ltr'><strong>capitum,</strong></span> <span class='ocrx_word' id='word_1_43' title='bbox 1217 1819 1413 1885; x_wconf 89' lang='lat' dir='ltr'><strong>quando</strong></span> <span class='ocrx_word' id='word_1_44' title='bbox 1451 1833 1499 1867; x_wconf 89' lang='lat' dir='ltr'><strong>et</strong></span> <span class='ocrx_word' id='word_1_45' title='bbox 1530 1821 1620 1866; x_wconf 87' lang='lat' dir='ltr'><strong>sub</strong></span> 
     </span>
     <span class='ocr_line' id='line_1_13' title="bbox 149 1887 1620 1954; baseline -0.001 -18"><span class='ocrx_word' id='word_1_46' title='bbox 149 1905 247 1952; x_wconf 90' lang='lat' dir='ltr'><strong>quo</strong></span> <span class='ocrx_word' id='word_1_47' title='bbox 285 1887 669 1953; x_wconf 87' lang='lat' dir='ltr'><strong>unumquodque</strong></span> <span class='ocrx_word' id='word_1_48' title='bbox 705 1888 920 1954; x_wconf 84' lang='lat' dir='ltr'><strong>contigit.</strong></span> <span class='ocrx_word' id='word_1_49' title='bbox 992 1893 1074 1938; x_wconf 84' lang='lat' dir='ltr'><strong>Ex</strong></span> <span class='ocrx_word' id='word_1_50' title='bbox 1103 1893 1372 1952; x_wconf 83' lang='lat' dir='ltr'><strong>Uranolog.</strong></span> <span class='ocrx_word' id='word_1_51' title='bbox 1405 1891 1620 1937; x_wconf 80' lang='lat' dir='ltr'><strong>Petavii.</strong></span> 
     </span>
    </p>

    <p class='ocr_par' dir='ltr' id='par_1_11' title="bbox 149 1956 1624 2159">
     <span class='ocr_line' id='line_1_14' title="bbox 283 1956 1624 2022; baseline -0.001 -18"><span class='ocrx_word' id='word_1_52' title='bbox 283 1957 368 2004; x_wconf 85' lang='lat' dir='ltr'><strong>III.</strong></span> <span class='ocrx_word' id='word_1_53' title='bbox 405 1961 751 2021; x_wconf 87' lang='lat' dir='ltr'><strong>Imperatorum</strong></span> <span class='ocrx_word' id='word_1_54' title='bbox 787 1956 1117 2005; x_wconf 87' lang='lat' dir='ltr'><strong>Romanorum</strong></span> <span class='ocrx_word' id='word_1_55' title='bbox 1148 1958 1404 2022; x_wconf 86' lang='lat' dir='ltr'><strong>Catalogus</strong></span> <span class='ocrx_word' id='word_1_56' title='bbox 1441 1959 1498 2004; x_wconf 87' lang='lat' dir='ltr'><strong>ab</strong></span> <span class='ocrx_word' id='word_1_57' title='bbox 1521 1957 1624 2004; x_wconf 91' lang='lat' dir='ltr'><strong>Au-</strong></span> 
     </span>
     <span class='ocr_line' id='line_1_15' title="bbox 149 2025 1624 2090; baseline 0 -18"><span class='ocrx_word' id='word_1_58' title='bbox 149 2039 287 2090; x_wconf 84' lang='lat' dir='ltr'><strong>gusto</strong></span> <span class='ocrx_word' id='word_1_59' title='bbox 331 2025 391 2072; x_wconf 92' lang='lat' dir='ltr'><strong>ad</strong></span> <span class='ocrx_word' id='word_1_60' title='bbox 427 2025 796 2073; x_wconf 86' lang='lat' dir='ltr'><strong>Constantinum</strong></span> <span class='ocrx_word' id='word_1_61' title='bbox 829 2025 1223 2075; x_wconf 89' lang='lat' dir='ltr'><strong>Monomachum.</strong></span> <span class='ocrx_word' id='word_1_62' title='bbox 1297 2029 1430 2075; x_wconf 84' lang='lat' dir='ltr'><em>Vide</em></span> <span class='ocrx_word' id='word_1_63' title='bbox 1462 2030 1624 2076; x_wconf 80' lang='lat' dir='ltr'><strong>Notas</strong></span> 
     </span>
     <span class='ocr_line' id='line_1_16' title="bbox 149 2096 748 2159; baseline 0.007 -19"><span class='ocrx_word' id='word_1_64' title='bbox 149 2098 221 2142; x_wconf 83' lang='lat' dir='ltr'><strong>ad</strong></span> <span class='ocrx_word' id='word_1_65' title='bbox 236 2113 360 2159; x_wconf 81' lang='lat' dir='ltr'><strong>pag.</strong></span> <span class='ocrx_word' id='word_1_66' title='bbox 385 2096 615 2142; x_wconf 76' lang='lat' dir='ltr'><strong>Chr-Onici</strong></span> <span class='ocrx_word' id='word_1_67' title='bbox 636 2099 748 2144; x_wconf 87' lang='lat'><strong>187.</strong></span> 
     </span>
    </p>

    <p class='ocr_par' dir='ltr' id='par_1_12' title="bbox 137 2159 1626 2501">
     <span class='ocr_line' id='line_1_17' title="bbox 287 2159 1622 2228; baseline -0.001 -19"><span class='ocrx_word' id='word_1_68' title='bbox 287 2162 372 2213; x_wconf 90' lang='lat' dir='ltr'><strong>IV.</strong></span> <span class='ocrx_word' id='word_1_69' title='bbox 409 2163 557 2210; x_wconf 87' lang='lat' dir='ltr'><strong>Liber</strong></span> <span class='ocrx_word' id='word_1_70' title='bbox 588 2162 907 2228; x_wconf 81' lang='lat' dir='ltr'><strong>generationis</strong></span> <span class='ocrx_word' id='word_1_71' title='bbox 937 2164 995 2211; x_wconf 88' lang='lat' dir='ltr'><strong>ab</strong></span> <span class='ocrx_word' id='word_1_72' title='bbox 1019 2162 1172 2211; x_wconf 86' lang='lat' dir='ltr'><strong>Adam</strong></span> <span class='ocrx_word' id='word_1_73' title='bbox 1208 2179 1363 2227; x_wconf 88' lang='lat' dir='ltr'><strong>usque</strong></span> <span class='ocrx_word' id='word_1_74' title='bbox 1399 2161 1459 2208; x_wconf 92' lang='lat' dir='ltr'><strong>ad</strong></span> <span class='ocrx_word' id='word_1_75' title='bbox 1495 2159 1622 2209; x_wconf 86' lang='lat' dir='ltr'><strong>ordi-</strong></span> 
     </span>
     <span class='ocr_line' id='line_1_18' title="bbox 150 2229 1626 2296; baseline -0.001 -18"><span class='ocrx_word' id='word_1_76' title='bbox 150 2248 264 2278; x_wconf 87' lang='lat' dir='ltr'><strong>nem</strong></span> <span class='ocrx_word' id='word_1_77' title='bbox 282 2248 404 2296; x_wconf 87' lang='lat' dir='ltr'><strong>quae</strong></span> <span class='ocrx_word' id='word_1_78' title='bbox 447 2234 580 2293; x_wconf 76' lang='lat' dir='ltr'><strong>(sic)</strong></span> <span class='ocrx_word' id='word_1_79' title='bbox 618 2229 891 2278; x_wconf 83' lang='lat' dir='ltr'><strong>continetur</strong></span> <span class='ocrx_word' id='word_1_80' title='bbox 927 2231 978 2279; x_wconf 90' lang='lat' dir='ltr'><strong>in</strong></span> <span class='ocrx_word' id='word_1_81' title='bbox 1000 2229 1097 2280; x_wconf 90' lang='lat' dir='ltr'><strong>hoc</strong></span> <span class='ocrx_word' id='word_1_82' title='bbox 1119 2232 1260 2279; x_wconf 85' lang='lat' dir='ltr'><strong>libro.</strong></span> <span class='ocrx_word' id='word_1_83' title='bbox 1337 2235 1474 2295; x_wconf 76' lang='lat' dir='ltr'><strong>Opas</strong></span> <span class='ocrx_word' id='word_1_84' title='bbox 1494 2234 1626 2294; x_wconf 78' lang='lat' dir='ltr'><strong>qaod</strong></span> 
     </span>
     <span class='ocr_line' id='line_1_19' title="bbox 151 2301 1623 2365; baseline -0.001 -17"><span class='ocrx_word' id='word_1_85' title='bbox 151 2303 419 2365; x_wconf 79' lang='lat' dir='ltr'><strong>Hippolito</strong></span> <span class='ocrx_word' id='word_1_86' title='bbox 442 2302 704 2348; x_wconf 77' lang='lat' dir='ltr'><strong>Portaensi</strong></span> <span class='ocrx_word' id='word_1_87' title='bbox 726 2301 945 2348; x_wconf 77' lang='lat' dir='ltr'><strong>adscribi</strong></span> <span class='ocrx_word' id='word_1_88' title='bbox 964 2319 1114 2363; x_wconf 73' lang='lat' dir='ltr'><strong>posse</strong></span> <span class='ocrx_word' id='word_1_89' title='bbox 1139 2302 1368 2348; x_wconf 74' lang='lat' dir='ltr'><strong>duximus</strong></span> <span class='ocrx_word' id='word_1_90' title='bbox 1392 2303 1445 2346; x_wconf 84' lang='lat' dir='ltr'><strong>in</strong></span> <span class='ocrx_word' id='word_1_91' title='bbox 1466 2303 1623 2347; x_wconf 76' lang='lat' dir='ltr'><strong>Prae-</strong></span> 
     </span>
     <span class='ocr_line' id='line_1_20' title="bbox 137 2369 1623 2434; baseline -0.001 -18"><span class='ocrx_word' id='word_1_92' title='bbox 137 2374 369 2434; x_wconf 81' lang='lat' dir='ltr'><strong>fatione:</strong></span> <span class='ocrx_word' id='word_1_93' title='bbox 399 2388 458 2417; x_wconf 85' lang='lat' dir='ltr'><strong>ex</strong></span> <span class='ocrx_word' id='word_1_94' title='bbox 482 2371 695 2417; x_wconf 84' lang='lat' dir='ltr'><strong>editione</strong></span> <span class='ocrx_word' id='word_1_95' title='bbox 714 2372 873 2416; x_wconf 82' lang='lat' dir='ltr'><strong>Henr.</strong></span> <span class='ocrx_word' id='word_1_96' title='bbox 901 2372 1090 2418; x_wconf 67' lang='lat' dir='ltr'><strong>Cani-sii</strong></span> <span class='ocrx_word' id='word_1_97' title='bbox 1104 2380 1152 2417; x_wconf 85' lang='lat' dir='ltr'><strong>et</strong></span> <span class='ocrx_word' id='word_1_98' title='bbox 1171 2370 1395 2433; x_wconf 71' lang='lat' dir='ltr'><strong>Philippi</strong></span> <span class='ocrx_word' id='word_1_99' title='bbox 1415 2369 1623 2427; x_wconf 81' lang='lat' dir='ltr'><strong>Labbei,</strong></span> 
     </span>
     <span class='ocr_line' id='line_1_21' title="bbox 156 2439 1625 2501; baseline -0.003 -15"><span class='ocrx_word' id='word_1_100' title='bbox 156 2442 226 2486; x_wconf 84' lang='lat' dir='ltr'><strong>acl</strong></span> <span class='ocrx_word' id='word_1_101' title='bbox 240 2440 392 2499; x_wconf 81' lang='lat' dir='ltr'><strong>fidem</strong></span> <span class='ocrx_word' id='word_1_102' title='bbox 417 2439 610 2487; x_wconf 78' lang='lat' dir='ltr'><strong>Codicis</strong></span> <span class='ocrx_word' id='word_1_103' title='bbox 639 2440 844 2501; x_wconf 75' lang='lat' dir='ltr'><strong>collegii</strong></span> <span class='ocrx_word' id='word_1_104' title='bbox 861 2441 1022 2485; x_wconf 73' lang='lat' dir='ltr'><strong>Paris.</strong></span> <span class='ocrx_word' id='word_1_105' title='bbox 1043 2441 1148 2486; x_wconf 86' lang='lat' dir='ltr'><strong>Soc.</strong></span> <span class='ocrx_word' id='word_1_106' title='bbox 1170 2442 1289 2486; x_wconf 77' lang='lat' dir='ltr'><strong>Jesu</strong></span> <span class='ocrx_word' id='word_1_107' title='bbox 1307 2439 1625 2500; x_wconf 77' lang='lat' dir='ltr'><strong>recognitam.</strong></span> 
     </span>
    </p>

    <p class='ocr_par' dir='ltr' id='par_1_13' title="bbox 158 2505 1628 2639">
     <span class='ocr_line' id='line_1_22' title="bbox 293 2505 1628 2572; baseline -0.003 -18"><span class='ocrx_word' id='word_1_108' title='bbox 293 2506 355 2556; x_wconf 81' lang='lat' dir='ltr'><strong>V.</strong></span> <span class='ocrx_word' id='word_1_109' title='bbox 391 2507 732 2572; x_wconf 87' lang='lat' dir='ltr'><strong>Fragmentum</strong></span> <span class='ocrx_word' id='word_1_110' title='bbox 767 2524 824 2553; x_wconf 81' lang='lat' dir='ltr'><strong>ex</strong></span> <span class='ocrx_word' id='word_1_111' title='bbox 841 2507 1035 2554; x_wconf 83' lang='lat' dir='ltr'><strong>Ensebii</strong></span> <span class='ocrx_word' id='word_1_112' title='bbox 1056 2505 1322 2554; x_wconf 86' lang='lat' dir='ltr'><strong>Chronicis.</strong></span> <span class='ocrx_word' id='word_1_113' title='bbox 1371 2510 1451 2554; x_wconf 88' lang='lat' dir='ltr'><strong>Ex</strong></span> <span class='ocrx_word' id='word_1_114' title='bbox 1477 2507 1628 2552; x_wconf 82' lang='lat' dir='ltr'><strong>Codd.</strong></span> 
     </span>
     <span class='ocr_line' id='line_1_23' title="bbox 158 2576 1516 2639; baseline -0.003 -15"><span class='ocrx_word' id='word_1_115' title='bbox 158 2579 283 2639; x_wconf 82' lang='lat' dir='ltr'><strong>Reg.</strong></span> <span class='ocrx_word' id='word_1_116' title='bbox 309 2580 458 2625; x_wconf 85' lang='grc'><strong>2431.</strong></span> <span class='ocrx_word' id='word_1_117' title='bbox 479 2578 578 2637; x_wconf 75' lang='lat' dir='ltr'><strong>fbl.</strong></span> <span class='ocrx_word' id='word_1_118' title='bbox 619 2581 694 2626; x_wconf 89' lang='lat'><strong>17.</strong></span> <span class='ocrx_word' id='word_1_119' title='bbox 731 2585 778 2622; x_wconf 79' lang='lat' dir='ltr'><strong>et</strong></span> <span class='ocrx_word' id='word_1_120' title='bbox 814 2581 960 2627; x_wconf 88' lang='grc'><strong>2919.</strong></span> <span class='ocrx_word' id='word_1_121' title='bbox 998 2586 1046 2623; x_wconf 77' lang='lat' dir='ltr'><strong>et</strong></span> <span class='ocrx_word' id='word_1_122' title='bbox 1080 2577 1329 2624; x_wconf 83' lang='lat' dir='ltr'><strong>Colberteo</strong></span> <span class='ocrx_word' id='word_1_123' title='bbox 1368 2576 1516 2623; x_wconf 85' lang='lat'><strong>1350.</strong></span> 
     </span>
    </p>

    <p class='ocr_par' dir='ltr' id='par_1_14' title="bbox 160 2641 1632 2761">
     <span class='ocr_line' id='line_1_24' title="bbox 295 2641 1632 2712; baseline -0.001 -22"><span class='ocrx_word' id='word_1_124' title='bbox 295 2643 378 2692; x_wconf 90' lang='lat' dir='ltr'><strong>VI.</strong></span> <span class='ocrx_word' id='word_1_125' title='bbox 416 2645 485 2691; x_wconf 89' lang='lat' dir='ltr'><strong>Ex</strong></span> <span class='ocrx_word' id='word_1_126' title='bbox 531 2643 804 2712; x_wconf 82' lang='lat' dir='ltr'><strong>Hesychio‚</strong></span> <span class='ocrx_word' id='word_1_127' title='bbox 847 2645 897 2691; x_wconf 89' lang='lat' dir='ltr'><strong>in</strong></span> <span class='ocrx_word' id='word_1_128' title='bbox 944 2644 1246 2693; x_wconf 80' lang='lat' dir='ltr'><strong>Nativitatem</strong></span> <span class='ocrx_word' id='word_1_129' title='bbox 1290 2641 1481 2692; x_wconf 78' lang='lat' dir='ltr'><strong>Christi.</strong></span> <span class='ocrx_word' id='word_1_130' title='bbox 1554 2644 1632 2689; x_wconf 89' lang='lat' dir='ltr'><strong>Ex</strong></span> 
     </span>
     <span class='ocr_line' id='line_1_25' title="bbox 160 2714 514 2761; baseline 0.006 -2"><span class='ocrx_word' id='word_1_131' title='bbox 160 2714 332 2761; x_wconf 77' lang='lat' dir='ltr'><strong>iisdem</strong></span> <span class='ocrx_word' id='word_1_132' title='bbox 366 2716 514 2761; x_wconf 79' lang='lat' dir='ltr'><strong>codd.</strong></span> 
     </span>
    </p>

    <p class='ocr_par' dir='ltr' id='par_1_15' title="bbox 163 2778 1631 2914">
     <span class='ocr_line' id='line_1_26' title="bbox 299 2778 1631 2848; baseline -0.005 -19"><span class='ocrx_word' id='word_1_133' title='bbox 299 2781 404 2829; x_wconf 89' lang='lat' dir='ltr'><strong>VII.</strong></span> <span class='ocrx_word' id='word_1_134' title='bbox 440 2781 515 2830; x_wconf 85' lang='lat' dir='ltr'><strong>Ex</strong></span> <span class='ocrx_word' id='word_1_135' title='bbox 551 2781 835 2848; x_wconf 85' lang='lat' dir='ltr'><strong>Anonymo,</strong></span> <span class='ocrx_word' id='word_1_136' title='bbox 872 2780 932 2828; x_wconf 83' lang='lat' dir='ltr'><strong>de</strong></span> <span class='ocrx_word' id='word_1_137' title='bbox 956 2779 1136 2828; x_wconf 82' lang='lat' dir='ltr'><strong>Christi</strong></span> <span class='ocrx_word' id='word_1_138' title='bbox 1158 2778 1421 2827; x_wconf 85' lang='lat' dir='ltr'><strong>Nativitatis</strong></span> <span class='ocrx_word' id='word_1_139' title='bbox 1457 2791 1503 2826; x_wconf 91' lang='lat' dir='ltr'><strong>et</strong></span> <span class='ocrx_word' id='word_1_140' title='bbox 1526 2778 1631 2825; x_wconf 85' lang='lat' dir='ltr'><strong>Pas-</strong></span> 
     </span>
     <span class='ocr_line' id='line_1_27' title="bbox 163 2849 1453 2914; baseline 0.001 -18"><span class='ocrx_word' id='word_1_141' title='bbox 163 2849 306 2897; x_wconf 82' lang='lat' dir='ltr'><strong>sionis</strong></span> <span class='ocrx_word' id='word_1_142' title='bbox 343 2850 491 2898; x_wconf 83' lang='lat' dir='ltr'><strong>annis.</strong></span> <span class='ocrx_word' id='word_1_143' title='bbox 562 2854 642 2899; x_wconf 86' lang='lat' dir='ltr'><strong>Ex</strong></span> <span class='ocrx_word' id='word_1_144' title='bbox 666 2854 779 2900; x_wconf 84' lang='lat' dir='ltr'><em>Cocl.</em></span> <span class='ocrx_word' id='word_1_145' title='bbox 802 2855 925 2914; x_wconf 79' lang='lat' dir='ltr'><strong>Reg.</strong></span> <span class='ocrx_word' id='word_1_146' title='bbox 956 2853 1106 2902; x_wconf 75' lang='lat'><strong>2431.</strong></span> <span class='ocrx_word' id='word_1_147' title='bbox 1127 2851 1225 2912; x_wconf 85' lang='lat' dir='ltr'><strong>fol.</strong></span> <span class='ocrx_word' id='word_1_148' title='bbox 1268 2851 1375 2898; x_wconf 82' lang='grc'><strong>172.</strong></span> <span class='ocrx_word' id='word_1_149' title='bbox 1412 2866 1453 2897; x_wconf 76' lang='grc' dir='ltr'><strong>ν.</strong></span> 
     </span>
    </p>
   </div>
  </div>
 </body>
</html>
