1884 3262
509 189 570 231 IN
603 189 932 234 CHRONICON
961 190 1248 237 PASCHALE.
1513 191 1633 238 263*

145 295 221 362 καὶ
239 297 426 361 χλανίδος
456 293 691 365 τολμήσειεν
719 294 773 339 ἂν
801 303 984 352 φανῆναι
1014 303 1073 356 τῷ
1097 297 1144 342 το
1173 296 1351 352 διάδημα
1369 299 1515 351 ἔχοντι·
1546 299 1618 339 ubi

146 409 379 462 προσιόντα,
408 408 452 452 τὰ
474 413 547 463 τῆς
566 407 692 463 ἀρχῆς
710 408 945 465 σύμβολον’
931 413 1034 467 ε’χειν
1054 415 1127 455 δεῖ.
1168 413 1270 454 Vide
1288 398 1486 456 Theodor.
1505 413 1618 453 Mar-

144 466 275 506 silium
297 467 348 506 ad
368 468 549 507 Suetonii
567 468 851 520 Vespasianum
866 483 954 522 cap.
976 484 1033 511 ιν.

261 526 351 574 Pag.
380 527 479 568 218.
508 527 549 567 9.
599 523 883 597 Σουετῶνιος]
920 527 967 565 In
995 526 1101 565 libro
1126 525 1234 566 forte
1262 540 1380 579 quem
1402 526 1437 566 is
1451 526 1617 580 scripsit

144 580 194 620 de
221 580 281 619 Re
307 581 519 631 vestiaria,
553 595 625 621 seu
651 582 745 636 περι
775 583 893 624 ἰδεῶν
922 581 1165 635 ἐσθημάτων
1195 582 1264 623 καὶ
1293 586 1375 624 τῶν
1402 581 1536 625 ἄλλων
1554 579 1617 632 οἷς

145 633 430 690 ἀμφιέννυται,
467 638 527 677 uti
552 638 670 678 lauda
675 645 742 678 tur
762 654 783 678 a
799 640 950 678 Suida'
939 654 979 678 m
998 640 1108 678 illius
1128 640 1235 690 vita,
1263 640 1332 678 ubi
1356 646 1511 680 caetera
1530 640 1616 694 ejus
1640 642 1673 678 V
1694 640 1764 678 414

144 708 262 747 opera
289 702 492 746 recenset,
523 709 693 748 quorum
714 697 832 735 etiam
853 696 921 735 alii
939 696 1166 749 Scriptores
1184 698 1461 739 meminerunt.

259 754 352 802 Pag-
383 754 478 795 218.
511 755 576 794 16.
632 749 816 806 Ασσαρια
844 749 1010 805 ξυλινα]
1042 753 1106 792 Ex
1135 753 1280 794 Eueeb.
1312 752 1462 794 Chron.
1488 753 1559 794 lib.
1585 768 1614 793 1.

141 807 213 847 ubi
233 808 375 859 Scalig.
431 808 534 848 Vide
551 809 713 848 Suidam
733 811 775 848 in
795 807 994 862 Ασσοὶρια.

254 867 349 914 Pag-
380 867 478 908 219.
506 868 545 908 8.
603 867 828 919 Πρισθεὶς]
860 867 1008 906 Salian.
1033 880 1095 906 an.
1119 880 1182 907 111.
1202 878 1377 906 mcccxr..
1397 879 1438 905 n.
1453 879 1553 904 xxx.
1575 871 1615 905 et
1637 869 1667 904 Ρ
1689 866 1760 906 504

139 933 249 972 seqq.
273 921 345 960 ubi
361 921 412 960 de
431 935 573 974 genere
594 923 734 962 mortis
754 923 917 974 Esaiae,
947 930 987 963 et
1016 936 1121 976 aqua
1153 922 1328 974 Siloani,
1360 936 1412 962 ex
1437 923 1617 976 Scripto-

136 977 264 1017 ribus.

255 1036 348 1084 Pag·
377 1037 479 1078 220.
508 1034 574 1078 15.
636 1032 938 1089 Καταστήματι]
969 1037 1034 1077 Sic
1055 1036 1185 1087 infra,
1213 1035 1285 1075 ubi
1305 1034 1358 1075 de
1374 1033 1490 1074 Anco
1507 1035 1595 1074 Mar

138 1091 219 1141 tio,
249 1105 368 1143 quem
395 1093 509 1130 morbo
528 1095 678 1144 periisse
706 1094 851 1133 scribit
874 1093 1018 1135 Euseb.
1051 1093 1120 1136 lib.
1138 1107 1165 1133 ι.
1188 1092 1336 1132 chron.
1358 1106 1410 1132 ex
1427 1094 1614 1132 versione

136 1146 397 1200 Hieronymi,
419 1154 466 1187 ut
486 1148 535 1188 de
550 1149 724 1190 Hierone
747 1153 996 1203 Syracusano
1015 1150 1239 1199 Lucienus,
1269 1151 1404 1190 νοσῶν
1422 1145 1615 1199 ἐτελεύτα,

138 1204 248 1255 quod
269 1204 375 1243 idem
394 1205 501 1244 valet
518 1219 580 1255 ac,
604 1221 672 1246 sua
690 1212 798 1246 mmte
818 1209 1008 1260 defunctus
1028 1212 1092 1257 est,
1123 1208 1182 1245 uti
1203 1208 1428 1259 loquuntur
1448 1207 1612 1254 Seneca,

137 1261 417 1313 Tranquillus,
455 1235 674 1310 Firmicus‚
713 1271 752 1303 et
789 1265 878 1303 alii:
920 1263 1010 1318 ἰδίῳ
1046 1260 1237 1318 θανατῳ,
1279 1269 1328 1302 ut
1359 1262 1612 1302 Ptolemaeus

133 1316 206 1356 lib.
216 1332 272 1357 ιν.
291 1317 523 1368 Tetrabibli‚
554 1320 694 1358 Euseb.
718 1320 788 1359 lib.
806 1334 834 1359 1.
858 1320 909 1359 de
928 1320 1116 1372 Praepar.
1134 1320 1283 1370 Evang.
1304 1324 1346 1358 et
1361 1318 1514 1358 Auctor
1536 1320 1612 1358 Pa-

136 1373 283 1416 echalis
302 1374 374 1412 ubi
395 1374 444 1413 de
468 1351 644 1416 Ti'bexio.
701 1377 773 1416 Est
798 1382 930 1415 autem
952 1388 1207 1443 καταστημα,
1237 1376 1423 1428 corporis
1448 1389 1612 1444 compo-

135 1431 252 1481 sitio,
290 1430 493 1483 quomodo
521 1433 590 1473 lib.
618 1447 679 1472 111.
705 1433 882 1472 Maccab.
918 1433 975 1482 εἰς
1002 1446 1235 1485 καταστημα
1265 1433 1463 1502 μανιῶδες
1492 1428 1611 1486 α’γηο-

133 1485 236 1541 χαὶς,
273 1494 313 1527 et
350 1488 458 1541 apud
494 1489 686 1529 clement.
721 1489 937 1530 Alexandr.
966 1487 1201 1541 κατάστημα
1232 1486 1381 1541 σαρκος
1404 1485 1611 1537 εὖσταθὲς.

136 1544 314 1583 Galenus
344 1544 453 1615 apud
463 1545 768 1611 Hippocratem
796 1547 852 1586 ait
879 1560 1112 1599 καταστημα
1131 1559 1216 1585 ease
1232 1561 1278 1586 το
1302 1541 1392 1586 οἷον
1413 1542 1609 1599 καταστή-

132 1616 277 1655 ριγμα,
304 1600 374 1641 καὶ
394 1597 643 1656 απόσκεμμα.
700 1603 822 1653 Aliis,
836 1603 1034 1642 naturalis
1051 1604 1199 1642 habitus
1223 1602 1454 1654 exponitur.

250 1660 469 1708 Bag-221.
501 1662 567 1702 16-
626 1659 837 1712 Σαμαίου]
877 1660 934 1699 De
965 1660 1081 1712 cujus
1106 1659 1266 1698 nomine
1299 1659 1427 1697 multa
1453 1664 1492 1698 et
1519 1672 1610 1699 eru-

130 1714 215 1754 dite
235 1720 525 1754 commentatur
547 1716 767 1756 cotelerius
785 1717 836 1755 ed
856 1716 1024 1755 Constit.
1042 1715 1222 1768 Apostol.
1241 1729 1281 1768 p.
1301 1718 1402 1758 221.
1457 1755 1460 1759 ,

248 1773 343 1821 Pag.
372 1770 468 1814 224
502 1775 539 1814 1.
599 1769 706 1827 Παρ’
724 1772 948 1827 Εβραίοις]
977 1772 1087 1812 Haec
1112 1779 1155 1812 et
1178 1772 1388 1824 sequentia
1405 1783 1532 1824 usque
1557 1772 1609 1811 ad

131 1827 201 1869 καὶ
218 1828 449 1878 Σοφονίας,
476 1828 624 1869 desunt
644 1829 756 1882 apud
775 1828 921 1881 Scalig.

245 1882 346 1935 Pag.
372 1884 468 1928 225
498 1885 538 1928 5.
598 1886 682 1927 Καὶ
705 1886 906 1940 Ιερεμίας]
937 1884 1019 1925 Hae
1038 1898 1159 1926 voces
1179 1883 1328 1924 omittit
1345 1883 1482 1924 Codex
1500 1883 1607 1924 Hol-

132 1940 274 1990 ntenii,
298 1947 348 1980 ut
366 1947 406 1980 et
424 1941 545 1983 editio
564 1943 771 1994 Scaligeri.

248 1997 468 2048 Pag-225·
500 2003 565 2043 18.
626 1996 844 2053 Μῆναςγᾍ
853 1999 867 2050 ]
898 1998 1003 2038 Vide
1027 1997 1217 2049 Scaliger.
1237 1995 1291 2034 ad
1312 1994 1456 2038 Euseb.
1476 2009 1516 2048 p
1538 1998 1606 2040 86.

250 2057 343 2105 Pag-
372 2058 469 2098 228
497 2059 539 2100 3-
604 2055 909 2110 Φορτομανεὶμ]
949 2055 1133 2094 Seniores
1168 2052 1423 2106 Φορτομμὶν·
1463 2051 1608 2092 Theo-

133 2110 299 2160 dodon,
334 2112 582 2167 Φορτομμίμ.
638 2114 733 2152 Vox
750 2112 990 2160 chaldaica,
1018 2125 1121 2164 quae
1140 2109 1346 2158 ἔκλε’κτους
1360 2115 1489 2150 sonat.

247 2170 341 2217 Pag
371 2170 471 2210 229-
499 2173 538 2213 1.
596 2167 806 2222 Αμερσοῖδ]
833 2169 942 2208 Infra
961 2165 1171 2221 Αμελσαδ,
1199 2166 1382 2206 Seniores
1404 2162 1603 2218 Αμελσάλ.

245 2227 340 2274 Pug-
370 2227 467 2267 229.
496 2229 537 2269 9.
595 2225 682 2267 Καὶ
695 2226 740 2267 ἐκ
760 2225 922 2277 τέλους]
952 2225 1136 2264 Seniores
1155 2224 1225 2265 και
1245 2239 1348 2265 κατα
1363 2219 1407 2264 τό
1425 2221 1550 2271 τέλος.

249 2282 471 2331 ang-238.
504 2284 577 2325 18
631 2282 718 2324 Καὶ
741 2278 892 2337 αυτοῦ]
922 2281 1006 2323 Καὶ
1036 2279 1061 2323 ι’
1088 2276 1233 2323 αυτοῦ
1284 2281 1346 2320 Ita
1373 2279 1438 2320 vir
1458 2279 1604 2319 doctus

128 2337 342 2389 legendum
364 2338 567 2378 censebat.

247 2397 341 2445 Pag·
371 2395 566 2438 255.18.
628 2395 858 2446 Φιλίππου]
899 2394 958 2433 Ita
984 2393 1086 2434 eod.
1109 2392 1295 2434 Vatican.
1361 2390 1444 2432 Sed
1471 2391 1604 2444 legen·

132 2450 228 2489 dum
259 2451 487 2502 Φινίππου,
515 2459 563 2492 ut
588 2459 648 2492 est
679 2451 790 2506 apud
813 2451 1005 2492 manent.
1024 2449 1335 2490 Alexandnnn
1355 2449 1603 2498 Φαινίππου,

131 2513 181 2546 ut
204 2507 315 2560 apud
338 2507 545 2551 Euseb.1n
567 2508 714 2549 Chron.
730 2508 801 2549 lib.
821 2523 850 2548 ι.
873 2520 970 2577 pag.¹
984 2509 1054 2549 29.
1074 2507 1201 2546 etlib.
1221 2520 1270 2546 11.
1284 2518 1376 2559 pag„
1396 2506 1490 2549 125-

254 2566 342 2614 Pag·
373 2563 470 2609 258.
502 2569 543 2610 2.
599 2566 683 2637 ,Καὶ
703 2565 732 2619 ἦ
755 2563 854 2619 rocyo}
879 2560 1006 2605 αυτοῦ
1023 2560 1150 2616 wyri]
1177 2576 1273 2603 Lxx
1302 2561 1386 2602 Καὶ
1409 2578 1436 2614 η
1463 2560 1602 2601 ἑστια-

131 2620 247 2673 τορία
273 2616 398 2661 αυτοῦ
428 2619 496 2664 δια
524 2621 674 2672 παντός
704 2620 833 2674 ἐδόθη
855 2617 963 2676 αυτῷ
982 2619 1024 2669 ἐξ
1041 2619 1155 2661 οἴκου
1175 2621 1250 2660 τοῦ
1265 2616 1466 2665 Βασιλέως
1480 2612 1601 2683 λόγου

131 2674 282 2729 ἡμέρας
300 2676 344 2717 ἕν
363 2680 415 2734 τῇ
435 2678 566 2737 ἡμέρᾳ
583 2675 722 2722 αυτοῦ.
780 2679 884 2718 Vide
905 2663 1036 2717 Giose.
1053 2675 1160 2717 med⁴
1184 2675 1358 2714 Graecit.
1377 2674 1420 2713 in
1439 2688 1553 2727 ταγη.

240 2733 341 2783 Pag·
370 2737 467 2779 263
495 2739 536 2780 3
600 2739 666 2794 Τῷ
703 2732 964 2790 Αμβακουμ]
1015 2734 1116 2775 Vide
1151 2732 1356 2771 salianum
1393 2740 1502 2770 anno*
1536 2742 1598 2770 111.

132 2800 359 2828 ucmxxm.
378 2793 418 2833 3
