1884 3262
501 187 560 232 IN
595 188 926 231 CHRONICON
959 188 1249 232 PASCHALE.
1511 186 1612 237 253

133 313 176 352 p.
197 300 349 341 18.19.
382 298 448 337 vel
474 298 508 336 is
541 298 612 350 qui
646 296 806 351 Τρωϊκά
835 300 1018 353 scripsit,
1051 314 1168 351 quem
1197 300 1338 340 laudat
1357 299 1614 354 Stephanus?

134 355 214 394 Sed
236 355 286 394 de
303 354 556 407 Palaephatis
575 356 848 407 Scriptoribus
871 357 1139 396 consulendus
1158 358 1315 397 Suidas.

248 423 344 473 Pag.
373 426 442 466 80.
473 427 510 465 6.
571 420 767 476 Ενθάδε]
800 423 887 463 Ηο0
919 425 1166 478 epitaphium
1195 426 1306 464 Jovis
1336 426 1472 478 paullo
1500 427 1615 466 aliter

138 480 331 519 describit
362 479 671 531 Clirysostomus
690 482 908 520 comment.
929 482 971 519 in
992 483 1119 534 Epist.
1146 483 1195 521 ad
1216 484 1372 522 Titum:
1404 486 1617 524 ENTAY-

138 539 212 578 ΘΑ
244 540 367 577 ΖΑΝ
388 540 597 577 ΚΕΙΤΑΙ
634 540 718 577 ΟΝ
748 541 848 578 ΔΙΑ
880 541 1273 580 ΚΙΚΛΙΣΚΟΤΣΙ.
1330 541 1501 579 Joannes
1533 541 1616 579 An-

137 592 262 632 tioch.
296 596 457 635 ΕΝΘΑ
486 597 695 634 ΚΕΙΤΑΙ
723 596 935 635 ΘΛΝΩΝ
960 598 1146 636 ΠΙΚΟΣ
1173 600 1256 637 ΟΝ
1277 600 1384 637 ΚΛ]
1399 601 1500 638 ΔΙΑ
1519 602 1617 638 KA-

250 719 344 769 Pag.
376 722 442 762 81.
475 719 539 761 15.
571 746 574 748 —
598 714 724 774 ,αχπ’]
753 719 952 771 Excerpta
978 719 1088 758 MSS.
1114 720 1276 759 ,Ioannis
1306 721 1549 761 Antiocheni
1574 724 1617 761 in

134 774 234 817 cod.
279 777 374 826 Reg.
414 775 670 828 ἐβασίλευσεν
706 777 944 829 Αἰγυπτίων
982 775 1006 818 o‘
1036 775 1126 825 υἱός
1158 773 1284 818 αὕτοῦ
1314 782 1443 828 Ηλιος
1465 779 1620 833 ’ἡμέρας

133 828 263 888 Ιδυοζ.
297 831 353 879 ὥς
383 829 483 872 εἶναι
517 832 592 888 ἔτη
614 829 681 885 ιβ’,
716 833 784 873 καὶ
813 832 966 885 ἡμέρας
993 830 1056 882 ςξ.
1119 831 1223 874 Οὔτε
1242 832 1318 887 γαρ
1344 836 1510 888 εἷ’δησαν
1530 833 1619 877 τότε

131 885 371 955 Αἰγύπτιοι,
399 886 429 941 ἦ
457 887 571 930 ἄλλοι
600 887 707 937 τινὲς
735 887 920 930 ἐνιαυτὸν
948 892 1152 942 ψηφίσαι·
1185 886 1268 931 ἄλλ’
1292 893 1334 932 οἷ
1358 891 1432 944 μὲν
1452 891 1525 942 τοὶς
1542 909 1617 934 πε-

133 946 295 998 ριοδους
313 949 387 998 τῆς
411 943 582 999 σελήνης
603 944 814 994 ἐνιαυτούς
835 942 1064 999 ἕψήφιζον,
1096 949 1139 988 οἱ
1160 946 1203 988 δὲ
1225 945 1296 997 τὰς
1315 946 1526 1002 περιόδους
1542 954 1617 1002 τῆς

130 1001 302 1054 ἡμέρας
333 1003 376 1043 οἱ
398 1000 473 1056 γοὶρ
506 1007 587 1044 τῶν
614 1000 665 1055 ιβ’
685 1006 827 1056 μηνῶν
849 1000 1022 1056 ἀριθμοὶ
1046 1000 1144 1056 μετα
1166 1008 1292 1045 ταῦτα
1313 1003 1614 1059 ἐπενοήθησαν,

132 1059 173 1108 ἐξ
204 1057 300 1100 ὅτου
327 1057 534 1114 ἐπενοήθη
565 1057 612 1101 vo*
638 1059 847 1109 ὑποτελεῖς
868 1057 973 1101 εἶναι
993 1059 1090 1110 τούς
1106 1058 1357 1116 ἀνθρώπους
1374 1068 1460 1112 τοῖς
1486 1066 1614 1117 βασι-

130 1118 282 1157 λεῦσιν.

246 1185 343 1236 Pag.
371 1187 439 1228 83.
471 1186 539 1229 15.
603 1188 636 1225 O
675 1186 962 1239 Παλαίφατος]
1012 1187 1221 1227 Laudatur
1256 1189 1374 1228 etiam
1412 1188 1491 1228 hoc
1522 1190 1613 1228 loco

134 1241 244 1294 apud
261 1242 451 1281 Joannem
476 1241 661 1282 Antioch.
722 1243 870 1282 Verum
890 1257 1019 1296 neque
1048 1244 1150 1284 haec
1177 1245 1379 1286 habentur
1408 1247 1519 1299 apud
1539 1247 1613 1286 Pa-

130 1298 362 1352 laephatum
386 1299 550 1339 editum.

245 1367 341 1418 Pag-
371 1370 439 1411 83.
473 1370 541 1409 17.
600 1362 780 1419 Σῶσεις]
812 1363 978 1420 Σῶσης,
1006 1368 1144 1410 Joann.
1173 1368 1362 1409 Antioch.

246 1435 340 1486 Pag.
371 1437 437 1477 83.
471 1439 537 1478 19.
598 1435 771 1487 Θοῦλις]
806 1438 981 1489 Symeon
1006 1436 1229 1489 Logotheta
1257 1444 1298 1477 et
1318 1437 1484 1479 Cedren.
1509 1435 1614 1480 Θού-

131 1495 215 1545 λης.
276 1491 415 1531 Joann.
441 1491 627 1533 Antioch.
662 1488 862 1546 Θουάχης.

246 1549 340 1599 Pag.
372 1548 439 1592 84.
472 1550 510 1592 4.
574 1552 710 1590 Ταῦτα
738 1548 806 1601 δὲ]
846 1550 957 1590 Haec
982 1551 1099 1590 aliter
1124 1551 1327 1591 habentur
1354 1551 1464 1604 apud
1496 1551 1617 1590 Joan-

130 1618 220 1644 nem
250 1605 442 1646 Antioch.
471 1601 674 1658 Σύμφυτα
701 1604 836 1648 πάντα
862 1608 930 1648 καὶ
964 1609 1021 1657 εἰς
1040 1610 1088 1649 ’ἓν
1111 1605 1249 1654 ἰόντα,
1281 1603 1332 1649 οὗ
1353 1604 1501 1663 κράτος
1520 1605 1618 1667 algi-

130 1677 234 1703 νιον.
294 1663 343 1702 In
369 1662 568 1702 Chronico
602 1676 699 1702 vero
722 1664 802 1703 MS.
825 1664 989 1716 Logoth.
1010 1662 1200 1718 σύμφυτα
1222 1662 1256 1706 δ’
1280 1664 1357 1706 εἶσὶ
1381 1668 1506 1706 ταῦτα
1514 1687 1535 1716 ‚·
1556 1667 1617 1707 ὠν

130 1715 279 1770 κράτος
318 1717 509 1761 αἰώνιον·
557 1717 678 1761 ὤκεσι
717 1721 814 1762 ποσὶ
847 1719 1009 1776 βάδιζε,
1050 1720 1198 1776 θνητὲ,
1239 1719 1394 1775 ἄδηλον
1435 1718 1616 1764 διανύων

159 1791 235 1817 ιον.
1582 1797 1585 1802 ·

128 1776 157 1829 β
245 1833 339 1883 Pag.
370 1833 436 1876 84.
469 1836 508 1875 6.
568 1833 800 1887 Διανοιαῖν]
831 1835 999 1876 Cedren.
1021 1841 1059 1874 et
1076 1835 1246 1888 Logoth.
1267 1832 1463 1877 διανόων.

244 1890 339 1940 Pag.
368 1891 435 1933 84.
469 1894 534 1934 16.
594 1890 835 1945 Σέσωστρις]
863 1893 918 1932 De
940 1906 1020 1944 quo
1038 1907 1138 1945 prae
1161 1893 1329 1932 caeteris
1350 1893 1514 1946 copiose
1533 1893 1616 1945 agit

130 1946 243 1985 Joan.
272 1945 523 1986 Marshamus
550 1948 592 1986 in
620 1947 822 1988 Chronico
854 1950 1011 1988 Canone
1029 1950 1276 2003 Aegyptiace
1293 1964 1383 2003 pag.
1402 1953 1499 1995 239.
1518 1950 1615 1994 352.

132 2009 171 2042 et
191 2017 303 2055 seqq.
323 2001 502 2058 Σώστρις
525 2004 646 2044 habet
660 2004 848 2045 hocloco
869 2013 908 2046 et
923 2007 1029 2047 infra
1049 2007 1162 2046 Joan.
1182 2007 1372 2048 Antioch.
1635 2029 1668 2064 v
1691 2027 1760 2067 408

247 2060 342 2110 Pag·
380 2061 446 2102 85.
492 2065 529 2103 1.
590 2061 881 2116 Μεταναστοῖς]
919 2063 1003 2102 Aut
1046 2065 1261 2115 legendum
1305 2060 1611 2117 μεταναστᾶσαι,

133 2123 202 2155 aut
231 2117 397 2155 delenda
427 2131 509 2157 vox
539 2115 727 2172 ποιήσας.
786 2121 889 2160 Vide
916 2121 1038 2160 Henr.
1059 2121 1260 2161 valesium
1281 2121 1551 2164 adAmmian.
1572 2136 1612 2175 p.

132 2173 230 2216 419.
251 2189 275 2213 1.
295 2174 389 2213 edit,

246 2231 342 2281 Pag.
373 2231 441 2273 85.
472 2235 514 2274 7.
573 2227 807 2285 Ηρόδοτος]
848 2233 879 2272 Δ
913 2234 1086 2273 Sesostri
1106 2234 1285 2273 devictos
1304 2233 1475 2286 Scythas
1492 2234 1613 2275 habet

132 2285 360 2326 Herodotus
379 2288 448 2326 lib.
469 2302 512 2326 11.
560 2288 619 2327 De
641 2290 802 2328 caeteris
820 2304 922 2342 quae
942 2290 1010 2329 hic
1032 2297 1248 2330 narrantur
1270 2292 1372 2330 silet.

247 2345 342 2395 Pag.
372 2346 440 2387 85.
472 2347 512 2387 8.
574 2343 654 2398 Ος]
689 2346 865 2386 Delenda
894 2346 993 2386 haec
1024 2361 1120 2388 vox.
1177 2348 1328 2388 Similia
1351 2347 1503 2387 habent
1529 2349 1612 2401 Sy-

133 2413 246 2440 meon
267 2401 484 2452 Logotheta
509 2408 549 2440 et
570 2402 783 2442 Cedrenus.

247 2457 342 2508 Pag.
373 2459 440 2501 85.
471 2463 536 2501 17.
597 2462 662 2499 Ην
691 2461 805 2512 φῶς]
835 2460 945 2500 Haec
971 2460 1108 2500 eadem
1130 2461 1252 2500 verba
1274 2457 1520 2514 descripsere
1538 2463 1614 2513 Sy-

132 2527 248 2553 meon
280 2514 499 2566 Logotheta
527 2516 568 2553 in
590 2515 738 2555 Chron.
759 2518 840 2556 MS.
862 2524 902 2557 et
926 2531 978 2557 ex
995 2531 1042 2557 eo
1065 2518 1268 2557 Cedrenus
1290 2525 1328 2557 et
1346 2519 1490 2558 Suidas
1510 2518 1552 2556 in
1570 2531 1610 2557 v.

132 2573 298 2623 Ερμῆς,
326 2578 421 2623 post
455 2573 493 2610 S.
522 2573 734 2625 cyrillum:
765 2588 867 2626 quae
899 2588 989 2613 cum
1021 2574 1063 2614 in
1097 2575 1190 2616 edit.
1221 2575 1369 2614 Raderi
1391 2575 1608 2627 depravata

132 2626 395 2679 haberentur,
428 2643 473 2668 ea
496 2631 792 2670 emendavimus
810 2633 871 2670 uti
887 2630 1087 2670 habentur
1107 2632 1216 2684 apud
1237 2632 1397 2671 eosdem
1418 2632 1610 2670 Joannem

132 2683 450 2734 Antiochenam,
483 2686 690 2738 Logothet.
716 2695 756 2727 et
785 2689 1031 2738 Cedrenum,
1061 2688 1129 2727 hic
1160 2689 1357 2728 duntaxat
1385 2688 1613 2731 observatis

131 2740 252 2779 variis
286 2741 544 2794 lectionibus,
576 2744 779 2798 descripta
807 2745 923 2798 prius
944 2746 1066 2785 veteri
1089 2745 1375 2798 [ascriptione‚
1406 2759 1507 2798 quae
1524 2746 1607 2798 pri-

133 2810 198 2834 ma
217 2797 444 2849 Trimegisti
461 2801 584 2840 verba
605 2808 811 2855 utcunque
831 2809 1007 2855 spectat,
1042 2816 1092 2842 ex
1115 2802 1261 2842 Codice
1279 2802 1428 2855 Regio,
1456 2816 1507 2843 ne
1531 2816 1608 2855 po-

133 2852 302 2893 steritati
320 2861 472 2908 pereat.
