1884 3262
313 186 412 234 318
872 188 1201 234 ¹NOTAE

311 295 510 350 ΔΤποὶρχου
533 292 687 346 πόλεως
724 297 820 350 μετοῖ
851 303 927 341 τοῦ
963 297 1162 357 σχήματος
1192 300 1236 342 ἒν
1265 302 1317 357 τῇ
1349 297 1523 357 Μεγάλῃ
1560 300 1781 358 Εκκλησὶᾳ,

310 362 387 395 etc.
449 353 546 394 Vide
576 354 858 407 Theophanem
889 371 992 396 anno
1023 372 1063 397 x.
1094 358 1346 397 Constantini
1377 359 1428 398 M.

429 414 522 462 Pag.
552 412 648 454 460.
681 416 744 454 17.
810 417 890 467 Τῆς
908 415 1131 467 Βιθυνίας]
1162 416 1330 467 Reliqua
1364 414 1563 454 deessessin
1593 414 1672 453 MS.
1702 429 1780 453 an-

310 473 473 507 notatur
501 469 544 506 in
575 468 672 509 edit.
703 470 872 510 Raderi:
919 472 1088 524 proinde
1115 473 1316 511 incertum
1342 473 1395 510 ‘an
1426 484 1476 510 ex
1504 477 1637 511 terrae
1665 477 1780 511 motu

306 525 548 564 labefactata
576 526 641 564 vel
671 535 811 566 eversa
839 528 1088 581 intelligatur
1111 528 1355 568 Nicomedia.
1541 552 1549 555 -

428 585 522 632 Pag.
552 580 648 623 460.
681 586 746 625 19.
785 585 1017 639 Αγρίππας]
1040 585 1186 625 Chron.
1207 584 1388 625 Eusebii:
1407 584 1622 623 ,Iudaeorum
1641 584 1781 635 Agrip-

306 653 378 691 pa,
409 641 597 691 superioris
626 639 812 693 Agrippae
840 643 970 694 filius,
1006 657 1089 681 ann.
1119 656 1236 681 xxv1.
1273 642 1344 680 ubi
1382 641 1559 691 Scaliger
1593 640 1780 679 observat

306 696 418 734 hunc
463 696 711 748 Agrippam,
749 712 831 737 non
870 712 916 738 eo
957 713 1038 752 quo
1078 700 1207 738 excisa
1249 704 1344 737 sunt
1381 697 1680 749 Hierosolyma,
1709 696 1780 735 sed

306 754 426 792 tertio
460 752 621 805 Imperii
650 753 809 807 Trajani
838 769 944 798 anno
975 756 1141 807 obiisse,
1180 769 1232 795 ex
1261 755 1405 795 Photio
1436 753 1535 793 cod.
1560 767 1711 793 xxxm.
1739 753 1782 792 in

305 810 418 849 Juato
448 809 683 853 Tiberiensi.

419 866 514 906 Ibid.
576 862 910 920 Οὔεσπασιανός]
942 869 1003 908 Ex
1034 868 1230 909 Chronico
1261 868 1432 908 Eusebii.

424 927 518 975 Pag·
547 923 641 966 461.
673 927 739 968 10.
796 922 1105 979 Αὐτοκράτορος
1140 921 1293 978 μόνου]
1343 924 1452 963 Fasti
1490 923 1684 975 Idatiani,
1718 924 1782 964 Ve-
1852 924 1855 930 ’

308 983 478 1034 spasiano
503 994 546 1020 11.
575 981 660 1020 solo.
717 982 826 1021 Fasti
857 982 925 1020 alii
959 983 1081 1021 Titum
1100 983 1286 1022 caesarem
1316 982 1553 1034 adjungunt.

426 1040 519 1088 Pag-
549 1037 644 1080 461.
677 1041 743 1081 11.
819 1042 1045 1095 Τριακοστῷ
1074 1036 1253 1096 ἐννᾶτῳ]
1303 1039 1412 1078 Haec
1449 1035 1644 1091 expungit
1682 1036 1782 1080 eod.

312 1094 509 1133 Holstenii
537 1107 667 1145 usque
696 1095 748 1134 ad
775 1109 919 1135 vocem
950 1097 1120 1147 Κυρίου.

428 1154 522 1201 Pag.
555 1150 650 1193 461.
683 1154 746 1194 18.
805 1149 1055 1205 Ιώσηππος]
1115 1153 1199 1191 Lib.
1237 1166 1310 1192 vu.
1358 1152 1409 1191 de
1450 1151 1565 1191 Bello
1611 1150 1781 1190 Judaic'o

310 1223 398 1262 cap.
428 1221 532 1248 xvn.
595 1207 693 1246 Vide
722 1209 966 1260 scaligerum
996 1209 1069 1250 lib.
1099 1222 1137 1248 v.
1178 1209 1227 1248 de
1257 1209 1420 1250 Emend.
1457 1215 1578 1261 temp.
1612 1222 1655 1261 p.
1685 1206 1782 1250 474.

429 1268 523 1314 Pag.
553 1263 648 1306 464.
679 1268 745 1307 20.
806 1261 950 1314 Πάσας
971 1264 1014 1306 δὲ
1036 1265 1249 1319 ἐπαρχίας]
1277 1265 1388 1304 Haec
1419 1271 1458 1304 et
1478 1278 1580 1318 quae
1609 1277 1782 1317 sequun-

310 1328 380 1361 tur
419 1333 547 1373 usque
588 1321 639 1359 ad
677 1320 779 1361 haec
817 1322 964 1373 verba,
996 1318 1184 1371 ἁλώσεως
1208 1319 1535 1376 καταλαβούσης,
1565 1321 1711 1362 desunt
1739 1321 1783 1360 in

311 1378 411 1418 cod.
440 1377 651 1418 Holstenii.

426 1437 520 1484 Pag.
550 1434 647 1477 461.
677 1438 757 1480 21.,
803 1430 1030 1490 Εὐσέβιος]
1081 1436 1129 1475 In
1158 1435 1383 1484 chronico,
1415 1441 1454 1475 et
1482 1435 1553 1474 lib.
1580 1448 1644 1477 m.
1678 1433 1782 1474 Eiet.

309 1491 419 1531 Ecel.
456 1504 546 1544 cap.
575 1504 615 1532 v.
673 1493 845 1532 Severus
875 1493 1093 1545 Sulpitiue:
1133 1496 1304 1533 nimirum
1331 1495 1387 1532 ita
1415 1493 1492 1532 Deo
1514 1493 1713 1545 placitum,
1742 1497 1783 1531 ut

306 1562 345 1588 eo
368 1553 519 1601 tempore
548 1561 615 1600 quo
642 1549 831 1589 Dominum
860 1553 962 1589 cruci
985 1550 1175 1602 affixerat,
1213 1564 1301 1601 gem
1324 1551 1436 1602 impia
1461 1553 1542 1589 neci
1565 1549 1723 1589 daretur.

425 1608 519 1656 Pag.
549 1606 647 1648 462.
679 1611 721 1651 9.
782 1607 990 1661 Πραίδας]
1029 1607 1126 1649 cod.
1156 1608 1286 1648 vatic.
1314 1605 1475 1661 πρέδας.

424 1665 516 1713 Pag.
545 1662 641 1705 462.
675 1667 739 1706 10.
801 1662 886 1704 Καὶ
910 1661 960 1704 τὰ
987 1661 1136 1718 μεγάλα
1163 1663 1413 1721 Χερουβεὶμ]
1447 1662 1680 1703 perstabant
1709 1660 1782 1701 ad-

306 1719 388 1758 huc
418 1733 465 1758 eo
494 1719 583 1770 ipso
614 1720 730 1769 loco,
768 1720 993 1773 imperante
1022 1722 1271 1772 Justiniano,
1315 1727 1363 1760 ut
1399 1726 1542 1774 auctor
1569 1725 1630 1759 est
1655 1719 1781 1759 Nice-

305 1775 462 1829 phorus
501 1776 660 1816 Uranue
707 1777 751 1815 in
788 1777 873 1816 vita
915 1780 953 1819 S.
995 1779 1201 1831 Symeonis
1247 1779 1412 1831 stylitae
1450 1777 1624 1816 Junioris
1659 1789 1702 1816 n.
1728 1789 1780 1817 ιι.

306 1830 482 1886 Συμβόιν
508 1830 552 1873 δὲ
579 1830 652 1874 τᾶν
680 1831 854 1885 Συμεών
886 1832 983 1886 μετοέ
1007 1838 1133 1876 ταῦτα
1162 1832 1247 1876 κατ’
1273 1835 1404 1876 ἐκεῖνο
1433 1837 1580 1889 καιροῦ
1605 1835 1679 1886 τῆς
1697 1836 1782 1874 Av-

306 1886 443 1942 τιόχου
473 1885 627 1942 διάγειν
641 1920 655 1941 ,
683 1887 708 1930 δ’
726 1891 954 1944 Χερουβεὶμ
981 1889 1144 1940 εἰκότως
1162 1888 1241 1933 vimi
1261 1892 1379 1932 Τίτου
1399 1889 1554 1939 ἑλόντος
1577 1885 1781 1944 Ιεροσόλυ-

309 1962 366 2000 μα
391 1945 565 1999 λέγεται,
594 1941 752 1995 εἰκόνας
777 1962 820 1987 τε
851 1946 1134 2002 περιωνύμους
1161 1951 1244 1991 τῶν
1277 1947 1503 2002 Χερουβεὶμ
1532 1943 1614 1989 dm}
1639 1949 1713 2000 τῆς
1735 1946 1781 1988 ἐν

310 1999 448 2050 αὐτοῖς
479 1998 725 2055 ἀνελομένου
761 2007 865 2044 ναοῦ
893 2002 996 2059 πρός
1022 2021 1063 2045 τε
1100 2002 1175 2057 τη“ν
1204 2001 1404 2058 Αντιόχου
1433 2004 1780 2058 μετακομίσαντος,

308 2056 526 2100 κοῖνταῦθα
544 2063 617 2112 τῆς
633 2056 785 2108 πόλεως
806 2059 861 2108 ὦς
881 2061 924 2102 ἐν
949 2057 1255 2113 ἐπιφανεστᾶτω
1283 2059 1514 2114 στήσαντος.
1548 2061 1662 2110 Quae
1681 2073 1779 2099 vero

309 2102 632 2155 cherubinorum
664 2115 793 2168 figura
820 2117 962 2168 fuerit,
1012 2120 1160 2159 docent
1195 2120 1226 2158 li
1257 2132 1302 2158 er
1326 2133 1386 2159 ω.
1411 2120 1507 2170 Reg.
1537 2132 1624 2171 cap.
1651 2131 1709 2158 π.
1738 2122 1782 2157 et

310 2172 508 2226 Josephus
536 2174 604 2213 lib.
632 2187 725 2216 vm.
766 2174 899 2227 Antiq.
927 2175 1017 2214 Jud.
1047 2190 1138 2229 cap.
1165 2190 1209 2215 11.
1266 2176 1394 2215 Porro
1432 2190 1507 2233 pro
1535 2177 1609 2228 τῆς
1635 2169 1779 2226 πύλης,
1810 2186 1814 2189 ’

310 2230 354 2268 in
392 2229 473 2269 hoc
513 2230 604 2270 loco
636 2230 848 2282 chronici,
886 2236 973 2281 ταῖς
1010 2230 1158 2282 πύλαις
1199 2232 1509 2273 emendavimus.
1574 2231 1635 2271 Ita
1672 2230 1779 2270 enim

309 2287 521 2338 legendum
550 2287 649 2338 fuit,
689 2294 757 2327 aut
784 2290 837 2344 τῇ
865 2285 988 2344 πύλῃ.
1046 2290 1143 2329 Mox
1170 2303 1245 2342 pro
1284 2287 1335 2331 τὰ
1358 2286 1611 2345 Χερουβεὶμ,
1638 2288 1780 2340 legen-

310 2343 406 2383 dum
434 2344 596 2383 videtur
625 2344 854 2398 Σεραφεὶμ·
886 2353 1009 2399 atque
1037 2346 1096 2386 ita
1124 2346 1387 2387 reddidimus.

425 2402 517 2450 Pag·
545 2401 643 2444 462.
678 2404 742 2443 19.
798 2398 1002 2456 Δάφνης]
1031 2404 1087 2445 De
1118 2417 1199 2459 quo
1228 2403 1390 2456 quidem
1412 2401 1647 2442 Antioohiae
1674 2401 1779 2440 aub-

308 2455 462 2496 urbano
492 2457 618 2495 multa
647 2458 764 2496 multi
795 2466 889 2498 sunt
918 2460 1198 2511 commentati,
1224 2475 1270 2503 ac
1298 2460 1340 2501 iu
1368 2459 1507 2512 primis
1527 2458 1703 2509 Scaliger
1725 2458 1777 2498 ad
1801 2489 1805 2492 -

308 2513 470 2553 Eusebii
497 2512 645 2554 Chron.
676 2528 714 2566 p.
735 2513 839 2567 ⁴152.
870 2517 1127 2557 casaubonus
1153 2517 1204 2555 ad
1234 2516 1499 2570 Capitolinum
1529 2529 1617 2568 pag.
1634 2514 1706 2558 64.
1736 2521 1779 2555 et.

162 2577 191 2612 P
215 2576 284 2613 531
309 2570 496 2611 Petavius
536 2570 587 2609 ad
627 2568 895 2622 Epiphanium
932 2588 972 2626 p.
1007 2575 1102 2618 305.
1161 2574 1264 2613 Vide
1299 2578 1507 2626 praeterea
1544 2571 1776 2615 Baldrieum

306 2627 378 2672 lib.
408 2641 452 2666 ιι.
487 2626 590 2668 Hiut.
625 2627 825 2668 Hierosol.
866 2643 905 2681 p.
937 2629 1030 2674 104.
1070 2631 1179 2669 Win.
1214 2631 1308 2682 Tyr.
1345 2629 1413 2669 lib.
1441 2643 1497 2670 xv.
1537 2643 1625 2682 cap.
1652 2642 1697 2669 x.
1735 2634 1777 2668 et

307 2684 474 2724 Fulcon.
501 2683 571 2723 lib.
600 2697 655 2723 ιν.
689 2684 784 2723 Viae
813 2685 1011 2725 Hierosol.
1040 2687 1115 2727 sub
1143 2687 1210 2726 fin.
1251 2686 1397 2740 quibus
1428 2686 1638 2729 addendus
1667 2683 1776 2724 eho·
1839 2726 1844 2736 ,

309 2741 430 2781 ricius
458 2740 609 2780 Rhetor
635 2741 678 2782 in
706 2741 899 2780 Encomio
935 2743 1016 2781 MS.
1045 2743 1218 2795 Summi,
1254 2743 1375 2783 Ducis
1402 2743 1670 2794 Palaestinae,
1699 2741 1776 2782 sub

311 2797 556 2849 lastiniano,
586 2811 636 2837 ex
669 2797 816 2838 Codice
850 2799 973 2850 Regio
1001 2814 1044 2839 n.
1062 2814 1248 2840 uncum.

428 2857 526 2906 Pag·
555 2854 651 2900 462.
682 2858 750 2899 21.
808 2854 1056 2911 Συναγωγὴ]
1091 2856 1288 2911 Josephus
1315 2857 1384 2897 lib.
1413 2870 1489 2897 xn.
1520 2854 1656 2908 Antiq.
1685 2852 1774 2922 Iud.
