1884 3262
620 203 1034 249 PRAEFATIO.
1496 209 1560 256 31

96 336 287 362 ccxxxvl.
317 321 576 374 Olympiades
610 320 761 374 quippe
787 321 992 361 institutae
1019 326 1131 372 sunt,
1159 320 1221 360 uti
1236 321 1432 369 diximus,
1462 335 1566 362 anno
1590 330 1618 365 P
1640 330 1687 367 20

94 380 268 433 ejusdem
296 376 455 418 Periodi
480 392 541 420 111.
569 391 907 418 mccccxxxvnr.
937 393 958 416 a
997 392 1078 430 quo
1105 378 1156 418 ad
1181 378 1291 418 hunc
1319 379 1566 432 descriptum

93 451 240 475 annum
254 435 424 475 totidem
447 435 539 474 anni
567 435 774 474 intersunt.
831 436 1004 473 Rursum
1032 436 1081 473 ab
1111 435 1250 475 eodem
1279 450 1382 475 anno
1408 437 1564 475 Juliano

92 507 151 532 1v.
179 506 448 532 muccecxnx.
479 492 514 531 si
542 492 774 530 auferantur
801 505 990 530 ccxxxw.
1028 492 1247 531 remanebit
1280 506 1406 532 annus
1433 494 1564 532 Julia-
1587 501 1620 536 V
1645 502 1688 537 18

93 564 166 588 nus
184 564 239 589 lv.
271 563 475 589 MDccxiu.
505 549 575 601 qui
589 548 730 587 incidit
747 549 787 587 in
808 549 1067 587 Consulatum
1085 563 1176 588 xm.
1203 549 1361 589 Octavii
1378 551 1567 602 Caesaris,

93 620 174 658 quo
204 606 352 645 Christi
382 606 639 645 Nativitatem
668 605 876 656 contigisse
904 611 1045 644 auctor
1072 611 1131 643 est
1160 606 1277 644 etiam
1300 607 1565 660 Epiphanius,

91 663 262 714 proinde
295 676 400 702 anno
427 676 508 700 uno
536 668 627 701 ante
653 676 782 701 aeram
811 662 1112 714 Dionysianam,
1148 676 1169 700 a
1199 677 1279 714 quo
1300 670 1467 715 putatus
1485 679 1566 704 au·-

91 733 166 758 nus
192 733 382 759 ccxxxw.
411 718 454 757 in
489 718 713 768 Chronico,
747 719 791 757 in
823 733 966 758 annum
995 720 1201 770 vulgarem
1229 733 1404 761 ccxxxv.
1438 721 1565 760 cadet.

89 775 151 814 Ex
170 776 316 828 quibus
347 774 551 826 colligitur
578 775 837 815 Consulatum
866 776 1027 814 Maximi
1057 781 1095 814 et
1117 776 1294 814 Africani
1315 777 1503 817 incidisse
1520 778 1564 816 in

88 830 197 870 hunc
225 845 394 882 annum,
437 846 606 884 eumque
645 846 790 871 annum
828 832 1027 885 Iphiteum
1066 832 1190 871 fuisse
1226 846 1282 871 lv.
1313 834 1564 887 Olympiadis

89 901 222 928 (ιο-ΜΠ.
247 895 372 941 prout
389 894 500 928 recte
525 889 710 928 observat
740 890 917 940 Scaliger
943 890 995 928 ad
1025 888 1253 928 Chronicon
1281 897 1461 930 nostrum
1483 892 1565 930 Pa-

88 944 240 984 scbale:
269 959 350 997 quo
369 945 463 984 anni
482 959 592 984 mxu.
611 946 786 984 omnium
806 946 1090 1000 Olympiadum
1108 947 1392 986 absolvuntur:
1423 963 1446 986 a
1468 948 1564 1000 qui-

85 1001 163 1040 bus
193 1002 226 1040 si
258 1002 491 1041 auferantur
519 1003 609 1041 anni
638 1016 827 1043 ccxxxvn
860 1003 1030 1043 restabit
1057 1017 1184 1042 annus
1214 1017 1451 1043 nccxxxvn.
1482 1019 1563 1057 quo

86 1058 344 1111 Olympiades
373 1059 422 1097 ab
445 1059 580 1111 Iphito
610 1060 811 1099 institutae
840 1067 953 1110 sunt,
985 1075 1087 1099 anno
1118 1059 1275 1100 Periodi
1299 1061 1476 1101 Iulianae
1500 1075 1563 1105 111.

82 1129 420 1155 mcccccxxxvm.
485 1116 699 1155 Enimvero
736 1117 845 1169 quod
882 1125 1025 1156 auctor
1060 1117 1247 1157 Chronici
1285 1132 1431 1157 annum
1469 1132 1562 1158 xm.

82 1171 300 1210 Alexandri
327 1173 370 1211 in
401 1186 547 1212 annum
576 1174 717 1212 mundi
745 1187 783 1213 v.
813 1188 1097 1214 mcccxxxvnr.
1131 1174 1318 1225 conjicit,
1347 1190 1429 1214 non
1455 1188 1562 1227 qua-

83 1228 176 1267 drat
193 1229 354 1268 omnino
378 1242 469 1268 cum
489 1244 592 1269 anno
610 1230 750 1269 mundi
769 1231 884 1284 juxta
908 1232 1082 1271 Graecos
1111 1245 1150 1271 v.
1177 1245 1249 1270 MD.
1278 1246 1299 1270 a
1324 1246 1406 1284 quo
1424 1232 1459 1271 is
1481 1247 1563 1271 an-

5 1323 8 1326 .
80 1298 178 1324 num
210 1286 501 1325 Incarnationis
541 1287 704 1326 videtur
738 1289 887 1338 ordiri,
930 1302 1021 1327 cum
1061 1288 1202 1327 ablatis
1238 1302 1425 1329 ccxxxvr.
1463 1295 1563 1341 quot

82 1355 207 1381 annos
226 1357 249 1380 a
277 1343 494 1382 Nativitate
521 1350 560 1381 et
584 1344 859 1383 incarnatione
887 1351 1024 1397 putat,
1056 1345 1260 1397 supersint
1281 1346 1433 1388 anniv.
1452 1360 1561 1387 mnu.

80 1396 180 1437 haec
200 1399 484 1439 examinabunt
498 1399 693 1439 horumce
718 1401 965 1440 calculorum
986 1402 1205 1454 peritiores.

193 1510 343 1551 XXIV.
404 1510 527 1559 Quod
554 1525 652 1552 vero
681 1518 824 1551 auctor
853 1512 1066 1562 Chronici,
1098 1515 1433 1567 quemadmodum
1458 1517 1560 1570 Epi-
1586 1526 1665 1568 Qua
1677 1538 1759 1563 aera

78 1566 278 1620 phanius,
310 1582 456 1607 annum
488 1567 638 1607 Christi
666 1569 709 1607 in
733 1583 880 1608 annum
906 1571 1046 1609 mundi
1070 1571 1186 1624 juxta
1218 1573 1392 1612 Graecos
1423 1587 1463 1613 v.
1485 1587 1556 1616 Mn.
1607 1578 1728 1609 auctor

7 1620 25 1627 ²
79 1624 305 1675 consignet,
334 1639 451 1677 quem
480 1625 548 1664 alii
579 1625 619 1664 in
651 1639 798 1666 annum
825 1634 1078 1679 sequentem,
1107 1642 1187 1668 non
1210 1624 1351 1668 obstat
1371 1631 1467 1682 quin
1488 1631 1553 1670 in·
1571 1618 1782 1655 Ch¹⁰¹¹iclet

1566 1665 1782 1711 Epiphanius

81 1681 208 1719 vicem
242 1682 516 1721 consentiant:
558 1695 649 1721 cum
684 1683 714 1721 ii
745 1697 892 1722 annum
925 1684 1218 1724 Incarnationis
1242 1685 1414 1736 Christi,
1458 1701 1560 1740 quae
1591 1716 1747 1750 utantur·

76 1750 179 1775 xxv.
197 1738 340 1777 mensis
358 1739 515 1788 Martii,
546 1745 587 1777 et
614 1740 864 1791 Nativitatis‚
895 1755 996 1792 quae
1021 1742 1182 1781 demum
1210 1757 1307 1782 xxv.
1328 1744 1559 1784 Decembris

3 1815 13 1830 ,ι
78 1793 245 1843 accidit,
274 1794 517 1846 intelligant:
548 1795 616 1834 alii
637 1811 783 1835 annum
811 1812 840 1838 1.
862 1812 883 1836 a
906 1799 1059 1849 Natali,
1087 1799 1205 1839 initio
1226 1814 1248 1838 a
1268 1814 1367 1840 xxv.
1391 1801 1558 1842 Decem-

75 1849 163 1889 bris
178 1852 456 1903 praecedentis
474 1858 634 1905 sumpto
646 1882 659 1902 ,
691 1861 835 1906 putare
865 1854 1083 1908 incipiant,
1113 1857 1223 1909 quod
1241 1863 1279 1896 et
1304 1857 1442 1897 secisse
1461 1859 1558 1898 Dio-

0 1905 7 1911 ”
76 1907 237 1959 nysium
258 1908 443 1948 observat
461 1909 669 1961 petavius,
699 1911 755 1950 ita
785 1917 833 1950 ut
855 1912 965 1950 nulls
988 1912 1096 1952 inter
1119 1927 1187 1953 eos
1210 1921 1398 1954 occurrat
1415 1915 1557 1955 disse-—

75 1963 232 2012 nantia,
262 1967 332 2016 qui
350 1966 510 2018 utrique
541 1980 666 2016 anno,
697 1967 848 2007 Christi
879 1983 1026 2009 annum
1061 1970 1250 2022 affigunt,
1278 1978 1325 2010 ut
1351 1972 1554 2012 Annianus

77 2020 188 2072 apud
209 2022 423 2074 Georgium
445 2024 674 2074 Syncellum
696 2022 768 2079 ¹),
798 2025 868 2077 qui
891 2023 965 2079 τήν
991 2027 1113 2068 θείαν
1142 2024 1347 2082 σάρκωσεν
1370 2031 1430 2085 τῷ
1464 2027 1552 2083 ,εφ’.

75 2076 362 2131 πληρουμένῳ,
411 2079 480 2120 καὶ
521 2075 731 2136 α’ρξαμένῳ
763 2086 820 2136 τῷ
866 2079 967 2138 ‘erpa'
1001 2084 1206 2123 adscribit.
1285 2085 1383 2124 Cum
1429 2085 1554 2137 igitur

77 2132 267 2173 Chronici
295 2135 407 2174 istius
436 2142 500 2175 tot
530 2150 724 2176 annorum
754 2137 1054 2179 characterismi
1079 2155 1170 2179 cum
1200 2155 1244 2180 ea
1273 2156 1395 2181 annos
1412 2142 1552 2182 mundi

76 2190 252 2241 conditi,
284 2198 324 2230 et
354 2191 504 2232 Christi
527 2193 819 2233 Incarnationis
846 2197 910 2235 vel
936 2197 1166 2236 Nativitatis
1195 2198 1367 2250 putandi
1396 2198 1552 2240 ratione

7 2243 10 2245 “
75 2247 127 2285 ab
155 2247 373 2301 Hippolyto
406 2250 617 2290 observata
648 2265 816 2304 prorsus
847 2253 1080 2303 concinant,
1109 2254 1276 2306 ipseque
1303 2255 1551 2320 Hippolytus

0 2764 16 2784 ἔ

77 2309 116 2342 et
144 2311 287 2343 auctor
314 2304 506 2346 Cbronici
539 2307 716 2347 vixerint
740 2308 832 2361 ipso
862 2309 1079 2349 Alexandri
1110 2311 1248 2350 Severi
1275 2325 1398 2362 aevo,
1426 2326 1550 2353 mimo

75 2374 180 2399 anno
200 2362 307 2400 illius
329 2362 491 2414 Imperii
523 2378 612 2404 xm.
652 2379 693 2404 se
724 2365 895 2405 scribere
927 2367 1189 2419 profiteatur,
1220 2382 1361 2417 nemo,
1391 2370 1550 2422 opinor,

73 2416 224 2456 inficias
245 2418 360 2469 ierit,
390 2433 489 2460 vero
510 2434 595 2460 esse
613 2422 773 2460 omnino
790 2423 1018 2475 proximum
1035 2424 1135 2463 illud
1162 2425 1293 2477 ipsum
1314 2439 1397 2466 esse
1417 2426 1552 2466 Chro-

73 2473 217 2524 nicon‚
247 2476 356 2527 quod
380 2477 645 2530 Hippolytum
675 2479 876 2531 scripsisse
903 2486 1102 2520 testantur
1121 2482 1317 2521 Eusebius
1339 2489 1379 2522 et
1400 2483 1550 2522 Hiero—

73 2543 237 2582 nymus,
268 2533 378 2584 quod
397 2535 462 2572 vir
479 2535 622 2587 aliquis
645 2535 787 2575 doctus
805 2537 846 2575 in
864 2537 1044 2577 Latinam
1060 2538 1233 2590 linguam
1254 2546 1392 2591 postea
1412 2547 1550 2579 trans-

73 2587 231 2628 tulerit:
262 2602 350 2628 cum
368 2589 411 2628 id
437 2598 645 2643 praeterea
675 2593 840 2633 suadere
869 2593 1055 2635 videatur
1082 2595 1168 2648 ipsa
1198 2596 1400 2636 scribendi
1428 2598 1547 2647 ratio,

75 2657 155 2696 qua
169 2657 287 2684 usum
306 2645 569 2700 Hippolytum
594 2649 701 2688 idem
717 2650 912 2690 Eusebius
941 2653 1035 2691 satis
1060 2652 1254 2702 insinuat,
1285 2659 1403 2706 atque
1431 2653 1546 2706 adeo,

75 2700 187 2752 qnod
222 2714 312 2741 cum
340 2704 533 2757 Georgius
564 2706 840 2763 Syncellus²)
880 2708 1028 2749 scribat
1060 2708 1328 2764 Hippolytum
1364 2710 1407 2750 in
1437 2710 1544 2752 libro

118 2836 160 2880 1)
184 2837 223 2872 Ρ.
246 2838 303 2874 s5.
324 2839 405 2876 312.

117 2883 159 2927 2)
182 2883 268 2929 rag.
290 2886 370 2921 218.
