1820 3276
282 211 380 260 476
850 212 1173 256 NOTA-E

279 328 431 363 rentem
459 320 562 366 mori
592 319 852 372 contingeret,
881 320 1043 360 haberet
1071 321 1246 374 populus
1272 333 1388 373 quem
1418 321 1640 374 Principem
1661 319 1740 372 jam

281 385 456 419 creatum
496 383 746 428 agnosceret:
787 377 892 416 unde
933 379 1145 430 postremis
1175 378 1314 417 saltem
1343 378 1529 427 saeculis,
1561 381 1744 425 Βασιλεῖς

284 435 390 474 nude
419 434 752 484 indignabantur,
781 447 871 472 cum
902 440 1084 486 parentes
1115 431 1416 487 Αὕτοκρᾶτορες
1446 447 1523 472 una
1554 439 1595 473 et
1622 437 1742 474 Βασι-

282 495 362 539 λεῖς
400 490 730 530 inscriberentur„
781 490 839 529 Ita
880 491 987 543 apud
1024 490 1292 543 Nicephorum
1334 491 1552 540 Gregoram
1579 489 1652 531 lib.
1684 502 1742 530 ιν.

282 547 381 588 Hist.
420 561 504 599 cap.
535 561 615 586 xw.
656 545 828 585 Michael
865 547 1122 598 Palaeologus
1164 548 1262 598 lmp.
1290 546 1374 585 filio
1407 545 1637 584 Andronico
1666 545 1744 584 Im-

282 604 461 668 peeratori
491 612 624 642 creato
655 603 840 653 indulsit,
870 610 913 642 ut
942 604 1190 642 subscribere
1219 604 1359 641 liceret
1386 603 1512 641 literis
1545 601 1743 640 Cinnaba-

281 661 400 711 ricis,
434 667 634 699 caeterum
664 660 748 698 sine
783 674 914 699 mense
943 668 982 699 et
1009 660 1258 709 Indictione,
1288 658 1364 697 hac
1394 659 1586 698 duntaxat
1614 658 1743 696 ratio-

140 720 168 753 P
193 720 261 755 606
286 731 354 756 ne:
403 718 780 757 ΑΝΔΡΟΝΙΚΟΣ
816 710 1062 757 ΧΡΙΣΤΟΥ
1097 718 1294 756 ΧΑΡΙΤΙ
1326 717 1617 755 ΒΑΣΙΛΕΥΣ
1645 715 1742 754 ΡΩ.-

284 774 502 823 ΜΑΙΩΝ,
545 786 636 812 cum
673 772 760 824 ipse
802 787 883 811 sese
921 780 1126 825 praeterea
1163 768 1447 826 Αὕτοκρᾶτορα
1484 769 1743 814 inscriberet·

141 831 260 869 v548
286 829 440 868 tametsi
469 844 490 868 a
531 830 678 868 Joanne
709 829 978 869 Cantacuzeno
1008 830 1108 899 Imp.
1140 827 1360 867 Matthaeus
1389 828 1494 866 filius
1522 827 1744 879 Imperator

282 887 432 935 sactus,
470 900 554 925 sese
600 892 638 924 et
677 885 846 926 Βασιλέα
889 893 927 924 et
965 883 1250 938 Αυτοκροὲτορα
1288 884 1455 934 dixerit,
1494 890 1541 922 ut
1572 897 1621 923 ex
1658 882 1744 935 ejus

282 915 574 995 subscriptione
614 942 721 994 apud
763 943 994 981 Gretzerum
1033 943 1075 980 in
1115 942 1228 980 Notis
1273 941 1324 979 ad
1364 940 1539 993 ejusdem
1583 939 1744 978 Joannis

283 1000 544 1038 Cantacuzeni
585 998 734 1037 Hister.
774 1013 862 1050 pag.
887 1001 980 1042 933.
1018 998 1222 1037 docemur.
1283 956 1397 1036 VideJ
1421 1010 1520 1049 quae
1560 996 1602 1034 in
1639 994 1746 1034 hanc

279 1070 361 1095 rem
393 1056 648 1094 observamus
678 1055 717 1093 in
748 1056 878 1096 Gloss.
910 1056 1011 1093 med.
1041 1055 1212 1095 Graecit.
1243 1061 1281 1092 et
1308 1055 1350 1093 in
1381 1053 1514 1092 Addit.
1535 1053 1578 1091 in
1597 1066 1638 1091 v.
1657 1047 1746 1092 Av-

279 1109 493 1166 τοκράτωρ.
555 1112 674 1159 Quod
711 1125 808 1150 vero
850 1111 903 1149 ait
940 1114 1092 1149 Auctor
1134 1110 1320 1150 Chronici
1359 1109 1572 1148 Theodosii
1601 1121 1746 1147 nomen

280 1167 321 1207 in
362 1168 511 1207 tabulis
553 1175 591 1207 et
629 1168 900 1206 contractibus
938 1181 1187 1219 nequaquam
1215 1180 1294 1204 una
1325 1180 1415 1204 cum
1451 1165 1632 1204 Mauricii
1661 1177 1746 1203 no-

281 1227 385 1264 mine
416 1223 683 1276 adscriptum,
725 1224 862 1262 nescio
891 1237 939 1262 an
971 1224 1130 1262 omnino
1168 1236 1307 1262 verum
1342 1223 1414 1270 sit,
1457 1235 1548 1260 cum
1581 1227 1745 1260 contra-

280 1284 384 1321 rium
418 1281 629 1320 videantur
659 1280 859 1330 indicare,
903 1280 1012 1331 quod
1041 1280 1136 1319 olim
1167 1281 1392 1318 monuimus
1420 1279 1463 1317 in
1490 1278 1628 1317 Famil.
1657 1277 1746 1329 By-

281 1344 387 1376 zant.
412 1344 518 1388 gesta
548 1337 700 1388 Synodi
732 1338 928 1375 Romanae
959 1337 1064 1388 apud
1097 1336 1333 1386 Gregorium
1361 1335 1412 1376 M.
1441 1335 1510 1374 lib.
1538 1348 1590 1376 ιν.
1621 1333 1746 1386 Epist.

281 1408 388 1434 xmv.
422 1407 521 1446 quae
550 1400 636 1432 acta
667 1393 815 1432 dicitur
842 1395 1048 1445 temporibus
1074 1395 1260 1444 piissimor.
1290 1407 1334 1430 ac
1360 1394 1650 1431 serenissimorum
1672 1390 1746 1429 Do-

281 1454 454 1489 minorum
494 1450 674 1489 Mauricii
710 1451 847 1489 Tiberii
871 1455 905 1488 et
936 1450 1123 1488 Theodosii
1148 1451 1415 1500 Augustorum,
1455 1448 1571 1498 ejusd.
1601 1447 1749 1486 Domini

282 1508 464 1546 Mauricii
490 1506 636 1558 Imperii
662 1521 754 1545 anno
787 1510 890 1545 tertio
915 1507 1068 1553 decimo,
1099 1506 1297 1544 Indictione
1327 1505 1596 1553 tertiadecima,
1625 1505 1747 1555 quinto

283 1565 340 1603 die
365 1566 488 1602 mensis
507 1563 620 1602 Julii:
648 1563 726 1602 hoc
757 1570 817 1602 est
847 1577 950 1602 anno
982 1562 1128 1601 Christi
1156 1562 1311 1612 vulgari
1340 1575 1488 1600 nxcmi.
1546 1560 1625 1600 Sed
1654 1572 1747 1598 cum

283 1634 408 1659 annus
442 1620 656 1659 renuntiati
688 1620 854 1671 Augusti
883 1618 1098 1658 Theodosii
1127 1619 1352 1668 omittatur,
1394 1619 1582 1670 solusque
1610 1617 1747 1668 Impe-

283 1677 335 1715 rii
360 1676 541 1715 Mauricii
571 1678 755 1716 consulto
787 1676 1061 1725 describatur,
1100 1675 1160 1714 sic
1188 1675 1381 1728 capienda
1409 1673 1595 1713 Chronici
1624 1671 1747 1712 verba

281 1734 377 1772 licet
399 1733 597 1784 augurari,
629 1740 674 1771 ut
705 1740 743 1772 et
772 1733 804 1771 si
833 1732 1050 1771 Theodosii
1078 1746 1221 1771 nomen
1247 1746 1324 1770 una
1354 1745 1443 1770 cum
1473 1729 1648 1782 parentis
1674 1742 1747 1768 no-

282 1790 388 1828 mine
418 1789 458 1827 in
490 1790 762 1828 contractibus
802 1789 1113 1838 describeretur,
1159 1791 1250 1827 anni
1279 1794 1411 1827 tamen
1439 1787 1548 1826 illius
1575 1787 1746 1836 inaugu-

283 1846 448 1884 rationis
478 1846 778 1896 omitterentur,
810 1859 899 1884 cum
927 1848 1027 1897 gesti
1056 1846 1216 1897 Imperii
1245 1845 1452 1898 appositus
1480 1857 1605 1882 annus
1632 1855 1749 1895 prae-

285 1903 447 1954 cipuum
478 1909 707 1942 censeretur
744 1902 1025 1954 lmpeiatoriae
1063 1902 1263 1953 dignitatis
1301 1907 1599 1952 argumentum,
1636 1897 1747 1951 quod

283 1959 325 1996 in
366 1959 495 1997 Gloss
533 1959 638 2000 med.
672 1958 845 1999 Graecit.
887 1958 1120 2010 praesertim
1157 1957 1367 1997 docuimus
1402 1957 1444 1995 in
1484 1970 1523 1995 v.
1554 1957 1749 2008 Μηνολο-

282 2019 379 2068 γεῖν.

399 2070 496 2121 Pag
527 2072 620 2113 691
657 2073 718 2113 19-
777 2067 988 2122 Χοσρόης]
1028 2069 1130 2109 Vide
1170 2070 1427 2108 Simocattam
1465 2067 1535 2107 lib.
1563 2080 1620 2107 iv.
1662 2079 1748 2119 cap.

283 2142 350 2166 vn.
385 2134 424 2166 et
460 2140 567 2191 seqq.
611 2126 819 2178 Evagrium
859 2127 928 2165 lib.
961 2141 1014 2164 v1.
1050 2140 1136 2178 cap.
1168 2138 1517 2165 xv11.xv111.X1x.
1557 2130 1596 2162 et.
1624 2122 1748 2161 Albu.

284 2183 508 2237 pharaijum
539 2184 580 2221 in
611 2183 773 2234 Dynast.
804 2197 842 2235 p
874 2185 941 2226 96.
1002 2183 1057 2221 De
1096 2197 1197 2221 anno
1238 2196 1335 2222 vero
1380 2195 1460 2234 quo
1497 2181 1542 2220 id
1580 2177 1748 2230 contigit

285 2240 552 2279 consulendus
582 2239 739 2278 Henric.
771 2239 950 2278 Valesius
980 2239 1029 2277 ad
1059 2239 1097 2277 d.
1127 2253 1211 2291 cap.
1242 2252 1340 2278 xvn.

397 2297 493 2346 Pag-
523 2298 619 2339 692.
650 2298 689 2338 3·
748 2291 998 2343 Αναστάσιος
1031 2298 1155 2348 Πατρ.
1185 2295 1370 2347 Αντιοχ.]
1404 2293 1653 2343 Notandum,
1681 2290 1747 2330 in-

286 2352 375 2404 quit
412 2352 516 2390 idem
555 2352 756 2402 Valesius,
798 2351 1067 2391 Patriarcham
1108 2354 1245 2390 vocari
1282 2350 1529 2389 Anastasium
1560 2354 1649 2388 ante
1679 2361 1748 2387 re-

284 2408 550 2457 stitutionem,
593 2409 701 2459 quod
738 2421 828 2446 cum
866 2422 938 2460 per
969 2409 1050 2447 vim
1090 2407 1234 2447 throno
1275 2413 1438 2447 exactus
1471 2405 1634 2455 suisset,
1676 2417 1746 2443 sua

287 2466 475 2516 dignitate
519 2464 704 2517 prIVatus
750 2479 830 2503 non
879 2472 1119 2506 censeretur.
1181 2463 1279 2502 Vide
1316 2463 1414 2503 Lud.
1451 2460 1747 2512 Mainburgium

286 2522 355 2561 lib.
386 2537 413 2559 1.
443 2521 491 2560 de
521 2521 760 2559 Pontificatu
790 2523 826 2559 S.
860 2522 1040 2573 Gregorii
1070 2522 1120 2561 Μ.
1144 2520 1217 2559 sub
1248 2519 1414 2559 initium.

401 2577 495 2628 Ρῖὲζ
524 2581 620 2621 692.
649 2577 687 2620 4.
748 2575 867 2618 Meto}
907 2574 1091 2629 τελευτην
1123 2573 1364 2630 Γρηγορίου]
1408 2573 1606 2613 Domnino
1641 2571 1746 2626 Epi-

289 2647 415 2687 scopo
445 2632 695 2672 Antiocheno
724 2641 971 2673 successerat
1001 2634 1253 2682 Anastasius,
1290 2631 1404 2684 cujus
1440 2630 1581 2669 laudes
1610 2628 1747 2668 multis

288 2691 547 2742 prosequitur
585 2690 776 2742 Evagrius
806 2691 874 2730 lib.
909 2704 964 2730 Ν.
996 2703 1082 2742 cap.
1112 2703 1178 2728 XL.
1218 2702 1297 2740 quo
1337 2687 1430 2726 sede
1460 2701 1530 2725 sua
1561 2699 1634 2739 per
1664 2685 1744 2725 vim

290 2761 313 2785 a
339 2746 492 2786 Justino
521 2747 620 2800 Imp.
651 2747 838 2800 expulso,
877 2746 925 2785 ad
956 2746 1119 2786 eandem
1147 2751 1306 2784 evectus
1336 2749 1395 2782 est
1424 2742 1663 2795 Gregorius,
1699 2747 1747 2781 ut

290 2809 423 2842 narrat
451 2804 556 2844 idem
589 2803 778 2856 Evagrius
806 2804 876 2843 lib.
907 2817 945 2841 v.
976 2816 1060 2855 cap.
1091 2815 1129 2840 v.
1159 2807 1200 2840 et
1228 2814 1279 2839 vi.
1311 2813 1390 2852 quo
1421 2799 1579 2840 demum
1609 2797 1747 2837 extin-

292 2865 380 2908 cto,
418 2867 509 2913 post
550 2874 674 2900 xxm.
715 2874 836 2900 annos
875 2873 1033 2899 rursum
1075 2859 1114 2897 in
1151 2857 1283 2897 sedem
1313 2870 1424 2896 suam
1454 2861 1513 2895 est
1540 2855 1745 2896 restitutus
