1884 3262
493 203 551 246 IN
586 204 916 249 CHRONICON
948 205 1235 249 PASCHALE.
1494 206 1596 252 259

245 316 338 365 Pag.
372 315 464 356 169.
498 317 565 358 17.
625 311 708 354 Καὶ
726 309 966 368 Εὕστᾶρτη]
997 315 1091 367 Leg.
1110 310 1321 369 Αστᾶρτη,
1349 328 1400 354 ex
1418 328 1515 357 m.
1539 324 1599 360 m.
1622 323 1651 359 p
1676 324 1747 360 502

129 371 222 421 Reg.
245 385 334 423 cap.
354 385 411 410 11.
440 374 480 413 7.
497 371 565 413 33.
598 371 647 409 de
675 383 755 422 qua
788 372 948 424 copiose
976 385 1075 425 prae
1101 373 1268 411 caeteris
1299 372 1378 424 egit
1407 373 1599 413 Seldenus

127 428 168 466 in
187 430 387 481 Syntagm.
410 427 460 466 de
482 426 549 466 Dis
569 427 693 481 Syris.

247 487 338 535 Pag.
371 488 464 527 170.
496 487 564 527 16.
623 480 741 525 Meto}
760 480 968 536 τελευτὴν]
1001 484 1060 523 Ex
1080 484 1240 523 Eusebii
1260 483 1405 527 Chron.

243 544 336 592 Pag.
369 544 462 585 170.
493 544 562 585 21.
619 537 699 581 Διιὶ
729 538 773 581 τὸ
809 539 853 581 ἐκ
891 538 1049 594 φυλῆς]
1090 541 1151 580 Ex
1182 541 1319 580 codem
1353 541 1498 582 Euseb.
1526 542 1598 581 ubi

129 597 233 636 Scali
263 611 319 636 er.

236 611 339 705 {hg-
373 656 470 696 171.
504 656 568 695 13.
629 650 853 706 Ιεροβοοῖμ]
883 651 1038 693 Exhinc
1062 652 1105 690 in
1131 653 1216 692 Cod
1244 654 1461 705 Vaticano,
1491 656 1601 707 qnod

127 710 248 749 etiam
270 711 528 749 observatum
549 711 590 748 in
611 710 789 749 editione
807 710 1016 759 Scaligeri‚
1041 710 1164 761 Reges
1184 710 1307 750 Israel
1329 718 1368 750 et
1386 713 1510 762 Reges
1526 713 1601 751 Ju-

129 767 179 806 da
209 766 517 818 distinguuntur
537 766 579 805 in
599 767 794 805 columnis
814 766 1016 819 parallelis
1038 778 1164 819 usque
1187 767 1238 805 ad
1261 768 1540 821 Olympiadem
1559 782 1601 808 v.

127 824 292 863 caeteris
333 822 641 875 olympiadibus
680 823 879 863 secundae
914 824 1125 863 columnae
1152 823 1382 876 adscriptis:
1421 826 1532 876 quod
1556 826 1600 864 in

128 880 303 920 editione
321 880 546 919 Raderiana
570 893 645 918 nec
663 881 783 932 Regia
803 880 958 920 servari
975 881 1129 933 potuit,
1154 887 1323 933 propter
1344 881 1491 919 latinas
1509 895 1601 921 ver-

128 939 261 977 siones
288 937 438 987 graecis
467 936 685 989 adjunctas.
746 937 837 985 Quo
866 943 997 976 tamen
1027 943 1296 976 secerneretur
1325 943 1498 989 utraque
1524 939 1602 977 Re..

129 1007 222 1046 gum
242 996 386 1043 series,
415 994 594 1045 singulos
614 993 866 1046 principatus
883 993 1029 1032 horum
1052 994 1276 1033 nominibus
1294 994 1336 1032 in
1355 994 1601 1045 marginibus

128 1050 397 1103 adscripserat
417 1050 665 1103 antiquarius
684 1051 783 1090 Cod.
803 1050 1036 1102 Augustani,
1059 1057 1182 1103 prout
1199 1051 1242 1090 in
1263 1050 1437 1090 editione
1455 1051 1602 1090 Raderi

128 1114 169 1148 et
186 1107 264 1146 hac
286 1107 393 1159 regia
414 1107 704 1148 describuntur.

243 1167 336 1215 Pag.
368 1167 462 1206 171.
495 1165 559 1207 15.
616 1161 829 1217 Βηθλεὲμ]
870 1164 963 1215 Leg.
1001 1159 1162 1217 Βεθῇλ,
1206 1168 1252 1201 ut
1288 1169 1397 1202 recte
1435 1163 1604 1202 adnotat

117 1221 323 1271 Bedente.
381 1220 511 1260 Facile
538 1232 663 1274 porro
692 1219 793 1259 haec
821 1220 904 1259 duo
935 1220 1095 1259 nomina
1124 1219 1370 1258 confundere
1399 1219 1604 1259 Librarios

129 1278 275 1331 probat
304 1278 529 1317 Cotelerius
562 1277 615 1317 ad
641 1277 853 1317 Constitut.
883 1276 1027 1330 Apost.
1054 1275 1151 1316 Cod.
1173 1276 1353 1315 Vatican.
1374 1275 1604 1330 ἔμβηθλεὲμ.

126 1335 249 1375 unica
267 1348 369 1373 voce
388 1334 497 1386 legit.
931 1365 935 1373 .

244 1395 336 1441 Pag.
369 1393 461 1433 171.
496 1393 561 1434 11.
618 1389 805 1442 Σαμαίας
822 1385 915 1437 υἱός
932 1386 1136 1440 Βαλαμεὶ]
1166 1388 1290 1440 Infra,
1314 1387 1481 1441 Ελαμεί.
1512 1387 1605 1427 Col-

127 1448 249 1488 lectio
271 1447 470 1486 Historica
491 1446 778 1497 Scaliger-iana:
808 1444 969 1497 Σαμὲας
985 1442 1076 1493 υἱὸς
1096 1445 1270 1496 Αμαμεί.

245 1508 338 1555 Pag.
369 1507 464 1547 172.
496 1506 534 1546 1.
592 1503 637 1542 In
686 1516 808 1554 marg.
851 1501 876 1543 ό
916 1498 1037 1554 Δήθ]
1086 1501 1212 1539 Unica
1258 1500 1471 1551 legendum
1506 1513 1606 1539 voce

125 1559 264 1615 Οδῆθ,
299 1559 358 1599 uti
386 1560 606 1609 edidimus,
636 1566 746 1599 recte
774 1564 911 1598 monet
937 1571 1060 1610 supra
1093 1557 1277 1596 laudatus
1309 1557 1530 1595 cotelerius
1552 1557 1605 1595 ad

125 1618 196 1657 lib.
218 1631 274 1656 ιν.
303 1617 474 1656 constit.
498 1616 638 1669 Apost.
673 1629 760 1669 cap.
780 1629 836 1654 vt.
865 1614 936 1654 ubi
967 1614 1018 1653 de
1049 1614 1212 1653 nomine
1238 1613 1348 1652 iltius
1379 1612 1605 1665 Prophetae

127 1675 306 1723 erudite,
332 1680 379 1712 ut
399 1674 522 1723 solet,
552 1678 857 1712 commentatur.

244 1734 327 1780 Pag
358 1733 451 1774 172.
487 1732 551 1772 19.
610 1733 708 1770 Ανω
727 1725 830 1782 πρὸς
847 1725 1007 1780 Αχίαμ]
1037 1725 1148 1764 Idem
1174 1725 1258 1765 fere
1280 1725 1388 1764 valet
1408 1723 1489 1764 hoc
1510 1725 1603 1765 loco

126 1785 237 1837 «ilum,
269 1786 380 1839 quod
408 1782 544 1828 ἐπάνω
572 1786 681 1839 apud
704 1784 948 1825 recentiores
981 1783 1171 1821 Graecos.
1230 1781 1331 1822 Vide
1352 1781 1482 1821 Gloss.
1499 1783 1604 1821 med.

131 1843 307 1884 Graecit.
325 1843 366 1882 in
384 1842 460 1882 hac
481 1848 682 1895 postrema
703 1855 818 1881 voce.

245 1904 339 1951 Pag.
370 1903 463 1942 172.
494 1903 562 1942 20.
593 1898 677 1939 Καὶ
692 1890 1098 1951 ἕξολοθρευθήσεται]
1117 1907 1213 1934 Lxx.
1236 1893 1306 1934 καὶ
1327 1889 1604 1947 ἕξολοθρεύσω

130 1955 331 2011 Ιεροβοᾶμ
359 1952 565 2011 οὕροῦντα
589 1953 690 2010 πρὸς
713 1960 870 2008 τοῖχον,
906 1952 951 1992 id
984 1957 1045 1991 est
1080 1951 1298 2003 Disperdam
1319 1952 1362 1990 de
1391 1951 1604 1990 Hieroboam

130 2026 241 2068 usque
259 2014 309 2053 ad
328 2027 458 2053 canem.

246 2072 340 2121 Pag·
370 2072 465 2114 173.
497 2071 565 2112 19.
627 2070 661 2109 Ο
681 2067 724 2109 ἒν
743 2063 904 2119 Reti-vil]
937 2064 1041 2112 Scal.
1064 2059 1241 2116 Βαιθήλ.
1422 2108 1429 2118 ι

249 2129 344 2178 Pag.
377 2126 471 2169 174.
502 2129 568 2169 19.
626 2122 718 2173 Ίΐὸς
740 2122 888 2176 Ραχία]
917 2122 977 2161 Ita
1008 2120 1151 2170 Scalig.
1211 2119 1264 2157 At
1291 2117 1476 2158 Seniores
1498 2113 1603 2169 Αχιά

132 2185 272 2236 legunt
289 2198 348 2223 111.
369 2185 467 2233 Reg.
485 2192 556 2223 xv.
579 2183 648 2223 27.
706 2181 773 2219 Sic
795 2180 912 2218 etiam
934 2192 1029 2217 mox
1052 2177 1097 2215 in
1119 2175 1267 2215 Chron.

249 2243 341 2291 Pag.
372 2240 468 2283 175.
495 2241 564 2280 20.
620 2235 836 2290 Αχιμελὲχ]
872 2234 1010 2288 Hujus
1038 2233 1244 2272 Pontificis
1276 2229 1350 2269 sub
1381 2230 1486 2293 Rege
1515 2228 1605 2276 Asa,

134 2308 263 2349 neque
285 2297 328 2336 in
357 2309 492 2345 sacra,
523 2306 652 2345 neque
674 2295 716 2332 ih
740 2291 948 2346 prophana
968 2298 1145 2330 veterum
1167 2288 1341 2328 Historia
1362 2292 1604 2325 mentionem

135 2367 369 2403 occurrere,
409 2357 687 2405 praeterquam
722 2350 766 2389 in
799 2348 996 2389 chronico
1026 2346 1276 2395 Eusebhno,
1309 2350 1349 2383 et
1376 2343 1420 2381 in
1451 2342 1604 2394 aliquot

136 2409 400 2461 chronologis
428 2407 738 2457 recentioribus,
771 2406 962 2446 observat
986 2404 1178 2444 Seldenus
1205 2403 1276 2442 lib.
1296 2415 1327 2442 1.
1351 2399 1409 2438 de
1424 2400 1604 2438 Success.

134 2467 177 2506 iu
197 2466 344 2506 Pontis.
365 2466 485 2505 Hsbr.
506 2478 595 2517 cap.
614 2477 670 2505 nr.

251 2527 345 2575 Pag.
377 2526 471 2567 176.
504 2524 569 2565 13.
629 2517 786 2573 Ιοδήθ]
813 2519 914 2558 Scal.
941 2513 1112 2569 Ιουδήθ.
1168 2515 1276 2554 Infra
1292 2512 1363 2551 hic
1382 2507 1524 2563 Ιωδῆθ
1542 2509 1602 2547 (11-

137 2580 256 2620 citur.
1590 2610 1596 2615 ,

253 2639 347 2686 Pag.
379 2639 472 2679 180.
505 2637 570 2678 11.
631 2628 874 2686 Ιθωβάλου]
912 2629 993 2678 Qui
1034 2622 1252 2679 Ιεθεβαᾶλ,
1290 2637 1353 2662 m.
1379 2622 1475 2686 Reg·
1511 2632 1603 2685 cap.
1627 2627 1661 2662 V
1683 2626 1753 2664 412

136 2702 226 2732 xvr.
249 2694 316 2734 81.
348 2687 595 2743 Εἰθαῖβαλος
618 2701 715 2729 vero
743 2689 891 2728 dicitur
911 2682 1108 2738 Josepho,
1137 2688 1175 2720 et
1194 2681 1237 2720 in
1258 2676 1604 2742 Collectiouefli-

138 2748 351 2788 storiarum
367 2746 632 2799 Scaligeriana
654 2757 742 2799 pag.
763 2748 859 2789 398.
880 2744 932 2783 de
953 2755 1036 2794 quo
1054 2736 1325 2780 consulendus
1340 2735 1451 2774 idem
1468 2734 1603 2772 Scali-

138 2819 208 2857 ger
230 2804 272 2843 in
294 2805 406 2844 Notis
429 2803 482 2842 ad.
498 2804 732 2855 Fragmenta
755 2803 1000 2841 Graecorum
1022 2797 1272 2851 Scriptorum
1292 2806 1333 2845 p.
1359 2792 1431 2855 29.
1452 2791 1540 2854 30..

256 2864 349 2911 Pag-
383 2863 475 2903 186.
505 2859 570 2902 14.
629 2857 778 2911 Imaus]
816 2859 877 2898 Ex
899 2855 1097 2906 Eusebio,
1135 2852 1207 2892 ubi
1235 2855 1346 2890 recte
1377 2852 1433 2886 ait
1455 2857 1603 2886 vixisse
