1884 3262
287 195 391 248 282
862 193 1203 237 NOTAE

407 308 500 356 Pag
531 307 694 348 321.1.
751 303 1002 357 Βαβυλῶνα]
1049 304 1109 343 Ita
1148 302 1338 356 Scaligeri
1385 302 1491 344 Edit.
1549 304 1762 357 Perperam

287 363 551 416 Βαβυλῶνος,
583 359 815 399 Raderiana.

403 421 486 469 Pag
487 420 623 460 ..321
654 421 692 460 6.
752 415 896 459 Εκτισε
931 412 1068 466 πόλεις
1103 413 1165 469 ιβ’.
1177 416 1198 469 ]
1250 415 1434 456 Totidem
1477 414 1679 457 habentur
1719 417 1763 456 in

136 471 167 506 P
190 471 259 509 513
290 474 511 524 Chronico,
543 473 651 525 quod
682 473 995 513 Alexandrinum
1025 474 1292 526 appellamus,
1325 480 1362 512 et
1395 474 1554 527 Georgii
1573 473 1761 540 Episcopi

288 504 565 573 Ambianetisis
595 544 740 570 nomen
767 532 971 583 praefert,
1007 544 1098 583 pag.
1128 534 1194 573 73.
1226 530 1320 569 edit.
1351 530 1563 580 Scaligeri,
1596 531 1668 583 qui
1709 530 1764 569 ad

289 602 401 627 oram
428 587 524 627 libri
555 587 801 640 Stephanum
831 588 881 626 ad
908 601 1028 629 xvm.
1064 587 1186 626 urbes
1225 587 1274 625 ab
1314 586 1543 632 Alexandro
1574 587 1761 632 conditas

287 646 439 692 referre
470 645 702 688 adnotavit:
733 645 900 690 totidem
929 645 1046 684 etiam
1077 643 1320 684 Eustathius.

404 704 718 752 Pag.321.11.
783 699 866 754 Τὴν
886 698 1133 754 Καβιώσαν]
1164 701 1254 750 Quo
1278 701 1439 740 nomine
1460 700 1633 744 donatur
1651 701 1760 745 Lao»

290 759 432 798 diceae
461 759 600 811 Syriae
629 759 736 810 regio
768 773 790 797 a
821 757 1081 811 Geographis.
1808 758 1810 760 ’

403 819 621 865 pag-321.
655 819 721 859 13.
780 812 1049 872 ΕπὶΠώρω]
1081 814 1193 854 Hanc
1222 813 1370 852 omittit
1404 812 1636 855 Chronicon
1661 812 1762 853 Ale-

281 871 541 911 xandrinum.

398 932 493 979 Pag·
523 931 619 973 321·
648 929 746 972 14.
778 927 881 983 Περὶ
909 929 1117 981 Κυπρίδος
1136 923 1342 979 ποταμόν]
1374 925 1760 966 Chron.Alexand1-.

283 985 403 1038 Super
424 986 620 1037 Cypridum
649 987 830 1038 fluvium:
870 985 920 1024 de
952 999 1056 1037 quo,
1098 986 1140 1023 ni
1171 985 1314 1032 fallor,
1357 983 1478 1023 silent
1519 982 1761 1036 Geographi.

287 1042 556 1087 Alexandriae
586 1043 625 1082 in
655 1043 788 1082 insula
819 1043 954 1095 Cypro
984 1041 1167 1080 meminit
1196 1039 1436 1107 Stephanus.

399 1102 493 1150 Pag
523 1102 720 1145 321.15.
784 1097 868 1152 Την
888 1097 954 1141 ἐπὶ
977 1095 1191 1152 Τρωαδος]
1225 1098 1357 1146 Quam
1374 1093 1493 1139 πόλιν
1518 1096 1666 1151 Τροίας
1684 1109 1762 1135 vo-

287 1161 353 1194 cat
380 1152 620 1208 Stephanus.

404 1216 498 1262 Pag.
526 1215 624 1255 321.
658 1215 722 1255 17.
779 1212 865 1258 Exi.
890 1209 1180 1266 Μεσαργαρὲς]
1213 1210 1398 1252 Chronio.
1432 1210 1762 1260 Alexandrinum,
1792 1223 1795 1229 ¹

288 1282 378 1324 quae
398 1272 438 1312 in
460 1269 701 1320 Blesasgiges.

403 1328 622 1377 Pag.322.
657 1330 693 1367 1.
768 1321 852 1376 Τὴν
884 1320 1052 1376 Κάσον]
1106 1323 1338 1364 Chronicon
1385 1322 1601 1370 Alexandr‚
1641 1322 1765 1402 habet

287 1381 366 1420 hoc
393 1382 511 1434 loen,
543 1382 802 1424 Alexandriam
820 1381 1070 1433 fortissimam.

403 1441 496 1489 Pag.
525 1443 622 1482 322.
652 1440 691 1483 5.
749 1434 987 1492 Αἰγύπτοὺ]
1019 1437 1308 1489 Aegyptiorum
1338 1438 1490 1488 Regum
1520 1435 1663 1476 seriem
1695 1435 1764 1481 de-

286 1494 470 1538 scribunt
500 1503 702 1548 praeterea
739 1495 934 1536 Eusebius
973 1494 1043 1535 lib.
1073 1509 1117 1535 11.
1163 1493 1310 1533 Chron.
1349 1500 1392 1534 et
1436 1491 1684 1548 Epiphanius
1711 1492 1764 1534 in

286 1552 357 1592 lib.
402 1552 450 1591 de
491 1553 739 1592 Ponderibus
794 1558 833 1591 et
873 1552 1045 1592 Mensur.
1088 1551 1157 1602 qui
1201 1551 1251 1589 ab
1293 1550 1466 1590 Eusebio
1495 1550 1538 1588 in
1568 1561 1764 1594 annorum

247 1626 258 1642 ι
285 1622 454 1652 numero
482 1609 703 1651 identidem
732 1609 937 1651 discedit.
976 1608 1130 1648 Auctor
1158 1606 1362 1647 Paschalis
1393 1606 1659 1652 Eusebianam
1687 1620 1764 1645 ra-

286 1665 434 1705 tionem
466 1667 665 1718 sequitur:
706 1666 909 1705 Cedrenus
939 1664 1122 1709 nonnihil
1151 1665 1290 1706 variat.

402 1725 496 1773 Pag.
524 1727 623 1766 322.
658 1726 695 1767 8.
755 1725 971 1775 Λίβωνος]
1008 1722 1111 1762 Idat.
1142 1722 1309 1761 Libonio
1365 1719 1493 1769 Fasti,
1523 1719 1678 1758 Lavino.

402 1783 719 1829 Pag.322.11.
781 1776 1019 1834 Παπύριος,
1061 1780 1161 1830 etc.]
1216 1779 1282 1818 Sic
1323 1776 1549 1829 legendum,
1607 1775 1763 1822 Idatme
1801 1821 1804 1825 ⁴
1864 1757 1867 1762 Α

285 1835 366 1875 MS.
395 1835 469 1874 His
492 1836 610 1875 Conss.
644 1841 718 1875 tum
744 1837 915 1876 Dictator
942 1839 1084 1878 creatus
1107 1837 1288 1888 Papyrz‘us
1316 1834 1470 1883 Cursor,
1513 1837 1547 1871 et
1576 1833 1763 1883 Magister

287 1891 465 1944 Equitum
484 1893 637 1934 Drusus.
699 1893 773 1932 Ubi
796 1893 968 1934 ridicule
999 1892 1185 1944 Scriptor
1201 1889 1403 1930 Paschalis
1423 1890 1668 1938 Dictatorem,
1688 1902 1763 1941 per

284 1962 424 1988 vocem
455 1947 739 2002 Λντιγραφεύς
768 1949 967 1990 reddidit:
1022 1962 1126 2000 quae
1163 1947 1325 1999 quidem
1362 1960 1446 1985 vox
1483 1947 1660 1995 Graeca,
1690 1946 1763 1984 Da·-

283 2009 423 2054 ctator,
459 2006 501 2044 in
543 2007 673 2045 Gloss.
717 2006 942 2049 Graecolat,
978 2005 1218 2057 exponitur,
1259 2004 1302 2043 id
1342 2008 1417 2051 est,
1459 2002 1760 2054 Contrascriptor.

286 2061 340 2104 At
368 2062 411 2102 in
444 2063 525 2106 Lat.
557 2064 624 2106 Gr.
654 2063 844 2112 Da‘ctator,
875 2058 1098 2115 Μὸναρχος
1126 2069 1235 2101 recte
1266 2060 1451 2099 vertitur.

402 2121 496 2169 Pag·
527 2123 623 2163 322.
656 2122 721 2163 15.
782 2115 1043 2186 Κερατάνου]
1072 2118 1172 2157 Idat.
1205 2119 1394 2166 Ceretano,
1425 2122 1467 2155 et
1497 2115 1618 2155 infra.

404 2179 624 2227 pag-322·
658 2180 723 2219 16.
782 2176 866 2217 Και
894 2171 1081 2226 Σύλλου]
1112 2175 1213 2215 [dat.
1244 2174 1370 2213 Rullo.

403 2235 497 2283 Pag-
527 2237 621 2276 323.
653 2238 692 2277 2.
753 2233 836 2273 Καὶ
857 2231 1064 2284 Σίλωνος]
1094 2232 1197 2271 Idat.
1228 2236 1262 2270 et
1280 2230 1415 2268 Filone.
1445 2229 1505 2268 Ita
1525 2227 1647 2267 Fasti.

403 2292 496 2339 Pag
527 2293 623 2333 323.
653 2290 692 2333 4.
751 2289 835 2335 Καὶ
868 2285 1083 2338 Φλάκκου]
1132 2289 1235 2327 [dat.
1265 2286 1450 2347 Flaccina.
1506 2285 1637 2335 Fasti,
1666 2283 1763 2324 Ben-

286 2359 375 2386 none
403 2349 436 2384 et
467 2346 603 2388 Fossio.

404 2405 497 2453 Pag-
528 2405 624 2445 323.
653 2404 692 2445 5.
750 2399 1011 2456 Βαρβούλου]
1059 2393 1761 2451 Schott.Ba1.,60va.ov.Scal.Bm·

289 2453 454 2512 βούλου.
490 2459 620 2508 Fasti,
650 2459 827 2502 Barbula.

310 2571 334 2611 d
405 2518 498 2569 Pag
526 2518 630 2563 323.
658 2520 722 2564 10.
789 2512 1036 2570 Κουρσωρος
1076 2531 1120 2557 το
1159 2510 1211 2567 ε’]
1270 2512 1370 2552 ldat.
1410 2525 1473 2551 111.
1527 2510 1623 2549 Mox
1649 2504 1693 2550 τὸ
1723 2503 1762 2549 ε’.

286 2572 307 2611 I
337 2578 389 2612 at.
419 2586 477 2614 1v.

406 2633 497 2680 Pag·
524 2632 622 2676 323
655 2631 719 2675 17.
776 2625 868 2671 Από
895 2625 1049 2675 τούτων
1077 2630 1158 2669 τῶν
1190 2623 1388 2676 Ίπᾶπων]
1419 2621 1649 2663 Chronicon
1679 2620 1758 2661 Eu-

288 2685 410 2727 sebii:
439 2689 488 2727 ab
511 2686 579 2729 hoc
605 2686 680 2730 loco
710 2684 886 2727 Edessena·
909 2699 976 2724 sua
1006 2689 1161 2736 tempora
1188 2685 1402 2735 computant.
1459 2679 1536 2718 Ubi
1563 2677 1757 2728 Scaliger,

285 2743 408 2785 allato
438 2741 639 2786 Paschalis
665 2742 783 2792 loen,
813 2742 1000 2781 observat
1027 2754 1168 2780 verum
1200 2739 1362 2792 quidem
1404 2750 1489 2777 esse
1525 2749 1547 2773 a
1577 2734 1759 2774 Seleuci-

135 2809 168 2844 V
193 2805 264 2846 426
287 2799 430 2838 darum
454 2799 615 2850 Epocha
647 2798 839 2838 Paschale
862 2799 1059 2837 Ecclesiae
1075 2796 1310 2836 Antiochiae
1339 2793 1493 2848 putari:
1523 2791 1593 2830 sed
1610 2792 1758 2835 falsum

286 2856 336 2896 ab
366 2855 429 2895 his
460 2857 569 2896 Coss.
600 2856 680 2896 imo
711 2872 732 2895 a
768 2856 876 2896 Coss.
916 2856 967 2894 M.
1000 2854 1158 2894 Valerio
1197 2852 1371 2893 Maximo
1411 2857 1451 2891 et
1479 2848 1600 2889 Decio
1629 2848 1757 2898 Mure,
