1820 3276
243 198 345 258 376
616 204 619 206 ’
817 212 1141 256 NOTAE

245 322 378 362 omnia
418 327 458 360 et
495 321 707 372 dignitates
747 323 1027 372 continentur,
1070 323 1179 375 apud
1208 323 1308 363 Lud.
1340 324 1546 365 Carionem
1573 325 1643 367 lib.
1673 339 1703 366 1.

243 378 378 429 Antiq.
419 378 524 416 Lect.
561 392 649 431 cap.
680 392 765 418 xw.
805 394 827 417 a
866 379 1036 418 Grutero
1075 379 1227 418 omissa.
1285 380 1476 420 Placitum
1509 382 1596 420 Cos.
1629 395 1707 420 ex-

243 434 386 486 pungit
417 434 661 474 Holstenius.
722 436 814 474 Post
851 434 961 474 hunc
1001 436 1255 475 Consulatum
1295 437 1484 477 inseritur
1521 439 1565 476 in
1604 438 1705 478 cod.

243 491 436 529 Vaticano
468 490 640 540 Tabula,
673 504 744 531 seu
771 492 894 541 Rota,
924 506 1042 544 quam
1065 492 1132 531 hic
1156 493 1308 533 damus.

359 550 452 597 Pag.
483 547 578 588 534.
614 551 677 589 17.
739 549 1088 602 Κωνσταντιαναὶ]
1110 549 1450 602 Constantinopol.
1469 549 1614 589 Christ.
1634 550 1706 590 lib.

243 617 270 642 1.
299 609 395 643 sect.
427 616 557 642 xxvn.
585 617 626 641 n.
658 618 696 645 v.

360 663 453 710 Pag·
485 659 579 703 535.
618 665 653 702 1.
714 662 998 702 Κωνσταντίου
1026 659 1070 703 'cd
1102 658 1170 714 ς’.]
1213 662 1303 713 Leg.
1341 657 1387 702 δ’.
1428 675 1477 700 ex
1508 662 1634 701 Fastis
1667 667 1708 702 et

245 715 342 754 Cod.
374 715 525 755 Theod.
554 716 664 755 Fasti
691 717 779 767 alii,
819 724 862 757 ut
897 718 1109 769 Capitolini
1139 725 1178 757 et
1209 719 1437 758 Laterculus
1465 719 1706 759 Praefector.

244 772 338 812 Urb.
379 772 436 811 sic
476 786 625 812 annum
659 772 770 812 hunc
809 774 1060 814 describunt:
1106 774 1194 814 Post
1224 775 1451 814 Consulatum
1478 776 1641 814 Amantia·
1673 780 1709 816 et

241 829 375 869 Albini.
432 829 710 880 Fragmentum
756 831 973 870 consulare
1012 838 1050 871 et
1085 831 1274 870 Paschale
1313 838 1471 870 centum
1513 845 1708 875 annorum

244 884 355 938 apud
391 885 656 925 Eucherium:
684 886 781 926 ⁴Post
815 888 982 927 Amantio
1020 893 1054 928 et
1088 889 1225 927 Albino.
1281 889 1426 927 Notam
1464 889 1709 929 numeralem

242 940 310 980 hic
341 941 448 980 delet
477 942 578 982 Cod.
608 942 818 982 Holstenii.
1386 959 1389 961 ’

358 1000 450 1048 Pag.
479 997 574 1041 535.
602 1001 641 1041 3.
704 998 944 1052 Ρουφίνου]
994 1000 1118 1052 Rufus
1166 999 1316 1039 dicitur
1362 1001 1578 1039 Hincmaro
1626 1002 1709 1040 Re-

242 1054 369 1094 mensi
399 1060 452 1095 to.
483 1068 595 1107 11.·p.
625 1055 719 1098 460.
741 1051 870 1099 475.'‘
893 1056 971 1095 Sed
1001 1057 1108 1096 Fasti
1137 1071 1271 1096 omnes
1298 1056 1470 1110 Rufinum
1499 1064 1654 1096 vocant.

357 1113 450 1160 Pag.
481 1112 576 1154 535.
606 1114 646 1154 6.
702 1112 927 1164 Λιμενίου]
969 1113 1009 1152 Is
1056 1114 1183 1166 Ulpius
1211 1113 1397 1152 Limenius
1430 1113 1510 1152 hoc
1548 1127 1710 1166 quoque

241 1180 347 1206 anno
387 1167 477 1206 Cos,
519 1173 560 1206 et
598 1168 827 1207 Praefectus
867 1169 963 1207 Urbi
999 1170 1106 1220 fuit,
1147 1177 1192 1209 ut
1223 1176 1284 1209 est
1320 1170 1361 1209 in
1390 1183 1511 1223 supra
1544 1170 1710 1210 laudato

240 1223 462 1263 Laterculo.
1393 1252 1395 1254 ·
1701 1239 1703 1241 ’

357 1282 451 1330 Pag.
481 1277 576 1320 535.
605 1282 645 1322 7.
703 1276 976 1333 Απεκτᾶνθη]
1027 1279 1174 1320 Iisdem
1225 1295 1351 1333 paene
1397 1283 1552 1333 verbis,
1608 1295 1713 1334 quae

240 1335 417 1374 versioni
447 1335 699 1386 inseruimus,
728 1335 829 1375 haec
855 1343 965 1376 recte
991 1338 1115 1376 refert
1143 1337 1294 1377 Idatius
1321 1339 1363 1377 in
1386 1338 1512 1379 Fastis
1529 1338 1580 1378 ad
1600 1340 1710 1378 Con-

240 1393 413 1430 sulatum
462 1391 590 1442 Sergii
636 1399 678 1431 et
720 1392 923 1444 Nigriani,
967 1407 1047 1446 quo
1087 1393 1302 1443 contigere.
1367 1394 1468 1435 Vide
1507 1395 1711 1436 Victorem

239 1447 417 1500 schotti,
454 1449 659 1488 Socratem
686 1448 759 1490 lib.
789 1463 834 1488 11.
866 1463 952 1502 cap.
981 1464 1081 1489 xxn.
1112 1457 1151 1489 et
1179 1451 1300 1499 alios,
1339 1457 1543 1503 praeterea
1580 1453 1711 1491 Scali-

183 1536 186 1537 γ
240 1519 380 1556 gerum
421 1504 471 1543 ad
513 1504 660 1546 Chron.
698 1506 859 1545 Eusebii
898 1520 939 1559 p.
969 1507 1065 1550 253.
1095 1513 1135 1547 et
1165 1507 1474 1547 Grandamicum
1502 1515 1620 1562 parte
1647 1522 1709 1548 111.

241 1560 389 1606 Chron.
423 1560 570 1600 Christ.
602 1576 640 1614 p.
670 1565 764 1605 116.
1144 1606 1146 1611 ‚
1699 1577 1702 1581 ’

356 1621 449 1668 Pag.
478 1618 573 1660 535.
603 1621 642 1661 8.
699 1619 835 1673 Αρξας
864 1618 930 1672 ἔτη
957 1616 1038 1673 ιβ’]
1064 1619 1172 1660 Haec
1200 1619 1325 1660 verba
1344 1620 1543 1662 duntaxat
1563 1621 1711 1662 absunt

242 1674 348 1727 apud
378 1674 560 1712 [datium.

356 1734 449 1781 Pag.
480 1729 576 1773 535.
607 1734 672 1774 10.
732 1729 1009 1785 Νεποτιανός]
1056 1733 1253 1786 Eutropia
1291 1747 1430 1774 sorore
1465 1736 1711 1778 Constantini

239 1792 370 1825 natus.
430 1786 529 1825 Vide
554 1787 691 1828 Famil.
720 1788 885 1840 Byzant.

356 1846 448 1892 Pag.
478 1841 574 1884 535.
608 1843 672 1885 14.
730 1841 950 1896 Λεόντιος]
982 1844 1082 1883 Vide
1110 1845 1422 1898 Philostorgium
1450 1848 1521 1890 lib.
1539 1863 1600 1887 111.
1623 1864 1711 1903 cap.

240 1911 341 1937 xv11.
373 1905 413 1938 et
441 1911 557 1936 xv111.
626 1899 743 1938 Hunc
778 1900 886 1939 inter
919 1901 1106 1940 Attianos
1143 1901 1348 1942 Antistites
1383 1918 1541 1957 semper
1571 1919 1713 1946 recen-

242 1962 302 1993 set
333 1953 591 2004 Athanasius,
636 1962 674 1995 et
704 1952 943 2005 οῗπόκοπον,
985 1971 1055 2007 seu
1084 1964 1300 1998 castratum
1328 1967 1457 2000 vocat.
1513 1961 1711 2002 Theodo-

241 2011 345 2049 ritus
385 2011 454 2049 lib.
484 2025 528 2049 11.
567 2011 668 2051 Hist.
709 2013 815 2053 Eccl.
857 2027 942 2065 cap.
973 2027 1016 2054 x.
1058 2015 1218 2053 natione
1255 2015 1453 2068 Phrygem
1489 2017 1610 2059 fuisse
1638 2020 1710 2070 ait,

243 2064 317 2119 τήν
347 2065 390 2108 δὲ
417 2064 584 2120 γνώμην
611 2070 865 2122 κρυψίνουν,
909 2069 978 2110 καὶ
1006 2067 1078 2118 τὰς
1105 2066 1292 2122 ὑφάλους
1328 2073 1473 2127 πέτρας
1506 2072 1712 2129 μιμούμε-

244 2139 331 2164 νον.
392 2124 493 2162 Vide
523 2130 727 2176 praeterea
747 2140 836 2178 cap.
853 2140 968 2165 xxw.
1025 2127 1140 2165 Unde
1170 2142 1193 2165 a
1224 2128 1395 2179 quodam
1425 2131 1574 2170 Ariano
1603 2133 1711 2172 Scri-

241 2186 358 2232 ptore
396 2179 495 2219 haec
530 2181 709 2221 hausisse
747 2182 958 2221 Auctorem
999 2182 1183 2222 Chronici
1221 2185 1384 2236 quidam
1428 2187 1590 2238 volunt,
1639 2189 1711 2241 qui

242 2242 451 2287 tantopere
481 2238 641 2286 laudet,
685 2251 801 2290 quem
831 2239 898 2278 alii
927 2240 1223 2292 perstringunt:
1270 2242 1379 2294 quod
1416 2243 1563 2283 accidit
1590 2245 1631 2283 in
1660 2246 1710 2285 iis

211 2296 214 2299 ⁴
242 2306 344 2344 quae
373 2293 477 2342 infra
508 2293 557 2332 de
588 2294 743 2334 Meletio
773 2301 921 2335 narrat.

359 2350 451 2398 Pag.
483 2349 577 2392 536.
612 2354 676 2393 18.
734 2348 927 2404 Σάπωρις
954 2350 1020 2405 δὲ]
1064 2354 1119 2392 De
1147 2353 1223 2392 hac
1253 2353 1376 2392 altera
1406 2355 1480 2394 sub
1510 2356 1710 2396 Constan-

242 2404 301 2443 tio
339 2404 539 2443 Nisibensi
580 2406 784 2446 obsidione
821 2415 942 2460 agunt
979 2410 1159 2449 Julianus
1199 2409 1311 2449 Orat.
1352 2425 1380 2449 1.
1410 2418 1449 2450 et
1477 2426 1523 2451 11.
1565 2413 1710 2452 Philo-

243 2460 415 2511 storgius
443 2461 511 2500 lib.
540 2475 600 2500 111.
627 2477 715 2515 cap.
744 2477 862 2502 xxm.
891 2466 1122 2506 Theodorit.
1152 2467 1220 2505 lib.
1249 2479 1293 2504 11.
1325 2479 1412 2519 cap.
1438 2481 1537 2508 xxx.
1573 2470 1710 2509 Geor-

244 2517 332 2569 gius
367 2517 622 2556 Hamartolus
650 2520 692 2557 in
722 2518 867 2560 Chron.
902 2523 982 2562 MS.
1010 2523 1175 2564 Cedren.
1206 2523 1348 2561 Zonar.
1384 2523 1710 2579 Afflupharaijus,

245 2580 285 2613 et
316 2574 396 2613 alii.
453 2574 531 2613 Sed
558 2574 601 2612 in
629 2575 769 2625 primis
797 2578 1060 2618 conferendus
1089 2577 1372 2630 Theophanes,
1402 2581 1471 2631 qui
1500 2580 1602 2621 haec
1629 2583 1709 2622 iis-

246 2630 335 2669 dem
368 2629 501 2670 verbis
535 2630 678 2682 quibus
706 2631 860 2671 Auctor
888 2634 1077 2674 Chronici
1104 2636 1238 2675 refert.
1297 2635 1398 2675 Vide
1434 2637 1557 2678 Henr.
1588 2639 1708 2679 Vale-

245 2687 346 2725 sium
375 2686 428 2726 ad
449 2686 515 2726 lib.
541 2701 608 2726 xx.
638 2687 848 2730 Ammiani.

357 2742 455 2794 Pag.
485 2742 579 2786 537.
612 2746 649 2787 1.
708 2744 793 2785 Καὶ
823 2748 1006 2794 Βασιλεῖς
1043 2744 1299 2799 μισθωτούς]
1339 2748 1564 2801 Praefectos
1602 2751 1707 2791 sorte

245 2799 567 2849 Provimiarum,
596 2813 698 2853 quos
726 2804 907 2850 Βασιλεῖς
936 2802 1051 2841 etiam
1082 2803 1333 2855 appellabant
1361 2806 1521 2845 Persae:
1561 2808 1706 2859 quibus

246 2867 335 2894 cum
359 2856 626 2910 imperarent,
653 2856 746 2898 inde
774 2860 957 2909 Βασιλεῖς
984 2858 1185 2902 Βασιλέων
1211 2874 1254 2901 se
1283 2861 1564 2904 inscribebant.
