1884 3262
317 188 385 236 94
643 189 888 233 SELECTA
915 188 989 231 AD
1022 188 1517 234 ILLUSTRATIONEM

319 303 646 351 Κωνσταντῖνος,
670 298 791 349 ὅυῖὂς
812 296 940 341 αὐτοῦ
949 311 959 322 ·
990 299 1013 342 5
1031 303 1104 354 τῆς
1127 306 1161 348 ς’
1181 299 1366 343 Συνόδου
1391 298 1644 357 Πατριάρχης
1666 299 1796 358 Πώρ-

431 373 538 412 γιος,
570 362 634 404 ις’-

320 411 615 464 Ιονστινιανὸς,
646 413 671 455 5
687 411 778 462 υἱὸς
800 410 951 464 αὐτοῦ,
981 413 1006 455 5
1028 411 1305 467 Ρινοκόπτης,
1336 421 1384 468 γ’.

318 468 538 520 Λεόντιος,
568 475 605 524 γ’
607 501 616 509 .

162 530 191 564 Ρ
216 531 287 567 412
315 529 560 580 Αψίμαρος,
592 526 615 568 5
640 526 709 567 καὶ
734 525 935 580 Τιβέριος,
968 528 1012 575 ζ’.

318 581 591 632 Ιουστινιανὸς
608 581 731 624 πάλιν
754 583 777 624 5
801 584 1096 635 Ρινοκοπηθεὶς
1117 582 1160 625 τὸ
1186 585 1238 637 β’,
1271 589 1305 631 ς’

321 638 586 690 Φιλιππικός,
619 639 643 681 5
664 640 734 681 καὶ
756 641 1056 692 Βαρδανίσκος,
1088 643 1139 693 β’.

316 697 533 765 Αρτέμιος,
564 697 584 738 5
603 697 671 738 καὶ
691 694 1021 747 Αναστασιος,α
996 698 1047 748 α’,
1079 699 1128 751 β’

320 750 536 802 Θεοδόσιος
558 752 582 795 5
599 750 906 822 Ατραμυτηνὸς,
938 758 990 793 α’.

315 811 437 852 Λέων
463 810 488 852 5
509 807 882 861 Εἰκονοκλάστης
861 827 882 852 ο
911 806 1100 863 Ισαύρος,
1132 816 1202 851 κε’

319 871 624 915 Κωνσταντῖνος
663 867 683 909 5
717 869 948 921 Καβαλῖνος
978 866 1003 908 5
1039 863 1373 920 εἰκονοκλάστης,
1416 867 1439 909 5
1466 865 1556 916 υἱός
1592 864 1745 918 αὐτοῦ,
1775 864 1798 908 ὅ

431 922 652 977 δυσσεβης,
681 927 748 964 λε’.

319 980 460 1031 Λέων,
490 980 512 1022 5
529 979 620 1029 υἷὸς
645 977 773 1021 αὐτοῦ
792 979 813 1022 5
831 980 875 1021 ἐκ
890 982 964 1049 τῆς
983 977 1193 1035 Χαζάρας,
1230 987 1270 1021 ε’

322 1041 652 1108 Κωνσταντῖνος,
684 1037 705 1079 5
734 1035 826 1086 υἱός
855 1033 1005 1087 αὐτοῦ,
1037 1036 1115 1079 σύν
1142 1035 1303 1093 Εἰρήνῃ
1339 1041 1392 1094 τῇ
1420 1037 1539 1092 μητρὶ
1566 1034 1714 1078 αὐτοῦ·
1747 1022 1795 1086 ὃς

433 1095 554 1143 κτίζει
573 1111 648 1147 την
674 1094 858 1143 Ποσέως,
894 1099 933 1135 ι’.

322 1154 361 1192 K
364 1155 629 1199 ωνσταντινος
646 1149 668 1192 5
686 1148 805 1199 αὐτὸς
824 1147 947 1203 μόνος
962 1152 1197 1204 κατεβίβασε
1213 1167 1288 1204 την
1308 1150 1478 1205 μητέρα,
1514 1153 1554 1200 ζ’.

320 1205 484 1262 Εἰρήνη
506 1204 638 1261 μήτηρ
660 1205 786 1249 αυτοῦ
807 1204 913 1261 μόνη
932 1205 977 1249 το“
996 1210 1047 1261 β’,
1078 1208 1143 1260 ἔτη
1165 1213 1207 1248 ε’.

321 1263 583 1333 Νικηφόρος,
614 1270 672 1305 θ’.

320 1319 593 1375 Σταυράκιος,
625 1320 649 1362 5
669 1318 760 1369 υἷός
779 1317 907 1361 αὐτου
918 1352 929 1371 ,
960 1323 1092 1372 μῆνας
1111 1321 1163 1372 β’,
1192 1319 1345 1373 ἡμέρας
1369 1326 1406 1360 ι’.

319 1378 508 1431 ΒΙιχαηλ,
541 1378 566 1419 5
583 1375 759 1431 γαμβρὸς
778 1374 908 1418 αὐτοῦ
918 1407 928 1426 ,
960 1378 1011 1430 β’.

166 1441 196 1477 V
219 1442 290 1478 330
312 1435 433 1476 Λέων
454 1435 478 1477 5
496 1432 696 1487 δυσσεβης
717 1434 787 1475 καὶ
817 1429 1145 1488 θηριογνῶμων,
1174 1432 1196 1476 5
1214 1432 1384 1487 σφαγεὶς
1407 1434 1463 1481 εἰς
1488 1431 1555 1475 τὸν
1574 1431 1795 1487 Κνριακὸν,

434 1494 464 1541 ζ’
481 1492 550 1533 καὶ
570 1489 708 1544 ἥμισυ.

317 1547 485 1603 Μιχαηλ
504 1546 622 1596 ἄλλος
641 1547 665 1589 5
689 1546 888 1601 Τραυλός,
919 1551 984 1588 ια’.

318 1605 518 1658 Θεόφιλος
537 1605 562 1646 5
583 1603 803 1657 αἱρετικός,
837 1605 903 1658 ιβ’.

319 1661 512 1717 Μιχαηλ,
544 1660 568 1703 5
587 1660 680 1710 υἱός
703 1658 855 1712 αὐτοῦ,
887 1658 963 1702 σὺν
980 1662 1177 1717 Βασιλείω
1197 1676 1252 1701 τω
1276 1657 1511 1710 Μακεδόνι,
1544 1663 1604 1702 ιε’-

317 1721 526 1767 Βασίλειος
549 1714 895 1772 Αυτοκρατωρ,κ
898 1719 919 1757 ¹.

317 1776 451 1826 Λέων,
467 1773 544 1816 6511
552 1790 607 1816 τω
590 1775 694 1816 υῑω
706 1774 1012 1829 Κωνσταντίνῳ,
1025 1772 1094 1814 καὶ
1106 1772 1356 1826 Αλέξανδρος
1373 1769 1554 1826 adel-9259
1566 1770 1728 1815 αὐτου.

318 1833 593 1886 Αλέξανδρος,
624 1831 648 1873 5
666 1818 845 1882 ἀδελφὸς
869 1830 1066 1880 Λέοντος,
1098 1829 1164 1882 ε’τη
1191 1830 1243 1880 α’,
1274 1833 1384 1882 μῆνα
1404 1834 1455 1870 α’.

324 1894 633 1938 Κωνσταντῖνος
670 1888 692 1931 5
725 1886 817 1936 υίὸς
843 1903 967 1928 αντου
999 1887 1177 1934 Λέοντος
1204 1885 1227 1928 5
1267 1886 1661 1940 Πορφυρογέννητος
1694 1885 1792 1940 μετα

437 1943 645 1987 Νικολάου
664 1941 923 1999 Πατριαρχου
946 1947 1020 1985 τοῦ
1048 1944 1215 1995 ἐπίκλην
1237 1941 1556 1998 Λογγοβᾶρδου,
1587 1943 1613 1986 5
1631 1944 1792 2000 ἐπίτρο-

435 2003 845 2056 πος*Αλεξανδρείας
859 2031 871 2053 .,
889 1999 954 2042 δια
979 1998 1024 2042 τὸ
1045 1998 1149 2041 εἶναι
1164 1998 1231 2041 τὸν
1253 2004 1563 2042 Κωνσταντῖνον
1578 2002 1726 2052 παῖδα,
1748 2002 1791 2051 ζ’.

325 2057 519 2129 Ρωμανός
546 2058 568 2101 5
596 2059 749 2114 γέρων,
787 2058 813 2099 5
841 2056 976 2099 ἐλθων
1003 2072 1101 2110 μετα
1130 2055 1209 2110 τήν
1235 2054 1416 2110 χιλιάδα,
1454 2056 1533 2100 σῦν
1564 2063 1649 2107 τοῖς
1684 2059 1794 2108 νιοῖς

435 2113 562 2157 αὐτοῦ
584 2112 869 2170 Χριστοφόρῳ,
888 2111 1088 2171 Στεφάνω
1102 2144 1113 2164 ,
1142 2114 1212 2154 καὶ
1234 2116 1527 2156 Κωνσταντίνω
1548 2118 1608 2171 τῷ
1625 2117 1794 2172 γαμβρῷ

436 2170 565 2214 αὐτοῦ
590 2189 644 2213 τω
668 2168 1070 2227 Πορφυρογεννήτῳ,
1100 2172 1173 2218 κς’.

323 2233 632 2278 Κωνσταντῖνος
650 2228 1057 2283 Πορφυρογέννητος,
1090 2225 1166 2268 σῦν
1187 2231 1243 2282 τῷ
1259 2228 1337 2283 υἷῷ
1354 2224 1484 2268 αὐτου
1501 2227 1702 2286 Ρωμανω,
1725 2232 1790 2270 ιε’.

322 2284 512 2340 Ρωμανός
525 2315 536 2336 ‚
567 2286 590 2327 5
608 2284 701 2334 υἱός
721 2287 1055 2336 Κωνσταντίνου,
1086 2299 1182 2338 μετα
1201 2300 1282 2324 των
1305 2285 1412 2325 view
1432 2281 1562 2328 αὐτοῦ
1578 2287 1792 2328 Βασιλείαν

432 2342 500 2383 καὶ
522 2344 855 2392 Κωνσταντίνου,
886 2343 934 2395 γ’.

319 2396 595 2470 Νικηφόρος,
608 2399 629 2440 5
665 2399 734 2439 καὶ
765 2402 936 2449 Φωκᾶς,
968 2396 1044 2439 65v
1078 2401 1136 2453 τῷ
1160 2399 1355 2453 Βασιλείᾳ)
1384 2397 1454 2438 καὶ
1479 2399 1789 2456 Κωνσταντίνω,

433 2455 466 2502 ς’
487 2455 555 2496 καὶ
575 2452 713 2508 ἥμισυ.

318 2513 548 2560 Βασίλειος,
582 2527 679 2565 μετα
697 2513 772 2552 τοῦ
791 2505 974 2562 αδελφου
997 2508 1328 2557 Κωνσταντίνου,
1356 2509 1432 2549 ναί

319 2572 648 2619 Κωνσταντῖνος,
680 2567 703 2609 5
725 2564 895 2618 οἶδελφός
914 2563 1063 2615 αὐτοῦ,
1094 2565 1160 2618 ε’τη
1179 2565 1228 2619 y'.

321 2623 514 2678 Ρωμανὸς
536 2621 741 2679 Αργυρὸς,
772 2624 837 2675 ἔτη
859 2625 903 2674 ε’,
935 2626 1067 2676 μῆνας
1092 2622 1134 2662 ε’

322 2680 527 2735 Μιχαηλ“’
506 2699 527 2724 ο
543 2682 634 2738 νέος
652 2681 676 2723 5
699 2677 957 2747 Παφλαγων,
992 2679 1057 2730 ἔτη
1079 2678 1120 2727 ζ’,
1151 2680 1280 2730 μῆνας
1298 2679 1349 2730 η’.

323 2735 630 2787 Κωνσταντῒνος
655 2737 677 2779 5
707 2732 978 2789 Μονομαχος,
1009 2735 1075 2787 ἔτη
1098 2735 1166 2787 ιβ’,
1197 2738 1328 2788 μῆνας
1350 2735 1393 2781 ξ’
