1820 3276
274 199 373 248 468
846 199 1307 242 NOTAE.-

272 309 425 362 inquit‚
470 314 659 348 antenos
688 307 753 346 alii
784 307 1061 357 adverterant,
1089 308 1198 346 illam
1228 322 1306 347 non
1336 323 1358 347 a
1386 308 1531 348 Christi
1564 308 1737 348 Crucifi-

275 369 419 413 xione‚
450 371 496 402 ut
524 370 639 416 putat
667 364 892 413 Victorius,
921 364 991 403 sed
1021 380 1043 403 a
1072 366 1271 416 Baptismo
1300 364 1470 413 deduci,
1507 379 1633 417 eoque
1664 378 1738 404 ve-
1780 392 1783 393 ν

276 424 360 462 rius
392 428 510 471 atque
533 419 801 472 prudentius,
838 420 1008 459 triennio
1037 422 1194 460 tardius
1223 436 1246 459 a
1275 435 1372 460 vero
1401 421 1602 460 Passionis
1631 435 1737 460 anno

274 485 314 517 et
343 477 564 516 Indictione
593 490 649 516 ιν.
678 476 720 515 id
750 483 808 515 est
838 477 886 516 ab
917 490 1020 515 anno
1048 478 1206 528 vulgari
1235 477 1384 516 Christi
1412 491 1531 516 xxxt-
1579 477 1737 516 Periodi

276 535 525 573 Victorianae
565 539 707 584 quarto
748 533 1060 583 advocaverant,
1114 534 1172 572 uti
1215 534 1400 585 pluribus
1438 533 1738 573 characteribus

275 591 393 629 docet
432 590 537 628 idem
578 589 817 630 chronicon.
886 590 997 628 Unde
1038 604 1127 629 cum
1166 589 1246 628 hoc
1285 604 1388 628 anno
1427 589 1576 628 Christi
1610 603 1737 629 nrxu.

274 647 416 685 indict.
443 661 484 685 x.
522 647 690 698 primam
734 646 930 698 expletam
972 646 1179 698 periodum
1221 646 1392 694 scribat,
1439 659 1584 684 annum
1621 646 1737 684 illum

273 704 476 741 evolutum
519 702 725 754 intelligit,
764 716 930 755 prorsus
970 709 1016 740 ut
1055 704 1226 755 primum
1263 702 1454 755 repetitae
1483 701 1640 755 periodi
1669 715 1740 740 an-

273 773 368 797 num
398 772 488 798 cum
518 773 660 798 nrxm.
692 765 932 812 componat:
963 759 1140 810 alioquin
1171 764 1238 797 aut
1265 772 1345 798 uno
1376 772 1479 797 anno
1511 758 1642 797 minus
1673 757 1738 796 di-

274 822 404 864 ceret,
445 821 514 853 aut
551 816 778 854 Passionem
817 829 896 854 non
939 815 988 854 ab
1028 815 1251 854 Indictione
1283 829 1339 855 1v.
1379 822 1417 853 et
1446 828 1551 853 anno
1580 814 1738 853 Juliano

273 885 411 911 Lxxvr.
444 885 558 923 quem
587 878 718 910 tamen
747 878 808 911 tot
836 871 942 910 notis
974 872 1214 923 designavit,
1244 872 1479 920 advocaret,
1511 870 1580 909 sed
1613 870 1661 909 ab
1690 883 1738 910 eo

274 928 344 980 qui
371 929 555 980 proxime
585 929 810 966 Passionem
840 928 1065 968 antevertit.
1124 928 1224 967 Vide
1255 942 1355 981 quae
1386 928 1435 966 de
1462 927 1539 965 hac
1567 925 1737 966 Periodo
1783 957 1785 959 .

274 991 509 1023 annotamus
538 985 580 1022 in
609 985 855 1023 Praefatione
883 998 923 1022 n.
951 998 1084 1024 xxxn.

389 1043 483 1090 Pag.
509 1042 603 1083 685.
636 1044 701 1083 17.
766 1043 847 1080 Τοῦ
886 1039 1003 1093 ἁγίου
1035 1039 1283 1095 Γρηγορίου]
1324 1041 1385 1078 Ex
1423 1039 1614 1091 Gregorio
1652 1038 1738 1077 Na-

273 1097 463 1135 zianzeno
495 1097 604 1135 Orat.
634 1111 678 1134 11.
709 1096 758 1135 de
788 1095 952 1136 Pascha.

127 1154 155 1188 P
181 1153 250 1190 602
391 1156 483 1203 Pag.
516 1155 613 1195 686.
644 1156 711 1195 22.
768 1151 854 1192 Επὶ
893 1150 938 1192 vo*
980 1149 1048 1192 ιθ’.
1090 1152 1200 1203 ἔτος]
1245 1151 1315 1190 Vir
1353 1151 1495 1190 doctus
1531 1150 1611 1189 hoc
1649 1151 1738 1188 loco

273 1224 349 1261 pro
379 1207 448 1250 ιθ’.
480 1210 643 1260 reponit
671 1205 720 1260 η’.
753 1222 802 1246 ex
834 1222 923 1260 pag.
954 1212 1048 1252 219
1077 1212 1171 1250 221.
1212 1215 1251 1247 et
1285 1207 1390 1249 infra
1426 1221 1502 1260 pro
1530 1204 1738 1271 12210Ρο-

272 1266 332 1304 nit
371 1262 426 1305 θ’.
483 1265 580 1303 Mox
621 1278 697 1316 pro
733 1260 783 1304 α’.
821 1264 981 1317 reponit
1018 1261 1067 1317 β’.
1124 1265 1233 1303 Haec
1271 1264 1470 1317 expendat
1507 1263 1574 1302 cui
1612 1263 1738 1302 otium

274 1321 363 1361 erit.

386 1375 606 1426 Pag.687.
638 1379 703 1419 17.
769 1372 820 1416 Τὸ
851 1371 923 1429 κγ’.
957 1371 1107 1429 μὸνου]
1155 1376 1326 1414 Notatur
1355 1374 1423 1413 hic
1452 1388 1578 1414 annus
1605 1375 1648 1415 in
1675 1375 1740 1414 In·

275 1433 494 1485 scriptione
538 1434 788 1472 Ravennensi
831 1432 936 1485 apud
974 1433 1218 1482 Scaligerum
1255 1433 1324 1471 lib.
1364 1445 1403 1470 v.
1447 1431 1496 1469 de
1533 1431 1738 1471 Emendat.

274 1497 397 1541 temp.
429 1503 516 1540 pag.
548 1491 641 1530 386.
670 1489 756 1541 Imp.
789 1488 938 1528 Domino
966 1490 1168 1527 Iustiniana
1196 1489 1271 1527 ΡΡ.
1288 1490 1382 1539 Aug.
1399 1501 1491 1525 anno
1507 1490 1740 1527 tricentesimo

275 1551 397 1584 octavo
415 1546 458 1584 P.
482 1543 522 1584 G.
541 1545 679 1583 Basilii
701 1559 793 1583 anno
813 1548 975 1584 vicesimo
994 1548 1118 1595 tertio,
1140 1546 1273 1583 Iduum
1299 1546 1479 1584 Iuliarum
1503 1545 1584 1584 Ind.
1605 1545 1738 1583 duode-

275 1605 367 1641 cima
390 1602 490 1640 Rau.
549 1601 624 1640 Ubi
653 1602 827 1653 Scaliger
851 1602 999 1650 edidit,
1033 1616 1125 1641 anno
1150 1604 1313 1640 vicesimo
1338 1603 1440 1640 tertio
1463 1599 1594 1640 Iduum
1616 1601 1736 1640 Julia-

272 1671 363 1698 rum.
422 1657 498 1696 Sed
537 1671 677 1696 vocem
715 1660 818 1696 tertio
853 1659 1143 1710 adjungendam
1179 1660 1342 1696 vicesimo
1374 1657 1527 1696 indicat
1565 1657 1736 1696 Indictio

274 1729 348 1753 xn.
378 1715 433 1752 ita
462 1721 508 1752 ut
540 1721 631 1753 ante
659 1727 802 1753 vocem
831 1714 963 1754 Iduum
992 1716 1135 1753 omissa
1164 1714 1267 1754 forte
1306 1714 1359 1753 sit
1398 1713 1499 1763 alia,
1535 1714 1632 1766 prid.
1663 1713 1739 1752 nisi

276 1771 375 1810 Cod.
399 1771 652 1823 praetulerit,
685 1770 742 1811 Id.
769 1771 845 1809 Jul.

391 1828 607 1876 Pag.687.
641 1829 704 1869 19.
765 1828 974 1867 Ιουστίνου
1002 1826 1096 1867 νέου
1126 1824 1169 1868 τὸ
1197 1824 1408 1895 δεύτερον]
1438 1825 1546 1866 Fasti
1570 1826 1739 1866 Vossia-

274 1882 318 1921 ni
345 1881 425 1920 hoc
456 1895 560 1920 anno
590 1881 851 1921 (ΠΗ-,11011111
882 1883 1046 1923 habent.
1084 1884 1290 1923 Ιουστίνου
1301 1879 1557 1952 Avyov'o‘tov
1586 1879 1737 1936 μόνου·

273 1938 417 1977 deinde
447 1952 551 1976 anno
582 1952 755 1976 Dvam
788 1940 996 1979 Ιουστίνου
1025 1955 1095 1979 του
1133 1935 1231 1992 Av’y.
1269 1937 1312 1979 τὸ
1339 1936 1385 1991 β’.
1416 1936 1567 2004 μόνου·
1588 1940 1662 1978 ita
1690 1945 1738 1978 ut

274 2008 398 2035 annus
436 1990 638 2041 οἷυύπατος
672 1994 908 2034 intercedat.
964 1996 1111 2033 Verum
1140 1995 1229 2047 jule
1257 2001 1452 2046 quaerunt
1480 1995 1559 2034 viri
1588 1995 1738 2034 eruditi

274 2051 363 2102 quis
390 2051 459 2089 ille
487 2051 539 2089 sit
570 2050 746 2089 Justinus
774 2052 937 2100 Junior,
984 2052 1052 2103 qui
1081 2050 1158 2089 hoc
1189 2065 1315 2099 ann0,
1355 2051 1573 2090 Justiniano
1603 2051 1736 2092 adhuc

271 2108 511 2158 imperante,
542 2107 692 2145 Consul
719 2108 784 2146 vel
809 2108 982 2160 primum
1011 2108 1078 2146 vel
1105 2108 1323 2146 secundum
1361 2108 1499 2155 fuerit,
1540 2122 1630 2147 cum
1659 2121 1735 2161 pro

275 2169 385 2202 certo
422 2163 492 2207 sit,
525 2163 711 2214 quandiu
750 2163 786 2202 is
824 2165 927 2202 vixit
965 2171 1058 2216 post
1088 2165 1346 2204 Consulatum
1376 2165 1512 2203 Basilii
1547 2165 1734 2215 Junioris,

273 2220 402 2257 nullos
432 2220 531 2258 alios
563 2227 717 2258 creatos
740 2221 947 2259 Consules.
1004 2221 1116 2258 Unde
1146 2221 1254 2270 apud
1284 2221 1603 2260 continuatorem
1633 2221 1736 2261 Mar-

274 2275 430 2322 cellini,
475 2281 514 2313 et
554 2276 721 2315 Marium
763 2278 1090 2326 Aventieensem,
1127 2276 1194 2315 hic
1224 2290 1348 2315 annus
1377 2277 1430 2316 ita
1462 2278 1658 2329 signatur:
1689 2276 1734 2316 P.

277 2331 317 2369 C.
344 2331 482 2370 Basilii
506 2345 604 2370 xxv.
633 2333 765 2371 Indici.
794 2347 876 2372 x1v.
933 2333 1070 2372 Iterati
1111 2339 1220 2372 certe
1254 2334 1489 2372 Consulatus
1518 2343 1613 2374 nota
1641 2346 1734 2386 spe·

274 2394 383 2426 ctare
419 2387 625 2426 videretur
660 2390 858 2427 Justinum
896 2389 1099 2428 Iuniorem
1138 2390 1323 2428 Germani
1359 2390 1506 2439 filium,
1545 2391 1615 2443 qui
1644 2391 1732 2432 Cos.

273 2443 352 2482 fuit
381 2457 487 2482 anno
508 2457 600 2483 uxr..
630 2445 777 2496 quique
805 2445 959 2483 Justino
987 2446 1147 2485 Juniore
1174 2447 1390 2497 imperante
1419 2446 1578 2486 demum
1607 2447 1734 2486 inter-

274 2500 402 2538 fectus
431 2500 531 2548 fuit,
566 2513 656 2539 cum
685 2500 858 2553 Sophiae
887 2502 1088 2552 Augustae
1121 2503 1254 2541 odium
1283 2502 1528 2541 incurrisset.
1582 2502 1733 2542 Deinde

272 2556 426 2608 primus
456 2556 694 2595 Consulatus
723 2558 866 2596 Justini
895 2558 1067 2596 Junioris
1095 2558 1372 2611 Imperatoris,
1413 2559 1453 2596 in
1493 2557 1572 2598 hoc
1601 2559 1733 2599 Chro-

272 2613 365 2651 nico
405 2618 443 2651 et
479 2611 585 2664 apud
625 2613 793 2652 Marium
829 2613 1134 2653 Aventicensem
1152 2644 1162 2663 ‚
1213 2628 1316 2652 anno
1353 2628 1382 2652 1.
1431 2614 1515 2666 ejus
1557 2615 1731 2668 Imperii,

274 2669 415 2708 indict.
437 2682 504 2708 xv.
532 2669 682 2720 primus
709 2669 868 2709 videtur
897 2670 987 2709 dici.
1045 2670 1156 2709 Unde
1185 2670 1381 2720 conjicere
1407 2671 1570 2722 liceret,
1598 2671 1732 2724 inquit

274 2724 478 2774 Norisim,
517 2725 639 2765 alium
669 2725 719 2765 ab
751 2726 929 2777 Augusto
956 2726 1152 2765 Justinum
1182 2726 1371 2776 intelligi,
1410 2727 1485 2766 nisi
1530 2734 1732 2771 constaret

272 2781 469 2820 Justinum
502 2782 702 2821 ,Iuniorem
738 2782 836 2835 Imp.
866 2782 1130 2822 intermissam
1168 2783 1238 2821 diu
1271 2783 1524 2824 Consularem
1553 2786 1730 2837 dignita-
1782 2809 1783 2812 =

273 2843 414 2876 tem-a
450 2837 672 2878 Justiniano
712 2845 796 2889 tum
833 2839 1006 2891 primum
1047 2850 1210 2878 rursum·
1248 2839 1514 2890 instaurasse,
1557 2841 1728 2893 indeque
