1820 3276
101 1163 131 1197 P
153 1162 224 1200 575

269 199 369 248 414
827 199 1151 246 NOTAE

266 310 447 365 conjicit.
475 323 554 350 non
584 311 693 378 quod
722 323 766 351 ea
795 317 879 351 tum
902 312 1153 363 ‘accida-int,
1180 311 1247 351 sed
1274 310 1382 364 quod
1410 311 1488 349 isto
1520 324 1623 350 anno
1648 309 1727 349 Eu·

268 370 404 418 decia,
444 380 534 406 cum
573 383 620 408 ex
659 370 709 408 iis
742 369 871 407 minus
908 383 949 408 se
996 370 1176 424 conjugi
1166 370 1342 419 'gratam
1382 369 1729 418 animadverteret,

268 439 377 464 sacra
407 425 495 463 loca
523 438 682 464 ruisum
719 425 892 464 adeundi
927 426 1157 465 facultatem
1190 425 1237 464 ab
1263 426 1332 463 illo
1359 415 1617 474 obtinuisset,
1659 423 1729 462 ubi

266 489 487 520 extremum
513 481 617 520 diem
644 481 743 520 obiit
775 496 878 521 anno
911 497 951 522 v.
979 483 1192 531 Marciani,
1221 488 1270 520 ut
1293 488 1351 519 est
1378 482 1486 534 apud
1515 479 1732 531 Theopha-

265 552 379 587 nem,
398 538 643 588 cedrenum,
676 544 714 577 et
735 540 966 591 Symeonem
994 539 1276 596 Logothetam‚
1303 527 1474 590 proinde
1495 536 1732 575 annochri-

266 595 317 633 sti
350 595 748 634 cn1.1v.Indictione
774 609 846 635 vn.
904 596 954 635 At
985 597 1158 647 Cyrillus
1189 594 1541 646 Scythopolitanus
1569 595 1610 632 in
1642 593 1731 631 V-ita

265 652 347 690 MS.
383 654 423 690 S.
447 651 648 715 Euthymii
682 665 768 704 cap.
797 665 895 694 xxv.
924 652 979 691 ait
1013 653 1155 691 obiisse
1185 665 1256 689 xx.
1287 651 1450 691 Octobr.
1481 650 1731 690 lndict.x1v.

266 721 368 759 quae
395 707 436 745 in
461 721 606 747 annum
637 709 744 747 cadit
781 722 894 750 cumr.
953 710 1004 747 Ut
1031 723 1151 761 porro
1181 707 1405 759 complures
1440 707 1568 745 Aedes
1601 718 1733 744 sacrae

265 764 308 802 in
341 764 563 804 Palaestina
598 765 833 815 aedificarit,
875 764 985 804 hisce
1011 766 1144 804 verbis
1182 765 1305 804 refert
1337 777 1426 816 cap.
1444 776 1588 803 xxxw.
1623 759 1734 802 Ηδὲ

266 821 443 873 μακαρία
465 819 650 863 Ευὸοκία
672 823 901 874 Εκκλησίας
926 820 999 875 μὲν
1029 819 1090 863 ότι
1117 823 1302 868 πλείστας
1323 823 1382 876 τῷ
1401 822 1562 874 Χριστῷ
1582 814 1734 887 φ’κοδό-

267 890 388 930 μησε,
421 875 670 932 μοναστήρια
701 877 745 919 δὲ
771 878 839 919 καὶ
868 883 1038 931 πτωχεῖα
1068 878 1136 919 καὶ
1163 881 1404 932 γηροκομεῖα
1431 879 1604 917 τοσαῦτα
1631 872 1733 928 ἅπερ

266 936 340 985 τῆς
363 933 460 986 ἐμῆς
480 933 555 976 οὔκ
577 935 658 976 ἐστι
686 932 895 985 δυναμεως
922 932 1125 988 ἀριθμεῖν.
1183 934 1363 973 Meminit
1391 939 1599 985 praeterea
1625 931 1732 970 idem

267 990 451 1054 Scriptor
482 992 523 1030 in
554 992 642 1030 Vita
670 994 709 1031 S.
741 992 889 1040 Sabae,
929 992 1128 1031 Eudociae
1156 992 1198 1030 in
1228 991 1344 1029 Locis
1373 990 1518 1028 sanctis
1547 1002 1735 1027 commo-

268 1047 418 1096 rantis,
458 1055 496 1087 et
523 1055 569 1087 ut
596 1062 688 1088 cum
720 1049 858 1087 eodem
889 1050 1035 1087 Sancto
1073 1047 1289 1101 Euthymio
1332 1052 1569 1086 conversata
1599 1044 1734 1094 suerit,

267 1109 434 1143 enarrat.

387 1163 480 1210 Pag·
510 1161 605 1203 585
632 1165 671 1204 9.
732 1156 863 1200 Εἶπεν
900 1159 944 1200 ἕν
978 1162 1037 1215 τῷ
1066 1159 1362 1214 βουλευτηρίου]
1414 1160 1530 1198 Deest
1565 1171 1649 1196 vox
1675 1155 1733 1197 ἐν.

269 1216 370 1257 Vide
390 1216 600 1267 Evagrium
623 1217 696 1257 lib.
710 1230 737 1255 1.
758 1230 842 1268 cap.
866 1229 934 1254 xx.
957 1221 997 1254 et
1023 1230 1111 1269 cap.
1138 1230 1257 1254 xvnx.
1275 1216 1346 1254 ubi
1367 1216 1416 1255 de
1441 1215 1518 1254 hac
1540 1215 1648 1253 aede.

387 1276 479 1323 Pag
504 1275 598 1316 585.
635 1277 698 1315 13.
757 1270 917 1325 Σπήλην
949 1272 1142 1325 Χαλκὴν]
1181 1273 1404 1343 Evagrius:
1437 1271 1508 1312 καὶ
1538 1267 1665 1311 εἰκόνι
1691 1268 1735 1310 ἐκ
1764 1270 1773 1275 “

270 1332 436 1370 Χαλκοῦ
457 1332 643 1382 τεχνικῶς
664 1325 871 1397 ἠσκημένῃ
891 1331 1032 1378 παῖδες
1056 1322 1284 1382 Λντιοχὲων
1307 1325 1435 1382 αὐτην
1467 1323 1734 1381 τετιμήκασιν,

268 1384 298 1440 ἢ
317 1386 387 1427 καὶ
405 1385 536 1440 μέχρις
554 1385 671 1438 ἠμῶν
692 1370 865 1434 σώζεται.

387 1446 480 1494 Pag·
511 1444 605 1486 585
638 1445 702 1485 16.
760 1443 839 1491 Εἰς
867 1437 1135 1498 Ιεροσόλυμα]
1164 1442 1356 1495 Evagrius
1382 1440 1450 1481 lib.
1474 1454 1505 1481 1.
1537 1454 1626 1493 cap.
1647 1452 1736 1478 xxx.

268 1513 373 1540 ΠΗ.

386 1558 479 1606 Pag·
517 1556 612 1599 585.
644 1556 712 1598 20.
772 1553 854 1595 Καὶ
879 1555 1047 1595 κτίσασα
1075 1557 1236 1608 μνῆμα]
1270 1555 1313 1593 [η
1344 1555 1443 1594 aede
1471 1555 1513 1596 S.
1531 1551 1737 1605 Stephani,

270 1612 399 1651 stadio
422 1613 469 1650 ab
487 1612 613 1662 Urbe,
638 1612 717 1650 ab
705 1625 792 1664 ipsa
812 1612 998 1662 condita,
1017 1617 1063 1650 ut
1083 1619 1142 1651 est
1161 1612 1270 1665 apud
1287 1613 1346 1652 Ev
1349 1612 1500 1663 agtium
1522 1624 1611 1663 cap.
1628 1622 1736 1650 xxn.

273 1676 313 1709 et
334 1662 557 1708 Cedrenum
587 1682 675 1721 pag.
697 1672 794 1711 337.

387 1729 479 1776 Pag.
510 1726 604 1768 586.
639 1729 676 1768 1
735 1723 818 1765 Καὶ
837 1720 1011 1779 Νόμου]
1049 1725 1115 1764 Sic
1143 1725 1241 1765 Cod.
1266 1724 1393 1764 Vatic.
1414 1737 1494 1763 non
1522 1735 1622 1762 vero
1649 1717 1771 1762 Nm>

271 1796 371 1835 μου,
400 1783 461 1821 uti
496 1782 676 1821 ediderat
704 1782 895 1821 Raderus.
952 1771 1061 1820 Fasti
1089 1782 1207 1821 etiam
1236 1781 1440 1830 Vossiani,
1469 1779 1640 1820 Nomnm:
1668 1779 1737 1817 Vi-

272 1838 449 1890 ctorius,
480 1838 669 1878 Nomium.-
698 1839 888 1890 Prosper,
920 1841 1107 1888 Senator,
1138 1839 1359 1888 Marianus,
1381 1838 1560 1889 Wigorn.
1578 1834 1736 1876 Nonium

270 1902 431 1935 vocant.
491 1895 568 1933 Sed
597 1891 753 1948 Νόμιον
779 1902 917 1934 exerte
947 1896 1124 1948 appellat
1143 1896 1301 1934 Priscus
1328 1907 1414 1947 pag.
1435 1898 1502 1937 71.
1525 1893 1617 1933 edit.
1641 1894 1735 1943 Reg-

274 1964 392 2004 quem
430 1950 657 2003 Magistrum
685 1958 723 1990 et
747 1951 962 1991 Patricium
986 1952 1107 1990 fuisse
1140 1954 1207 1991 ait.
1264 1950 1415 1990 Idatius
1436 1962 1534 1990 vero
1561 1963 1611 1989 ex
1638 1948 1737 1988 eod.

273 2009 355 2048 MS.
379 2008 432 2047 ita
458 2007 567 2047 hunc
590 2008 850 2047 Consulatum
879 2008 1103 2059 consignat:
1142 2009 1387 2048 Valentiniano
1405 2021 1459 2048 VI.
1479 2011 1514 2045 et
1533 2007 1636 2046 Aetio
1652 2019 1698 2048 11.

391 2066 482 2116 Pag
513 2067 607 2108 586.
637 2068 677 2107 2.
733 2065 956 2118 Λεοντίου]
987 2065 1127 2115 Scalig.
1150 2066 1386 2106 Λεοντίνου.
1415 2063 1523 2103 Fasti
1542 2062 1736 2112 Vossiani,

274 2121 433 2163 Αετίου.
473 2121 667 2171 Idatiani,
693 2122 796 2161 Aetio
815 2134 875 2163 111.
911 2122 982 2161 ubi
1009 2122 1291 2206 Symmachum
1327 2120 1494 2171 omittit,
1524 2133 1643 2173 quem
1667 2119 1736 2158 alii

273 2177 435 2218 habent.

391 2238 484 2284 Pag
511 2233 606 2277 586.
638 2237 677 2276 8.
738 2231 946 2287 Αλυπίου]
970 2234 1165 2288 Callepium
1186 2241 1334 2274 vocant
1355 2233 1623 2280 Marcellinus,
1639 2233 1741 2271 Pro·

274 2303 391 2343 sper,
419 2290 595 2341 Matius,
627 2290 828 2331 Victorius
847 2297 887 2330 et
904 2292 1082 2332 Senator.
1121 2289 1305 2333 Λλύπιον
1323 2291 1440 2331 etiam
1463 2290 1612 2330 habent
1627 2288 1736 2328 Fasti

273 2347 470 2387 Vossiani.

385 2404 485 2452 Pag.
516 2401 614 2446 586.
643 2402 682 2444 4.
741 2401 1111 2456 Μαρκιανόπολις]
1160 2402 1307 2457 Mysiae
1334 2405 1418 2442 urbs
1447 2417 1474 2442 a
1501 2414 1614 2441 sorore
1642 2400 1737 2440 Tra·

268 2461 358 2509 jam·
378 2458 560 2510 Principis
586 2461 643 2497 ita
671 2463 937 2509 cognominata,
966 2461 1096 2513 inquit
1119 2461 1350 2500 Ammianus
1370 2459 1443 2500 lib.
1463 2471 1596 2498 xxv11.
1615 2469 1734 2510 quam

273 2516 445 2569 Scythae
475 2515 545 2568 qui
563 2514 720 2553 finitimi
738 2523 874 2565 erant,
903 2524 949 2556 ut
966 2517 1114 2556 ibidem
1142 2524 1182 2556 et
1211 2518 1276 2556 lib.
1299 2529 1415 2555 xxx1.
1435 2520 1628 2564 tentatur,
1659 2513 1736 2553 ob-

271 2573 477 2623 tinebant,
516 2584 714 2624 quamque
745 2571 776 2610 ii
807 2572 968 2612 Tiberio
993 2574 1217 2625 imperante
1244 2585 1405 2613 rursum
1442 2577 1660 2624 ceperunt,
1689 2574 1736 2610 ut

273 2629 427 2669 Auctor
461 2634 522 2669 est
558 2628 786 2667 Simocatta.
843 2629 904 2668 Ab
933 2643 978 2669 ea
1015 2629 1227 2682 Scythicae
1269 2629 1442 2681 regionis
1477 2627 1734 2681 proximitate

275 2699 369 2740 pars
395 2685 463 2725 illa
488 2683 679 2724 Thraciae
709 2681 846 2739 Θρακη
880 2687 1095 2736 Σκυθίας,
1132 2686 1175 2724 in
1213 2698 1291 2738 qua
1323 2684 1455 2724 extitit
1480 2683 1733 2734 Dorostoluu,

278 2743 429 2782 dicitur
454 2744 495 2781 in
516 2741 596 2781 hoc
615 2741 794 2780 Paschali
827 2754 917 2794 pag.
946 2745 1042 2785 297.
1083 2718 1390 2794 Marcianopolis
1416 2743 1458 2780 in
1490 2740 1734 2781 Aemimoute

277 2800 467 2839 statuitur
494 2800 537 2838 in
555 2798 704 2838 Notitia
722 2798 864 2838 Leonis
881 2799 976 2850 Imp.
996 2810 1075 2838 una
1100 2811 1189 2837 cum
1209 2798 1513 2850 Hadrianopoli.

388 2854 483 2907 Pag-
512 2857 607 2900 586
636 2856 676 2900 6.
732 2854 1005 2910 Αναργίσκος]
1035 2855 1307 2897 MarceUinua:
1347 2854 1574 2906 Amegcsclus
1601 2851 1734 2904 Magi·
