1884 3262
281 206 382 255 242
847 202 1167 247 NOTAE
1248 246 1251 249 Δ

284 332 383 369 nus,
418 318 686 369 Μασαμῶνας
722 312 791 354 καὶ
822 309 1048 361 Μάκωνας.
1115 314 1289 364 Symeon
1325 309 1547 361 Logotheta
1585 305 1753 358 Μάκας.

284 377 436 424 Macos,
466 374 641 426 populos
673 371 780 410 circa
810 371 1041 410 Aracosiam
1069 375 1263 409 memorat
1293 367 1457 407 Plinius.

399 435 492 481 Pag.
526 431 594 472 52.
631 432 693 471 18.
757 428 959 479 Γαδείων]
989 427 1164 479 Syncell.
1194 432 1234 464 et
1263 425 1355 475 alii,
1386 423 1603 476 Γαδείρων.

400 491 492 537 Pag·
526 487 594 529 52.
624 488 692 528 20.
728 483 988 538 Λυγδονίαν]
1018 483 1259 524 Λυκαονίαν
1288 482 1426 532 legunt
1456 476 1609 518 A'uator
1638 479 1755 519 Eclo-

284 559 371 598 ges,
403 543 636 596 syncellus,
667 548 706 581 et
735 541 814 580 al'ri.

399 604 491 651 Pag.
524 601 592 643 53.
625 603 662 641 1.
720 596 953 650 Καμιλίαν]
1003 596 1219 648 Καμηλίαν
1265 594 1364 634 Cod.
1403 593 1531 633 Vafic.
1591 594 1757 646 Καββα-

284 659 374 699 λίαν
413 657 645 709 Syncellus:
706 655 918 708 Καβαλίαν
960 654 1183 693 cedrenus:
1238 651 1482 703 Καμβαλίαν
1511 650 1756 701 Logotheta=

285 716 500 767 Καμαλίαν
521 714 713 765 Georgius
732 711 976 761 Monachus,⁴
1002 709 1283 757 Hamartolus,
1315 709 1469 746 Auctor
1497 707 1688 759 Ecloges,
1718 712 1758 746 et

284 771 516 823 Logotheta.
1614 783 1615 786 ¹

399 831 491 878 Pag.
509 828 577 869 53.
607 829 647 867 2.
682 825 886 878 Φρυγίαν]
911 821 995 878 Τὴν
1022 819 1193 876 α’ρχαίαν
1217 821 1419 875 Φρυγίαν,
1440 821 1646 872 Aetnamve,
1665 819 1759 859 Au-

284 892 374 924 ctor
402 886 538 935 Eclog.
568 889 608 921 et
640 882 807 933 Logoth.

400 945 494 992 Pag.
515 942 582 982 53.
611 942 648 981 ὃ.
681 934 890 991 Κορσύρα]
921 933 1162 990 Κόρσουλαν
1190 934 1330 985 legunt
1349 934 1584 986 Syncellus,
1606 933 1759 972 Auct‘or

284 998 474 1038 chronici
503 995 782 1045 Alexandrini,
814 993 1034 1045 Logotheta
1064 999 1103 1031 et
1133 991 1366 1042 Cedrenus,
1406 991 1475 1042 qui
1505 997 1588 1030 tres
1618 986 1758 1042 ἐπισή-

284 1072 385 1108 μους
413 1054 564 1093 insulas
593 1052 673 1091 hoc
711 1053 802 1091 loco
845 1050 1134 1106 praemittunt,
1177 1049 1374 1098 Sardum,
1416 1048 1574 1087 Cretam
1605 1053 1644 1087 et
1674 1048 1759 1099 Cy-
1827 1053 1831 1057 '

281 1126 421 1166 prum:
451 1111 628 1162 reliquas
659 1109 912 1156 ἐπικοίνους,
953 1119 1023 1145 seu
1053 1113 1099 1145 ut
1125 1108 1304 1158 praefert
1333 1104 1576 1156 Logotheta‚
1605 1103 1759 1145 ἐπικοι-

134 1172 163 1207 V
189 1170 257 1209 401
281 1168 492 1219 11025,1vel
523 1172 568 1204 ut
597 1166 825 1215 Gadi-enus,
857 1164 1077 1213 ἐπικοινοῖ,
1120 1163 1227 1201 inter
1268 1175 1368 1213 quas
1406 1162 1582 1214 primum
1621 1161 1758 1200 locum

283 1226 439 1265 obtinet
475 1223 636 1262 comula.
695 1223 807 1261 Infra
846 1226 980 1259 autem
1018 1232 1248 1258 communes
1289 1218 1412 1257 fuisse
1444 1217 1593 1256 Chamo
1623 1224 1662 1257 et
1689 1218 1758 1256 Ja-

281 1283 406 1335 pheto
438 1281 642 1320 dicuntur.
699 1279 802 1318 Vide
830 1283 1039 1329 praeterea
1062 1273 1608 1327 Anonymum'Ravennatem
1626 1275 1704 1333 111)ἱ
1718 1274 1758 1316 5.

282 1346 378 1379 sect.
414 1351 545 1376 xxxu.

395 1395 491 1434 Ibid.
553 1389 820 1446 Ταυριαννὶς]
867 1389 1020 1429 Chron.
1056 1388 1171 1427 Alex.
1207 1387 1395 1427 Taurana.
1456 1387 1620 1441 Hippol,
1655 1387 1757 1427 Tau-

282 1455 401 1491 riana.
461 1451 522 1489 An
546 1450 766 1498 Tauriana,
798 1448 850 1486 de
880 1460 960 1498 qua
990 1446 1136 1485 Strabo
1167 1444 1236 1483 lib.
1267 1458 1326 1486 VI.

396 1511 489 1558 Pag.
509 1506 577 1550 53.
611 1505 649 1548 4.
695 1503 837 1555 Χῶος]
870 1506 972 1551 Χῖος
998 1503 1096 1544 Cod.
1127 1502 1306 1542 Vatican.
1338 1500 1458 1553 Apud
1486 1500 1758 1554 Epiphaniam

281 1565 382 1604 haec
410 1577 495 1604 vox
523 1563 624 1602 male
649 1561 832 1614 jungitur
867 1561 1070 1612 sequenti,
1101 1555 1517 1613 Κορκουλαπάδουσα.
1568 1557 1756 1598 Chronic.

282 1622 503 1662 Alexandr.
537 1620 706 1668 Corsula,
735 1618 982 1669 Lampadusa.

402 1681 495 1728 Pag.
514 1677 582 1720 53.
609 1676 652 1718 5.
701 1674 887 1727 Γαῦσος]
922 1673 1080 1721 Γαῦδος
1110 1671 1249 1711 Codex
1267 1671 1502 1720 Vaticanus,
1533 1670 1745 1723 syncellus

285 1742 326 1774 et
354 1735 441 1774 alii:
487 1734 631 1772 Gaulus
659 1731 870 1784 Hippolyt.
922 1731 1050 1769 Gaulu
1077 1730 1120 1768 in
1151 1728 1300 1768 Chion.
1319 1728 1608 1769 Alexandrino.
1655 1727 1758 1770 Vide

285 1791 415 1834 Ortel.
444 1791 490 1829 in
521 1790 669 1830 Gaulos.
1791 1815 1797 1824 .

396 1847 493 1886 Ibid.
562 1842 785 1896 Γόρσκυα]
839 1838 1047 1896 Γορρτύνα
1087 1841 1289 1894 Epiphan.
1349 1838 1544 1895 Κορσύρα
1587 1840 1757 1892 Syncel-

282 1904 367 1942 lusa
400 1899 589 1958 Γορσύνα
618 1901 719 1940 Cod.
750 1899 877 1939 vatic.
906 1899 1183 1952 Hippolytus,
1213 1897 1453 1949 Logotheta‚
1485 1897 1688 1937 Cedrenus
1718 1902 1759 1937 et

284 1960 433 2000 Chron.
464 1958 792 1999 Alexandrinum.

137 2021 166 2056 Ρ
191 2019 260 2058 494
337 2043 342 2046 »
397 2017 492 2056 Ιόίά.
553 2014 759 2068 Νίσυρος]
807 2013 1013 2066 Νῖσουρος
1042 2011 1322 2064 Epiphanius:
1374 2007 1616 2065 Νήσσουρος
1651 2011 1759 2062 Syn-

284 2074 430 2112 cellus:
453 2068 681 2126 χΝήσουρος
717 2070 814 2108 Cod.
847 2070 928 2108 MS.
960 2069 1153 2109 Cedreni:
1187 2069 1380 2122 Νίσυρις,
1401 2068 1568 2118 Editus,
1603 2065 1756 2120 Nisyra,

282 2130 432 2170 Chron.
454 2128 782 2169 Alexandrinum.

400 2191 494 2237 Pag.
512 2187 579 2229 53.
596 2188 636 2227 6.
666 2181 867 2238 Μεγίστη]
897 2182 958 2220 lta
971 2181 1219 2234 Hippolytus
1250 2189 1291 2222 et
1321 2181 1581 2235 Epiphanius.
1609 2179 1756 2233 Lyciae
1808 2176 1812 2190 '

282 2244 412 2283 insula
441 2244 669 2283 Ptolemaeo
699 2247 738 2279 et
766 2238 969 2291 Stephano
998 2244 1108 2277 nota.

398 2300 494 2340 Ibid.
553 2296 758 2352 Κερκίνα]
809 2295 1006 2348 Epiphan.
1045 2295 1246 2350 Κέρκυρα.
1301 2295 1405 2336 Vide
1440 2296 1534 2337 Not.
1573 2293 1624 2333 ad
1662 2305 1753 2346 pag.

279 2359 348 2401 33.
379 2370 415 2396 c.
711 2359 719 2362 “

395 2412 492 2453 Ibid.
553 2405 818 2463 Γαυλορήτη]
863 2408 1112 2462 Γαυλορίδης
1130 2441 1142 2459 ,
1187 2409 1422 2461 Syncellus,
1462 2405 1683 2459 Logotheta
1713 2412 1755 2446 et

281 2469 505 2510 Cedrenus:
556 2466 765 2506 Gauloroda
803 2464 1031 2504 Chronicon
1066 2465 1393 2506 Alexandrinum.
1448 2468 1604 2512 Γαῦλος
1642 2459 1754 2517 Ρήδη

283 2525 482 2580 Epiphan.
510 2523 710 2563 distinctis
730 2522 931 2568 xvocibus:
959 2521 1171 2574 Hippolyt.
1205 2523 1351 2572 Cretae,
1379 2523 1532 2563 Gaulus.
1576 2519 1754 2572 Anony-

279 2597 370 2622 mus
400 2583 630 2630 Ravennae,
655 2580 905 2627 Gaulometin,
942 2579 1047 2617 forte
1075 2593 1146 2630 p1o
1185 2580 1422 2631 Gauloretin‚
1466 2579 1573 2618 inter
1601 2577 1751 2616 insulas

281 2639 555 2692 Lampadusae
580 2637 734 2677 vicinas
762 2635 914 2687 pariter
941 2642 1125 2675 recenset
1151 2636 1220 2675 lib.
1251 2651 1291 2677 v.
1330 2642 1424 2676 sect.
1452 2647 1579 2674 xxnt.

404 2700 493 2747 Pag.
520 2696 588 2739 58.
619 2698 660 2737 7.
719 2688 888 2744 Μήνιξ]
916 2688 1048 2743 Μήνη
1078 2692 1342 2745 Epiphanius:
1381 2693 1501 2745 Μίνη
1527 2690 1752 2742 Syncellus,

279 2752 499 2802 Logotheta
531 2758 577 2799 etr
599 2749 819 2790 Cedrenus:
846 2748 984 2787 Minna
1013 2747 1243 2789 chronicon
1259 2749 1476 2792 Alexandr.
1501 2747 1627 2788 Menix
1647 2747 1751 2799 Hip-

280 2809 459 2861 polytus.
517 2808 657 2847 Victor
689 2807 733 2846 in
771 2805 880 2858 Epit.
925 2805 974 2844 In
1000 2807 1122 2846 insula
1151 2807 1350 2859 Meninge,
1388 2819 1479 2858 φιαε
1506 2818 1603 2845 nunc
1634 2805 1750 2843 Girba

281 2866 424 2903 dicitur.
