1884 3262
324 217 389 262 64
674 211 952 254 ANALYSIS
983 211 1433 255 CHRONOLOGICA

326 327 447 366 fuisse
467 327 561 365 feria
589 327 627 369 4.
651 333 690 365 et
708 327 792 364 dies
828 330 892 368 13.
917 325 1082 376 Augusti
1110 326 1207 366 feria
1239 331 1274 369 1.
1307 327 1428 379 Cyclo
1457 328 1551 367 solis
1580 332 1644 372 16.
1675 329 1790 369 litera

327 384 560 423 Dominicali
579 384 622 422 A.
652 383 704 421 ita
723 389 770 420 et.
784 389 875 434 post
891 396 1061 421 mensem
1093 383 1312 435 Septembr.
1337 391 1537 434 servatur,
1574 386 1709 424 eadem
1731 386 1791 424 li·-

323 447 407 479 tera
435 440 686 481 Dominicalis
705 439 888 489 idemque
911 440 1076 491 Cyclus,
1108 454 1196 477 curn
1219 440 1302 478 dies
1331 441 1367 482 5.
1398 441 1622 480 Decembris
1642 442 1792 480 dicitur

326 497 446 535 fuisse
481 497 576 533 feria
607 498 645 537 3.
706 496 843 546 ltaque
870 495 960 533 loco
990 496 1109 533 citato
1138 510 1188 533 ex
1215 511 1307 549 pag.
1339 498 1435 538 313.
1468 512 1500 536 c.
1541 499 1662 549 magis
1695 504 1792 550 puto

326 552 511 590 mendum
537 565 621 589 esse
646 558 692 589 ut
717 554 754 593 6.
786 551 879 589 Idus
906 551 983 591 Jul.
1013 553 1204 604 scriptum
1235 553 1305 600 sit,
1345 566 1422 604 pro
1455 556 1493 595 7.
1527 554 1632 592 idus.
1693 555 1793 592 Nam

207 615 238 648 V
261 614 307 650 40
329 609 508 661 pluribus
545 607 631 646 aliis
662 607 703 645 in
739 608 839 646 locis
869 608 986 646 feriae
1016 609 1201 646 mendose
1233 615 1449 660 corruptae
1479 617 1590 658 sunt,
1619 616 1675 656 ,ut
1698 625 1792 663 pag.

327 669 420 707 313.
445 663 482 704 d.
515 664 596 704 [nd.
619 667 656 705 6.
679 667 717 706 7.
747 664 805 706 Id.
827 665 952 716 April.
987 665 1068 702 sive
1097 669 1136 707 7.
1158 665 1283 716 April.
1317 666 1466 704 dicitur
1486 667 1606 705 fuisse
1635 667 1733 704 feria
1753 669 1793 708 2.

328 736 417 759 cum
437 722 558 759 fuerit
575 725 613 762 7.
633 721 747 758 litera
773 721 820 758 G.
851 727 890 759 et
910 720 994 759 Ind.
1015 724 1051 762 3.
1082 736 1122 774 p.
1145 724 1237 764 319.
1274 721 1309 759 b.
1342 722 1424 760 dies
1453 725 1521 765 25.
1542 722 1707 773 Augusti
1731 722 1792 760 di-

328 779 432 816 citur
455 778 574 816 fuisse
597 777 693 816 seria
716 777 753 819 5.
785 790 874 814 cum
896 777 1016 815 fuerit
1041 781 1077 819 6.
1102 777 1222 828 Cyclo
1257 778 1348 817 solis
1367 781 1433 819 22.
1455 779 1568 817 litera
1591 779 1794 817 Dominica

327 836 374 873 A.
405 840 443 872 et
460 849 499 886 p.
522 837 615 875 322.
643 833 727 871 [nd.
748 837 784 874 3.
815 833 900 871 dies
921 836 960 874 2.
985 835 1095 886 Sept.
1120 833 1267 872 dicitur
1287 834 1383 872 feria
1405 836 1443 875 4.
1475 849 1564 873 cum
1586 835 1636 873 sit
1656 835 1692 877 5.
1715 836 1796 887 Cy·-

327 893 390 930 clo
417 890 512 928 solis
532 893 570 931 9.
602 891 717 928 litera
749 889 939 928 Dominic.
971 891 1014 928 C.
1073 891 1124 928 Et
1149 905 1188 942 p.
1219 893 1314 933 385.
1349 890 1383 928 b.
1425 891 1511 929 [nd.
1544 895 1583 932 2.
1611 892 1694 930 dies
1723 895 1794 934 28.

329 948 492 986 Octobr.
514 947 662 985 dicitur
682 947 780 985 feria
803 951 843 989 7.
876 959 966 984 cum
992 947 1043 984 sit
1069 950 1110 990 2,
1134 947 1256 997 Cyclo
1284 947 1378 985 solis
1406 949 1468 988 18.
1488 948 1603 985 litera
1622 948 1666 986 F.
1695 953 1733 986 et
1751 963 1794 1000 p.

329 1009 424 1048 390.
447 1020 484 1045 a.
516 1004 601 1045 Ind.
622 1007 659 1045 9.
692 1003 775 1041 dies
802 1005 840 1046 5.
861 1003 965 1040 Junii
986 1003 1133 1040 dicitur
1152 1003 1249 1041 feria
1273 1007 1307 1044 1.
1344 1017 1430 1041 cum
1449 1003 1500 1041 sit
1519 1007 1558 1046 6.
1581 1004 1702 1056 Cyclo
1727 1017 1797 1042 so-

328 1063 377 1100 lis
397 1063 463 1104 25.
485 1061 599 1100 litera
623 1061 665 1099 1).
725 1061 775 1098 Et
795 1060 888 1111 quia
905 1058 1039 1097 hocin
1060 1059 1256 1098 Chronico
1279 1060 1510 1111 frequenter
1529 1061 1620 1098 anni
1641 1060 1796 1098 initium

331 1118 585 1156 constituitur
605 1118 644 1155 in
668 1117 730 1154 die
751 1120 816 1157 21.
836 1116 988 1164 Martii,
1021 1130 1100 1167 quo
1130 1117 1422 1167 aequinoctium
1455 1131 1477 1154 a
1505 1117 1687 1155 Patribus
1715 1123 1797 1154 sta-

328 1175 508 1222 bilitum,
539 1181 585 1213 ut
600 1174 702 1212 infra
718 1189 758 1226 p.
776 1176 842 1215 72.
875 1171 909 1211 b.
941 1173 1010 1210 ubi
1041 1174 1199 1210 omnino
1226 1173 1433 1211 sciendum
1461 1186 1588 1224 neque
1618 1179 1709 1224 post
1729 1176 1796 1215 21.

330 1232 462 1270 Martii
479 1232 589 1282 Cycli
608 1231 746 1268 solaris
769 1229 831 1267 vel
859 1229 996 1267 literae
1023 1231 1281 1268 mutationem
1309 1229 1416 1277 fieri,
1446 1237 1491 1268 ut
1511 1237 1622 1282 patet
1639 1245 1678 1281 p.
1699 1231 1796 1271 382.

332 1288 368 1327 Ζ).
401 1289 483 1328 ind.
509 1290 570 1329 13.
602 1287 669 1324 ubi
694 1285 776 1323 dies
793 1288 857 1326 20.
879 1285 1011 1323 Martii
1031 1292 1140 1324 recte
1171 1286 1319 1324 dicitur
1349 1285 1444 1323 feria
1477 1290 1514 1328 6.
1546 1287 1669 1338 Cyclo
1704 1285 1798 1324 solis

334 1345 397 1386 14.
414 1345 529 1382 litera
555 1345 596 1381 D.
618 1348 656 1381 et
676 1347 964 1392 consequenter
981 1341 1066 1379 dies
1087 1345 1154 1382 22.
1181 1342 1328 1380 dicitur
1351 1345 1414 1384 16.
1435 1342 1535 1380 seria
1560 1348 1595 1384 1.
1627 1349 1666 1381 et
1692 1355 1798 1379 con-

330 1407 540 1452 sequenter
556 1400 647 1438 item
670 1398 751 1435 dies
774 1401 810 1439 3.
828 1398 993 1435 Octobr.
1016 1398 1112 1435 feria
1134 1402 1172 1439 7.
1202 1399 1254 1437 ita
1279 1405 1323 1436 ut
1345 1411 1390 1437 eo
1411 1412 1512 1436 anno
1537 1413 1558 1436 a
1577 1402 1643 1440 20.
1666 1398 1800 1437 Martii

327 1470 456 1508 usque
485 1456 534 1494 ad
570 1459 607 1497 3.
638 1454 800 1492 Octobr.
829 1454 963 1492 eadem
999 1454 1264 1505 proculdubio
1299 1455 1349 1492 sit
1386 1455 1499 1493 litera
1530 1455 1797 1497 Dominicalis.

328 1514 487 1552 Initium
518 1512 621 1551 enim
642 1511 733 1549 anni
755 1511 973 1549 secundum
1004 1512 1200 1549 Romanos
1231 1517 1292 1549 est
1321 1525 1343 1549 a
1370 1511 1580 1561 Januario,
1621 1518 1665 1550 ut
1693 1516 1802 1564 patet

331 1585 380 1609 ex
396 1584 488 1623 pag.
509 1571 601 1611 379.
627 1567 738 1619 Cycli
756 1574 886 1605 tamen
913 1567 1062 1605 solares
1083 1574 1122 1605 et
1141 1568 1300 1606 lunares
1329 1582 1454 1620 paene
1478 1581 1612 1606 omnes
1629 1581 1711 1606 uno
1731 1581 1803 1605 an-

208 1634 236 1667 P
261 1630 307 1668 45
333 1641 386 1665 no
412 1632 502 1664 ante
533 1625 762 1663 scribuntur
792 1637 909 1674 quam
940 1625 1138 1673 oriantur,
1170 1631 1213 1662 ut
1243 1625 1282 1662 in
1308 1638 1409 1662 anno
1439 1624 1576 1662 mundi
1605 1623 1729 1668 5504.
1758 1639 1800 1676 p.

262 1709 267 1714 ·
334 1683 428 1726 194.
449 1698 482 1721 c.
516 1682 667 1719 dicitur
696 1694 780 1718 esse
800 1681 945 1731 Cyclus
977 1684 1042 1722 14.
1081 1694 1170 1719 cum
1199 1681 1249 1718 sit
1279 1687 1432 1719 tantum
1465 1683 1528 1722 13.
1563 1681 1658 1732 quia
1684 1680 1801 1718 nimi-

331 1753 420 1779 rum
448 1744 613 1790 putatur
645 1750 728 1775 esse
761 1750 887 1774 annus
913 1738 1035 1779 5505.
1064 1750 1143 1775 non
1175 1736 1297 1779 5504.
1358 1737 1424 1774 Sic
1461 1742 1500 1774 et
1530 1750 1634 1775 anno
1663 1735 1803 1775 mundi

331 1796 454 1839 5505.
492 1794 638 1845 Cyclus
664 1793 815 1830 lunaris
846 1792 995 1830 dicitur
1021 1806 1104 1831 esse
1134 1797 1196 1835 16.
1230 1806 1319 1831 cum
1345 1794 1397 1830 sit
1425 1798 1579 1830 tantum
1611 1792 1675 1835 14.
1708 1793 1802 1843 quia

332 1851 520 1891 videlicet
541 1850 788 1888 existimatur
809 1862 892 1886 esse
915 1862 1038 1886 annus
1060 1850 1111 1888 M.
1135 1849 1256 1892 5507.
1287 1862 1366 1887 non
1386 1848 1508 1892 5505.
1536 1864 1629 1902 pag.
1653 1851 1746 1891 199.
1769 1864 1802 1888 c.

334 1909 391 1947 sic
415 1914 454 1945 et
474 1921 566 1960 pag
585 1907 680 1948 215.
703 1905 738 1943 b.
763 1919 888 1942 annus
910 1906 959 1942 M.
978 1904 1098 1947 5537.
1133 1906 1277 1957 Cyclus
1305 1906 1457 1943 lunaris
1485 1905 1632 1944 dicitur
1661 1919 1746 1943 esse
1764 1908 1803 1947 9.

336 1972 375 2004 et
397 1963 538 2003 solaris
557 1966 624 2004 22.
658 1962 749 2013 quia
768 1961 1016 1999 existimatur
1051 1975 1134 2000 esse
1166 1976 1291 2000 annus
1309 1962 1359 2000 M.
1381 1964 1501 2004 5538.
1533 1975 1622 1999 cum
1644 1962 1696 2000 sit
1710 1967 1804 1999 tan-

335 2029 420 2059 tum
440 2021 561 2062 5537.
588 2026 626 2057 et
648 2020 703 2070 Cy
708 2019 790 2056 clus
809 2018 926 2056 lunae
947 2021 985 2060 8.
1015 2024 1053 2056 et
1071 2019 1163 2056 solis
1186 2022 1253 2059 21.
1288 2024 1326 2055 et
1351 2031 1475 2055 annus
1496 2018 1548 2056 M.
1568 2019 1690 2060 5539.
1707 2032 1803 2084 pag.

335 2080 428 2118 220.
448 2074 486 2113 (l.
517 2088 606 2113 cum
637 2075 686 2112 sit
708 2087 833 2113 annus
867 2077 929 2116 10
970 2075 1155 2124 Lunaris,
1199 2074 1347 2112 dicitur
1376 2074 1537 2125 quidem
1570 2088 1655 2112 esse
1681 2070 1804 2125 φύσει

336 2133 534 2181 decimus,
565 2131 678 2171 θέσει
698 2145 792 2169 vero
814 2130 1071 2179 undecimus,
1101 2131 1213 2184 quod
1236 2130 1411 2168 nondum
1433 2132 1568 2181 capio,
1600 2136 1639 2168 et
1664 2143 1803 2169 conse-

336 2195 505 2240 quenter
527 2201 652 2226 annus
675 2187 814 2225 mundi
836 2186 956 2229 5540
973 2202 1013 2239 p.
1036 2163 1131 2228 229.
1162 2202 1195 2226 c.
1227 2187 1374 2225 dicitm
1404 2200 1488 2225 esse
1518 2186 1662 2237 Cyclus
1688 2187 1803 2224 luna-

336 2247 393 2283 ris
414 2249 476 2287 11.
495 2261 594 2284 κατα
614 2240 761 2295 φύσιν,
792 2257 883 2281 cum
903 2243 1117 2281 secundum
1138 2243 1459 2295 consequentiam
1476 2242 1803 2295 praecedentium

337 2301 520 2341 debuerit
540 2315 622 2339 esse
641 2303 704 2342 12.
739 2299 809 2338 sed
836 2299 949 2341 θέσει
966 2306 1119 2338 tantum
1136 2299 1335 2340 videlicet.

448 2413 595 2451 Christi
624 2418 755 2451 ortum
795 2413 1012 2451 secundum
1040 2412 1119 2451 hoc
1148 2411 1372 2451 Chronicon
1405 2411 1685 2451 deducendum
1716 2423 1802 2450 esse

336 2471 383 2509 ab
404 2484 505 2508 anno
527 2469 663 2507 mundi
685 2470 808 2511 5507.
835 2476 881 2506 ut
900 2469 1008 2518 dixi,
1037 2483 1118 2507 non
1148 2470 1270 2512 5506.
1303 2484 1351 2508 ex
1374 2483 1419 2507 eo
1441 2467 1701 2507 confirmatur
1719 2468 1802 2520 pri-

335 2540 456 2576 mum,
478 2525 587 2577 quod
599 2539 722 2563 annus
736 2526 802 2575 qui
813 2524 909 2563 mihi
923 2533 980 2563 est
993 2525 1136 2563 Christi
1151 2529 1244 2567 619.
1257 2527 1305 2564 de
1318 2539 1396 2576 quo
1416 2538 1536 2575 supra
1553 2524 1612 2562 illi
1630 2529 1690 2561 est
1713 2537 1803 2575 pro-

337 2583 525 2622 culdubio
538 2584 631 2624 620.
667 2582 813 2619 Deinde
831 2595 955 2619 annus
978 2582 1147 2620 Herodis
1159 2582 1224 2623 35.
1246 2596 1325 2632 quo
1337 2582 1435 2620 dicit
1447 2581 1645 2619 Christum
1665 2586 1803 2618 natum

334 2656 375 2693 p.
397 2643 489 2681 191.
511 2638 545 2680 ὂ.
577 2644 713 2676 exacte
740 2637 880 2675 incidit
906 2638 944 2675 in
973 2652 1117 2676 annum
1144 2638 1280 2676 mundi
1303 2639 1425 2680 5507.
1459 2637 1551 2688 quia
1582 2649 1704 2673 annos
1726 2635 1804 2673 He-

339 2694 636 2735 rodis'deducit
651 2694 698 2732 ab
718 2708 819 2732 anno
841 2694 980 2732 mundi
1001 2694 1122 2736 5473.
1171 2694 1306 2745 Itaque
1326 2695 1497 2745 primum
1521 2704 1664 2730 annum
1686 2690 1803 2730 Chri-

341 2753 392 2791 sti
424 2751 663 2803 comparabo
689 2751 730 2789 in
767 2764 852 2790 meo
875 2749 1142 2800 Chronologio
1162 2763 1252 2788 cum
1284 2765 1384 2788 anno
1414 2749 1550 2788 mundi
1569 2750 1692 2791 5507.
1722 2761 1802 2785 non

341 2815 387 2846 ut
414 2809 455 2846 in
486 2808 564 2845 hoc
587 2807 804 2858 Chronico,
839 2821 929 2845 cum
959 2821 1060 2845 anno
1088 2806 1226 2845 mundi
1252 2808 1374 2849 5506.
1435 2807 1535 2844 Vere
1564 2804 1670 2842 enim
1685 2803 1802 2855 hujus

344 2864 529 2904 Chronici
555 2863 654 2903 haec
680 2878 789 2904 mens
820 2871 878 2904 est
897 2863 1095 2902 Christum
1123 2869 1258 2902 natum
1284 2858 1366 2902 esse
1385 2862 1450 2904 25.
1474 2860 1678 2901 Decembr.
1698 2873 1802 2898 anno
