1884 3262
446 215 453 221 '
514 215 783 260 CHRONICI
818 213 1123 258 PASGHALIS.
1495 207 1559 255 89
1631 272 1637 282 μ

786 417 858 473 ΙΙ,

72 520 750 582 EXPLICATIO
825 527 1562 578 SUBJECTORUM

550 623 591 672 C
628 624 673 672 A
701 624 742 670 P
778 623 805 670 Ι
842 623 886 670 Τ
917 621 967 670 U
1000 622 1084 679 M,

162 719 165 726 '
189 724 416 768 QUANDO,
439 725 507 760 ET
533 725 626 760 sue
653 724 759 766 Quo
783 722 1181 765 UNUMQUODQUE
1205 720 1466 757 coN'r1G1'r.

188 843 302 882 Anno
335 842 487 894 Moysis
515 841 760 893 octogesimo
789 839 943 892 primo,
973 839 1120 878 incidit
1143 839 1329 890 migratio
1359 837 1564 876 Israelita-

74 914 164 938 rum
187 914 238 939 ex
257 900 464 952 Aegypto>3
496 912 572 938 nec
598 913 682 937 non
713 911 853 936 eorum
881 896 1035 935 Pascha
1062 896 1239 949 priinum
1261 899 1304 935 in
1334 895 1467 947 primo
1491 907 1563 933 eo-

75 957 247 996 rundem
268 971 423 1006 mense,
455 956 535 994 hoc
554 962 614 995 est
635 956 772 994 Nisan.
833 955 949 993 Anno
980 954 1028 992 ab
1050 954 1204 993 Adamo
1234 956 1359 997 3827.

191 1015 309 1053 Anno
333 1013 575 1052 duodecimo
596 1014 690 1052 Jesu
710 1012 779 1050 filii
802 1013 933 1060 Nave,
964 1013 1169 1063 ingressus
1192 1018 1252 1050 est
1268 1011 1310 1049 in
1343 1015 1451 1048 terra
1471 1023 1564 1062 pro-

75 1072 195 1110 missa
217 1072 258 1110 in
279 1073 424 1110 Sancta
445 1078 676 1110 sanctorum
710 1083 887 1109 summus
915 1069 1106 1108 Pontifex
1133 1069 1289 1108 decima
1321 1067 1388 1115 die>
1419 1066 1565 1106 mensis

76 1129 259 1182 septimi,
294 1129 363 1181 qui
390 1135 450 1167 est
468 1130 587 1168 Tisri.
647 1129 745 1167 Erat
767 1134 900 1166 autem
920 1140 1048 1165 annus
1071 1127 1217 1166 Adami
1238 1127 1363 1168 3863.

191 1188 308 1225 Anno
335 1200 435 1225 xxv.
469 1186 648 1239 ejusdem
685 1185 809 1235 Jesu,
857 1184 1073 1223 “Jobelaeus
1111 1184 1161 1222 ab
1199 1181 1393 1222 Hebraeis
1429 1180 1567 1235 putari

77 1250 242 1295 coeptus
267 1250 349 1293 est,
377 1243 457 1282 hoc
480 1250 537 1283 est
557 1243 924 1295 quinquagenarius
949 1242 1060 1281 orbis
1081 1249 1291 1280 annorum.
1322 1240 1419 1278 Erat
1438 1251 1565 1277 annus

77 1301 222 1340 Adami
243 1304 370 1344 3886.
1210 1342 1215 1346 ¹

190 1358 309 1396 Anno
334 1371 388 1397 1v.
406 1357 518 1408 regni
539 1357 793 1406 Solomonis,
825 1362 1013 1407 coeptum
1043 1362 1103 1394 est
1134 1354 1338 1394 aedificari
1366 1353 1566 1407 templum

75 1415 507 1468 Hierosolymitanum,
541 1429 646 1454 anno
676 1413 819 1453 Adami
844 1412 970 1456 4474.

192 1501 308 1539 Anno
339 1503 461 1539 tertio
486 1501 599 1552 regni
629 1501 803 1550 Joacim,
833 1499 990 1552 primus
1012 1498 1216 1537 numerari
1245 1496 1390 1548 incipit
1416 1495 1567 1548 depor—

76 1558 241 1597 tationis
260 1558 533 1597 Isra'elitarum
561 1559 603 1596 in
637 1561 878 1610 Aegyptum.
939 1557 1035 1595 Erat
1058 1555 1107 1594 ab
1128 1555 1283 1594 Adamo
1302 1554 1426 1597 4900.

193 1672 309 1710 Anno
343 1672 437 1724 Cyri
475 1673 620 1711 Persae
653 1671 895 1719 undecimo,
941 1669 1108 1708 ultimus
1151 1668 1398 1721 captivitatis
1440 1681 1568 1707 annus

79 1729 222 1778 desiit,
252 1729 442 1768 videlicet
465 1731 805 1782 septuagesimus,
838 1728 907 1780 qui
929 1730 989 1766 est
1009 1727 1058 1766 ab
1083 1726 1241 1765 Adamo
1260 1726 1386 1769 4970.

118 1834 122 1837 -
195 1814 310 1854 Anno
334 1815 451 1854 tertio
471 1815 581 1866 regni
600 1814 710 1853 Darii
725 1813 854 1861 Medi,
886 1813 935 1851 ab
955 1813 1047 1852 Jesu
1065 1812 1148 1850 filio
1170 1811 1357 1858 Josedec,
1384 1817 1423 1850 et
1441 1812 1568 1850 Zoro-

80 1872 222 1926 babele
254 1872 337 1911 filio
365 1868 589 1911 Salathielis
623 1871 1036 1923 Hierosolymitanum
1075 1869 1271 1922 templum
1303 1869 1568 1918 instauratur,

82 1944 186 1968 anno
207 1929 349 1968 Adami
371 1931 496 1974 5011.
1511 1928 1515 1932 '

198 2017 313 2054 Anno
331 2015 510 2054 secundo
531 2015 694 2067 Imperii
712 2013 882 2066 Augusti
908 2011 1088 2051 Caesaris
1116 2011 1321 2050 numerari
1344 2017 1571 2064 coeperunt

86 2073 355 2120 indictiones,
389 2073 638 2125 Romanique
666 2086 822 2111 menses
850 2077 935 2110 tum
965 2069 1142 2123 primum
1166 2069 1215 2108 ab
1236 2069 1318 2107 illis
1336 2068 1569 2121 excogitati,

87 2145 192 2169 anno
212 2129 355 2168 Adami
379 2130 502 2172 5460·

202 2220 319 2254 Anno
341 2215 507 2266 Augusti
536 2229 656 2255 xmn.
689 2214 866 2252 nascitur
892 2211 1115 2252 secundum
1142 2226 1214 2250 nos
1242 2212 1312 2263 qui
1345 2225 1471 2264 supra
1496 2213 1571 2250 nos

27 2292 35 2298 ’
89 2280 148 2311 est
171 2273 340 2324 unigena
370 2272 497 2324 patris
524 2271 633 2310 filius
659 2272 772 2309 Jesus
802 2269 985 2309 Christus
996 2300 1007 2319 ,
1039 2282 1087 2307 ac
1117 2275 1265 2307 natura
1292 2275 1463 2321 propter
1497 2282 1571 2307 nos

89 2330 293 2382 perfectus
319 2329 364 2368 fit
395 2328 517 2374 homo
538 2359 549 2380 ‚
592 2329 662 2381 qui
703 2335 846 2367 natura
883 2341 957 2380 per
984 2339 1070 2365 sese
1100 2327 1304 2379 perfectus
1333 2333 1420 2366 erat
1450 2327 1571 2375 Deus,

90 2401 193 2425 anno
218 2387 362 2426 Adami
382 2387 508 2429 5501.

206 2471 318 2510 Anno
337 2485 407 2510 xv.
426 2470 579 2510 Tiberii
596 2471 639 2509 in
660 2471 833 2509 ,Iordane
855 2454 1084 2524 baptizatur
1096 2501 1106 2520 ‚
1140 2478 1179 2510 et
1196 2470 1455 2523 adoptionem
1472 2468 1568 2523 Spi-

91 2530 191 2568 ritus
208 2528 336 2581 sancti
356 2528 609 2567 credentibus
628 2529 798 2580 largitur
811 2561 822 2579 ‚
853 2543 957 2567 anno
980 2528 1122 2567 Adami
1144 2529 1272 2572 5530.

207 2614 322 2652 Anno
344 2627 433 2652 xix.
453 2614 605 2653 Tiberii
632 2614 811 2666 ejusdem
842 2613 893 2652 ad
922 2606 1170 2653 salutiferam
1196 2614 1422 2667 passionem
1444 2612 1568 2662 venit,

90 2671 451 2722 impassibilitatem
480 2685 529 2710 ex
558 2685 604 2711 ea
632 2678 798 2711 naturae
838 2678 998 2710 nostrae
1027 2673 1261 2722 conserens,
1293 2684 1397 2709 anno
1428 2669 1572 2708 Adami

17 2791 20 2801 Ι
54 2756 58 2758 -
93 2726 218 2770 5534.

206 2813 318 2851 Anno
354 2814 601 2852 Constantini
631 2828 702 2853 xx.
738 2799 907 2854 Nicaeae
935 2815 1122 2867 Synodus
1168 2813 1303 2852 habita
1342 2818 1424 2862 est,
1467 2826 1570 2851 anno
1599 2848 1601 2851 ,

92 2869 238 2908 Adami
261 2870 384 2912 5816.
417 2870 563 2909 Christi
583 2873 681 2913 316.
715 2886 717 2889 ’
