1884 3262
321 203 387 250 34
841 190 1248 236 PRAEFATIO.

324 326 432 362 rare,
461 312 497 350 si
533 308 584 348 ab
613 309 708 362 ipsis
737 304 874 345 mundi
892 303 1127 358 ‘primordiis
1154 303 1300 344 dierum
1332 303 1523 342 institutio
1553 315 1602 340 ac
1623 299 1777 347 Lunae,

323 366 386 407 vel
410 377 640 419 temporum,
671 379 719 402 ac
748 360 925 415 deinceps
957 361 1070 415 lzujus
1093 359 1347 400 solemnitatis
1365 360 1514 397 initium
1538 357 1776 410 requiratur:

325 433 440 476 atque
452 437 521 475 per
546 419 733 472 digestum
754 416 926 457 ordinem
952 415 1192 456 saeculorum
1217 416 1452 469 quaestionis
1479 413 1678 452 abstrusae
1703 426 1779 450 εω-

320 477 494 532 ploretur
512 476 724 527 integritas.
784 474 830 511 Et
858 474 981 512 infra:
1012 471 1109 512 Cum
1142 473 1273 525 itaque
1302 468 1403 509 nihil
1428 467 1624 509 resedisset
1642 466 1780 506 ambi-

319 535 412 586 gui,
454 531 605 578 diebus,
636 528 761 579 lunis,
800 544 848 569 ac
881 529 1088 578 bissextis,
1128 527 1218 566 inde
1246 542 1271 566 a
1296 526 1569 566 constitutione
1593 523 1781 575 humana,

323 592 364 627 in
384 597 553 627 nostram
574 584 628 624 ad
647 601 766 640 usque
784 587 1002 638 progeniem
1015 614 1025 632 ,
1055 582 1231 623 mirabili
1259 581 1484 621 decursione
1511 577 1783 628 concordibus,

324 644 578 683 necessarium
601 641 717 696 fuit,
751 652 910 693 propter
939 638 1045 695 quod
1075 641 1250 678 maxime
1282 653 1386 676 meae
1417 636 1507 675 huic
1541 635 1784 689 inquisitioni

324 697 532 739 secundum
558 706 649 735 tuae
670 695 715 735 V
711 697 940 736 enerationis
970 694 1223 744 mandatum,
1255 708 1337 732 mea
1362 690 1579 731 desudabat
1606 690 1783 736 intentio,

324 765 365 793 ut
383 755 560 793 instituta
577 750 788 791 Paschalia
808 762 1088 804 perscrutarer,
1118 750 1180 789 vel
1205 749 1314 790 illius
1332 749 1531 800 temporis,
1567 761 1644 801 quo
1668 761 1786 799 prae-
1871 798 1875 802 .

326 811 498 863 ceptione
525 807 660 846 divina
681 822 706 845 α
731 806 840 862 filiis
866 806 990 846 Israel
1017 805 1241 845 immolatus
1260 807 1299 845 in
1317 804 1519 857 Aegypto,
1549 801 1612 841 vel
1627 802 1786 854 praeci-
1867 795 1884 854 ξ

323 882 398 918 pue
424 863 532 904 illius
566 878 642 917 quo
670 878 744 915 pro
782 861 1039 916 redemptione
1075 872 1207 901 nostra
1247 871 1363 914 atque
1390 859 1535 908 salute,
1573 856 1642 896 ille
1676 872 1787 896 verus
1873 859 1877 874 ³

327 937 471 973 agnus,
502 922 610 972 cujus
626 920 766 970 figura
790 928 1071 971 praecesserat,
1100 917 1256 956 Pascha
1280 925 1452 955 nostrum
1486 911 1710 953 immolatus
1731 922 1787 952 est

330 976 516 1016 Christus.
573 975 682 1013 Idem
710 975 878 1024 denique
908 975 1097 1027 scriptor:
1135 972 1377 1026 Quapropter
1407 969 1586 1010 omnibus
1604 970 1700 1022 fixo
1731 967 1786 1008 li-

329 1034 418 1070 mite
446 1045 682 1078 consonans,
722 1032 975 1069 necessarium
1008 1039 1091 1068 erat
1119 1039 1276 1081 propter
1293 1025 1498 1066 Paschalis
1523 1024 1789 1065 observantiae

270 1122 274 1126 .
329 1089 531 1136 rationem,
562 1084 643 1124 dies
661 1095 695 1124 ei
713 1085 828 1124 lunas
849 1102 874 1125 a
894 1085 1030 1124 mundi
1047 1086 1167 1138 ipsius
1182 1082 1348 1123 describi
1364 1083 1573 1136 principio,
1594 1095 1670 1134 quo
1686 1095 1789 1133 pos·—

327 1145 378 1182 sit
398 1157 520 1180 rerum
550 1157 684 1180 cursus
713 1139 903 1181 evidenter
929 1142 1105 1194 agnosci.
1171 1140 1267 1178 Ideo
1293 1153 1414 1192 porro
1437 1137 1636 1177 Victorius
1655 1138 1790 1176 Lunae

328 1199 500 1237 rationes
520 1204 557 1235 et
575 1203 801 1249 temporum
822 1198 964 1236 seriem
994 1212 1014 1235 a
1036 1195 1170 1234 mundi
1193 1196 1357 1234 exordio
1391 1208 1440 1234 ex
1470 1193 1629 1232 Eusebii
1659 1192 1790 1232 Chro-

328 1256 439 1301 nico,
471 1261 509 1292 et
535 1267 586 1291 ex
617 1254 666 1292 iis
697 1267 798 1304 quae
826 1254 976 1305 adjecta
1002 1260 1095 1291 sunt
1118 1252 1166 1290 ab
1197 1252 1457 1303 Hieronymo,
1487 1256 1526 1288 et
1554 1263 1575 1287 a
1599 1250 1790 1302 Prospero

329 1324 455 1361 usque
487 1310 537 1348 ad
569 1310 824 1347 Consulatum
855 1308 1122 1347 Valentiniani
1155 1308 1197 1345 A.
1220 1321 1310 1347 vnr.
1343 1313 1381 1346 et
1413 1305 1632 1354 Anthemii,
1673 1312 1721 1344 eta
1741 1318 1792 1344 ex

329 1366 514 1417 Prosperi
535 1365 697 1403 alterius
719 1379 740 1402 a
764 1365 900 1403 mundi
932 1365 1097 1403 exordio
1132 1363 1182 1402 ad
1200 1377 1254 1402 vx.
1275 1362 1452 1402 Valentis
1475 1362 1731 1400 Consulatum
1750 1366 1793 1400 et

329 1420 594 1461 Valentiniani
614 1435 659 1462 11.
681 1421 943 1472 repetiturum
976 1434 1018 1458 se
1038 1420 1197 1472 quidem
1225 1419 1449 1472 profitetur.
1507 1418 1583 1456 Sed
1604 1418 1694 1469 quia
1713 1418 1792 1456 im-

328 1490 508 1516 mensum
530 1490 630 1527 opus
655 1475 819 1528 majoris
850 1483 935 1516 erat
963 1476 1055 1526 otii,
1085 1476 1169 1528 ejus
1194 1476 1435 1514 breviarium
1467 1474 1624 1519 interim
1655 1487 1696 1513 se
1719 1487 1794 1512 ex-

331 1534 482 1585 plicare
505 1532 581 1571 ait:
615 1531 730 1582 Quod
750 1542 897 1582 tamen,
928 1539 972 1572 ut
1001 1546 1092 1570 mox
1123 1532 1280 1580 subdit,
1311 1547 1364 1571 ex
1395 1531 1518 1584 ipsius
1537 1527 1795 1582 plenitudinis

330 1588 596 1628 observatione
626 1585 851 1638 descendat,
893 1602 941 1627 ex
973 1595 1154 1640 tempore
1189 1588 1386 1627 Passionis
1416 1587 1661 1636 Dominicae,
1702 1599 1795 1624 cum

330 1645 459 1683 Fastis
490 1643 794 1691 consularibus,
827 1637 937 1683 annis
971 1645 1124 1683 Periodi
1156 1658 1314 1683 Dxxxu.
1344 1643 1555 1691 Bissextis,
1586 1642 1695 1681 feriis
1723 1655 1797 1680 an-

331 1700 422 1739 ·nuis
445 1700 485 1738 in
504 1699 694 1738 Kalendis
712 1701 918 1748 januariis,
950 1707 1075 1739 aetate
1099 1702 1228 1739 Lunae
1252 1701 1294 1738 in
1313 1700 1451 1739 iisdem
1474 1698 1675 1747 Kalendis,
1703 1698 1794 1737 die-

334 1757 409 1795 bus
446 1755 727 1805 Paschalibus,
780 1763 908 1796 aetate
960 1758 1092 1795 Lunae
1142 1756 1362 1807 Paschalis,
1414 1762 1454 1794 et
1494 1755 1792 1795 lndictionibus.

334 1812 538 1865 Ejusmodi
560 1812 682 1861 igitur
712 1812 915 1851 Paschalia
946 1827 1026 1851 non
1046 1813 1150 1851 nuda
1181 1813 1339 1851 omnino
1359 1811 1544 1864 primitus
1564 1811 1675 1850 suere
1697 1824 1796 1849 con-

335 1869 458 1906 fecta:
489 1867 558 1906 sed
587 1868 629 1905 in
655 1868 703 1905 iis
734 1870 974 1920 praecipuae
1002 1876 1226 1921 temporum
1257 1876 1375 1907 notae
1408 1882 1459 1906 ex
1482 1867 1602 1906 rebus
1623 1863 1796 1919 ¹singulis

206 1936 235 1969 p
267 1934 313 1969 23
336 1924 447 1962 annis
479 1924 597 1974 gestis
633 1925 959 1975 apponebantur,
999 1939 1078 1977 quo
1109 1925 1332 1964 firmaretur
1359 1924 1492 1976 cyclos
1519 1930 1558 1962 et
1586 1923 1690 1962 diem
1717 1923 1796 1961 Pa-

335 1980 481 2018 schatis
499 1980 759 2029 investigandi
780 1980 1011 2030 methodus,
1039 1995 1129 2020 cum
1147 1982 1185 2019 in
1217 1981 1266 2020 iis
1289 1995 1367 2033 quo
1387 1980 1450 2019 die
1476 1980 1703 2019 solemnitas
1725 1979 1795 2018 illa

335 2037 477 2075 suisset
498 2036 691 2074 celebrata
713 2037 881 2076 subinde
903 2044 1177 2086 annotaretur,
1209 2039 1316 2089 quod
1341 2050 1438 2090 prae
1466 2037 1631 2075 caeteris
1657 2035 1796 2074 testari

335 2092 523 2131 videntur
540 2092 663 2130 verba
689 2093 825 2130 Leonis
850 2095 975 2145 Papae
993 2108 1042 2132 ex
1065 2094 1240 2146 Epistola
1270 2094 1319 2132 ad
1342 2096 1538 2142 Augustos
1559 2091 1625 2143 1),
1655 2092 1724 2131 ubi
1745 2091 1796 2131 de

337 2148 549 2187 Paschate:
594 2146 704 2186 Uncle
729 2148 937 2188 sollicitius
962 2151 1142 2202 congruit
1169 2149 1243 2189 hoc
1272 2151 1435 2203 requiri,
1465 2159 1506 2188 ut
1529 2149 1654 2187 omnis
1676 2162 1796 2188 occa-

335 2206 394 2243 sio
429 2201 594 2242 tollatur
617 2206 770 2243 erroris.
829 2204 934 2244 Nam
963 2207 1002 2243 in
1031 2207 1173 2245 nostris
1200 2204 1448 2254 Annalibus,
1490 2218 1558 2246 xv.
1585 2201 1795 2244 Kalenda-

338 2275 421 2298 rum
452 2258 655 2298 Maiarum
683 2258 745 2298 die
772 2271 860 2313 apte
890 2275 916 2299 a
951 2261 1131 2301 Patribus
1169 2263 1309 2301 nostris
1336 2262 1566 2300 constitutus
1594 2258 1734 2313 legitur
1760 2269 1796 2299 et

334 2314 563 2354 celebratus.
636 2315 676 2353 ln
706 2316 876 2355 Annales
914 2318 1081 2369 proinde
1117 2318 1340 2356 referebant
1375 2317 1426 2355 ad
1463 2331 1583 2355 annos
1618 2316 1796 2366 singulos
1850 2319 1853 2322 ’

339 2384 418 2422 quo
440 2371 502 2408 die
534 2370 800 2418 celebratum,
829 2373 895 2411 vel
926 2373 1204 2412 celebrandum
1235 2381 1336 2412 esset
1368 2372 1540 2423 Pascha,
1571 2387 1615 2412 ea
1644 2373 1798 2412 scilicet

337 2427 419 2465 sere
437 2425 647 2475 methodo,
679 2441 756 2478 qua
779 2435 918 2467 auctor
944 2429 1143 2469 Paschalis
1167 2437 1322 2468 centum
1346 2443 1538 2468 annorum
1559 2443 1580 2467 a
1601 2427 1794 2468 Bucherio

336 2483 492 2576 ξᾷίωε,
528 2483 570 2520 in
598 2496 677 2534 quo
704 2485 823 2523 series
863 2486 1077 2525 Consulum
1117 2500 1207 2525 cum
1241 2487 1380 2525 diebus
1410 2485 1612 2525 Paschatis
1635 2484 1796 2524 descri—

367 2545 460 2576 1tur.
1877 2548 1884 2575 ῑ

154 2630 310 2671 Αηῃςθῃῑ,
451 2616 614 2654 XXVII.
672 2618 761 2665 Quo
791 2619 913 2668 igitur
929 2620 1179 2659 Paschalium
1204 2621 1398 2673 ejusmodi
1416 2622 1694 2669 Consectores,
1724 2632 1795 2658 seu

138 2676 322 2721 Panodori,
341 2672 399 2710 uti
418 2678 613 2711 vocantur
632 2689 654 2711 a
673 2675 850 2713 victorio
862 2707 873 2725 ‚
904 2675 1171 2729 Disputatores
1188 2679 1420 2731 praecipuae
1438 2677 1694 2732 festivitatis,
1723 2675 1795 2714 fir·—

388 2829 427 2871 ³)
452 2829 564 2873 Epist.
589 2830 643 2864 57.
