1820 3276
430 209 489 252 IN
528 209 857 253 CHRONICON
890 209 1178 253 PASCHALE.
1455 205 1555 254 461

8 330 28 348 ⁵·
86 319 282 371 ejusmodi
313 312 577 369 tumultibus,
615 321 747 359 Lucae
780 334 868 374 cap.
891 334 1010 359 xxm.
1036 323 1101 364 18.
1133 326 1172 359 et
1198 319 1240 358 in
1264 318 1353 359 Act.
1373 318 1554 372 Apostol.

84 391 173 430 cap.
195 391 284 417 xxr.
308 381 374 420 36.
398 391 486 429 cap.
505 391 608 415 xxu.
628 381 666 419 2.

198 434 295 484 Pag
326 436 519 477 629.19
579 436 748 474 Καῦσον
778 449 850 474 τον
878 428 1027 484 τόμον,
1059 432 1159 484 etc.]
1190 433 1342 485 Nempe
1375 447 1420 472 ea
1449 440 1556 472 tem-

83 497 235 543 pestate
268 490 718 542 constantinopolitani,
759 496 805 528 ut
844 495 882 528 et
916 490 1158 528 Justinianus
1196 490 1307 540 ipse,
1352 491 1558 531 συνοδίται

84 553 218 594 er,ant
262 547 304 585 id
339 553 418 595 est,
456 547 679 585 Concilium
719 541 1040 585 calchedonense
1067 546 1376 597 impugnabant,
1418 553 1462 585 ut
1497 553 1558 587 est

83 603 192 655 apud
224 604 437 655 Evagrium
462 604 532 642 lib.
554 618 611 644 xv.
639 617 723 655 cap
745 617 785 641 x.
818 603 1021 642 Victorem
1049 604 1235 643 Tunnun.
1263 603 1471 642 Leontium
1507 604 1557 643 de

20 679 26 683 ·
82 661 231 708 Sectis,
262 666 300 699 et
317 660 427 699 alios.

196 716 292 767 Pag.
322 720 417 760 630.
451 720 489 759 1.
548 713 611 770 ιβ’.
638 715 813 767 Imma]
849 715 960 764 Quae
982 715 1063 754 hoc
1089 730 1192 754 anno
1215 729 1349 755 mense
1370 717 1556 768 Septem-

0 779 17 809 ᾗ
80 772 144 812 bri
164 773 299 812 inibat.

193 830 289 868 Ibid.
349 827 588 882 Προέθηκεν
620 834 738 870 θεῖον
768 824 897 869 αὐτοῦ
924 825 1111 882 γράμμα]
1153 828 1272 876 Quod
1304 828 1553 882 descriptum
1630 877 1631 880 Ἴ

6 881 11 895 ‘
81 885 228 936 legitur
253 887 294 924 in
314 887 403 935 Leg.
428 900 482 926 vr.
505 886 602 924 cod.
627 886 676 924 de
696 887 857 924 Summa
874 886 1017 924 Trinit.
1047 892 1086 923 et
1111 887 1220 936 apud
1254 886 1454 925 Francisc.
1482 887 1554 924 Pi-
1630 881 1632 885 ⁵

8 943 14 978 ί
79 942 244 981 thoeum
263 943 314 981 ad
335 943 464 982 1.libr.
485 942 582 981 Cod.
602 956 693 981 cum
717 941 876 980 Antonii
898 942 1028 980 contii
1050 943 1232 980 versione
1252 943 1337 981 Lat.
1353 956 1469 994 quam
1486 942 1553 981 hic

3 1003 14 1051 ξ,
80 999 244 1039 damus:
273 1000 390 1038 aliam
412 999 587 1038 confecit
611 1000 803 1039 Raderus.
863 999 1009 1037 Vocem
1027 998 1257 1051 προέθηκεν
1278 1013 1354 1051 per
1367 1003 1554 1051 proposuit

3 1079 9 1091 2
77 1056 349 1106 reddidimus,
382 1057 555 1096 formula
582 1056 625 1095 in
654 1056 764 1095 hisce
793 1056 937 1095 usitata
966 1070 1013 1094 ac
1040 1062 1213 1107 recepta.
1245 1056 1327 1094 Lex
1355 1058 1550 1097 vr1.Cod.

4 1148 5 1154 ,
80 1113 132 1152 de
147 1113 283 1153 Veteri
302 1114 396 1152 Jure
415 1114 662 1152 enucleando
683 1112 719 1167 ᾗ.
738 1127 853 1153 xxiv.
887 1109 1100 1163 Προθήσει
1121 1111 1164 1152 δὲ
1184 1108 1312 1164 αὐτην
1331 1110 1551 1164 (διάταξιν)

2 1171 4 1175 ’
78 1169 123 1210 ἐν
154 1174 206 1227 τῇ
238 1171 401 1226 μεγίστῃ
436 1186 506 1210 και
530 1172 714 1211 Βασιλίδι
740 1167 865 1224 ταύτῃ
883 1173 935 1224 τῆ
954 1165 1070 1210 πόλει
1093 1169 1161 1209 καὶ
1183 1186 1203 1209 ο
1227 1166 1375 1220 ταύτης
1393 1166 1552 1219 ἔνδοξό·

77 1242 194 1276 τατος
230 1231 424 1280 Υπαρχος.
494 1227 768 1277 Affigebanlur
795 1228 913 1265 etiam
939 1225 1247 1264 constitutionis
1273 1227 1554 1278 Imperatoriae

76 1283 119 1322 in
143 1283 387 1336 parietibus,
417 1290 462 1322 ut
489 1282 611 1322 hodie
640 1284 758 1322 etiam
782 1282 869 1322 fieri
887 1283 1006 1321 solet:
1039 1282 1148 1321 unde
1166 1279 1457 1336 προγράμματα
1476 1299 1554 1336 ap—

0 1332 10 1351 *
76 1340 340 1394 pellabantur.
404 1340 576 1379 Lexicon
596 1341 677 1380 MS.
697 1337 951 1392 πρόγραμμα,
978 1354 1195 1393 γνωρισμα,
1223 1355 1421 1394 κηρυγμα,
1454 1337 1553 1382 α’πό-

77 1399 198 1447 δειξις
228 1413 398 1465 φανερα.
463 1397 673 1437 Vulcatius
700 1397 927 1436 Gallicanus
952 1396 995 1434 in
1026 1396 1168 1434 Avidio
1198 1397 1351 1436 Cassio:
1388 1397 1444 1435 Et
1465 1412 1551 1450 pro-

0 1469 12 1507 ’,
23 1496 25 1499 ,
75 1468 237 1505 gramma
266 1457 304 1493 in
329 1456 531 1506 parietibus
546 1456 661 1507 fixit,
691 1459 734 1492 ut
760 1457 796 1492 si
813 1457 892 1505 quis
911 1456 1045 1492 a‘nctm
1064 1456 1280 1492 invemretur
1299 1455 1398 1506 apud
1422 1455 1552 1505 Daph-

0 1508 8 1515 ”
73 1526 152 1560 nen,
182 1513 376 1550 descinctus
390 1512 533 1550 rediret.
593 1513 675 1550 Lex
697 1525 761 1550 111.
779 1511 876 1549 cod.
898 1511 948 1549 de
966 1509 1100 1561 Legib.
1121 1516 1160 1549 et
1178 1510 1392 1550 constitut.
1450 1510 1550 1550 Nam

75 1571 166 1607 satis
185 1572 237 1607 est
258 1568 391 1606 Edicta·
409 1581 468 1606 eas
486 1571 747 1620 nuncupatione
766 1570 910 1616 censeri,
938 1569 996 1605 vel
1010 1581 1072 1618 per
1089 1581 1201 1605 omues
1212 1569 1363 1619 populos
1380 1569 1549 1608 Judicum

0 1659 5 1666 .
67 1626 394 1677 programmatibus
408 1625 605 1675 divulgari,
627 1629 692 1663 etc.
736 1625 901 1663 Novella
924 1624 1188 1662 Valentiniani
1208 1624 1258 1663 de
1282 1624 1548 1663 Confirmand.

0 1691 10 1706 ²
71 1681 120 1720 iis
141 1681 434 1720 etc.11lustris
461 1684 583 1733 itaque
602 1686 638 1719 et
649 1682 833 1732 praecelsa
852 1681 1137 1732 Magnificentz‘a
1158 1685 1223 1719 tua
1245 1682 1339 1720 Ιιαησ
1355 1682 1548 1720 saluberri-

71 1751 166 1777 mam
196 1740 408 1777 sanctzonem
432 1743 698 1789 programmate
724 1752 788 1777 suo
812 1739 862 1776 ad
886 1740 1126 1776 universorum
1138 1739 1266 1790 faciat
1280 1741 1447 1777 notitiam
1464 1751 1549 1790 per-

70 1797 200 1834 venire.
259 1795 408 1833 Eadem
434 1795 606 1833 formula
634 1794 772 1833 finitur
799 1794 983 1833 Edictum
1005 1794 1144 1832 Licinii
1166 1795 1275 1846 apud
1296 1795 1546 1834 Lactantium

0 1843 2 1845 ‚
70 1852 140 1891 lib.
171 1852 223 1891 de
252 1842 895 1892 Mortili.Persecut.n.x1.vn1.
952 1852 1010 1890 Ita
1051 1852 1168 1890 etiam
1200 1852 1305 1891 infra
1333 1852 1547 1891 Justiniani

71 1909 261 1949 Edictum
278 1908 327 1948 de
344 1909 442 1947 Fide
462 1908 511 1946 ab
534 1910 712 1948 Auctore
732 1908 918 1948 Chronici
936 1907 1183 1959 indigitatur.

187 1965 285 2016 Pag
313 1967 407 2008 630·
441 1968 479 2007 3.
538 1965 621 2006 Καὶ
637 1961 912 2018 ἀποπέμψας]
946 1965 1007 2003 Ad
1031 1978 1132 2017 quos
1153 1967 1295 2016 missa,
1326 1971 1367 2004 et
1385 1964 1547 2017 quando

0 2030 5 2064 ἶ
73 2022 216 2062 emissa
238 2021 337 2062 haec
358 2021 600 2061 Constitutio
622 2023 766 2072 fuerit,
797 2023 916 2061 docet
933 2029 1019 2062 tum
1041 2023 1251 2076 Scriptor,
1279 2028 1367 2061 tum
1399 2022 1549 2061 inscri-

71 2079 158 2132 ptio
177 2092 281 2131 quae
299 2079 776 2131 Constantinopolitanis‘
764 2094 807 2118 m
829 2080 978 2119 Codice
995 2079 1244 2130 inscribitur,
1274 2085 1314 2117 et
1329 2078 1430 2118 haec
1447 2078 1549 2116 Sub-

72 2136 241 2188 scriptio
275 2150 378 2187 quae
407 2134 475 2174 hic
506 2137 723 2175 omittitur.
758 2137 872 2175 DAT.
892 2137 956 2176 ID.
978 2136 1138 2177 MART.
1161 2112 1244 2207 DN?
1266 2136 1453 2176 JUS'I'IN.
1471 2136 1546 2174 PP.

73 2192 121 2232 A.
150 2193 220 2234 ΙΙΙ.
251 2193 359 2231 COS.
419 2192 595 2241 Deinde,
624 2190 668 2235 τὸ
701 2190 800 2235 αὐτὸ
826 2193 1045 2244 Εφεσίοις,
1078 2190 1123 2234 τὸ
1144 2190 1242 2235 αυτὸ
1259 2195 1546 2246 Καισαρεῦσιν,

70 2245 116 2290 vd
146 2245 242 2289 αὐτὸ
272 2251 534 2301 Κυζικηνοῖς,
578 2247 622 2290 τὸ
654 2246 752 2291 αὐτὸ
780 2251 1026 2302 Αμιδηνοῖς,
1063 2250 1415 2303 Τραπεζουντίοις,
1449 2251 1547 2290 Θεο-

71 2307 270 2353 πολίταις,
301 2306 595 2358 Σεβαστηνοῖς,
630 2309 871 2359 Ταρσευσιν,
901 2310 1184 2360 Αγκυραινοῖς.

185 2362 282 2413 Pag-
316 2364 411 2405 630.
441 2366 480 2405 6.
539 2363 834 2415 Θεσσαλονίκη,
872 2362 983 2415 etc.]
1035 2362 1179 2402 Urbem
1214 2361 1367 2413 Illyrici
1403 2362 1544 2400 statuit

72 2418 273 2471 Scriptor·
304 2419 453 2471 quippe
486 2419 680 2458 Dalmatia
710 2419 784 2458 sub
811 2419 1018 2459 Praefecto
1038 2418 1247 2460 Praetorio
1266 2418 1418 2471 lllyrici
1440 2418 1543 2457 exti-

70 2476 141 2524 tit,
173 2489 223 2514 ex
244 2482 394 2514 statuto
414 2476 680 2526 Constantini,
711 2483 756 2516 ut
773 2483 916 2516 auctor
934 2483 992 2516 est
1012 2477 1207 2517 Zosimus.

187 2534 505 2583 Pag.630.11.
565 2535 757 2582 Πολίταις
781 2532 1009 2587 ημετέροις]
1039 2534 1083 2572 111
1111 2534 1210 2573 cod.
1238 2537 1543 2574 Κωνσταντινο-

71 2589 273 2637 πολίταις,
303 2587 373 2626 ubi
389 2586 491 2628 haec
509 2589 722 2628 Justiniani
743 2590 980 2630 constitutio
1000 2590 1116 2630 aliter
1133 2590 1272 2643 paullo
1288 2586 1540 2635 describitur,

71 2659 120 2684 ex
138 2658 218 2697 quo
242 2645 442 2684 variantes
461 2647 667 2686 Lectiones
682 2646 751 2685 hic
772 2648 1044 2700 apposuimus.
1103 2648 1150 2686 In
1182 2646 1287 2685 hanc
1314 2657 1438 2696 porro
1458 2657 1539 2681 nu-

70 2715 158 2766 per·
173 2701 307 2740 editael
327 2708 424 2740 sunt
453 2703 646 2754 quaedam
676 2704 964 2744 Annotationes
1000 2704 1066 2746 Fr.
1100 2702 1254 2743 Pithoei
1278 2699 1358 2741 viri
1383 2699 1539 2738 doctis-

69 2758 173 2798 simi.

187 2816 279 2864 Pag
306 2816 498 2858 633.17.
557 2818 838 2857 Ιουστινιανοῦ
855 2813 958 2871 Avy.
981 2832 1064 2857 τοε
1064 2812 1103 2867 ’.]
1137 2814 1278 2852 Nescio
1296 2826 1346 2851 ³11
1363 2810 1537 2851 adhunc

72 2870 333 2911 Consulatum
349 2871 494 2912 referri
512 2871 656 2913 debeat
674 2873 924 2927 Subscripfio
941 2873 1299 2914 Novellaeuxxvu.
1311 2869 1394 2910 DN.
1402 2868 1538 2910 JUST.
