1884 3262
592 212 862 258 CHRONICI
895 213 1205 258 PASCHALIS.
1541 212 1638 259 119

837 367 965 424 VII.

458 478 502 526 E
546 481 593 526 X
679 481 724 528 A
767 482 816 529 N
863 479 911 529 Ο
959 481 1008 530 N
1053 482 1101 529 Y
1146 484 1205 531 M
1253 481 1328 544 Ο,

148 565 222 600 ΒΕ
256 566 507 605 cums'rl
536 569 944 605 NATIVITATIS
975 570 1052 605 ET
1083 570 1403 607 PASSIONIS
1439 571 1634 608 ANNIS
1654 610 1657 613 ,

260 661 366 701 Illud
398 663 517 702 etiam
545 663 862 715 observandum,
906 663 1132 713 Christum,
1175 678 1266 704 cum
1300 679 1498 705 annorum
1529 673 1634 707 esset

145 731 296 756 xxxm.
326 733 377 758 ex
407 734 488 772 quo
518 718 561 758 in
598 726 704 759 terra
737 721 951 773 apparuit,
992 720 1235 761 crucifixum
1266 722 1390 762 fuisse
1419 729 1465 762 ut
1494 720 1632 762 homi*-

145 788 263 813 nem:
293 776 418 828 idque
447 777 716 816 indubitatum
748 778 855 830 apud
887 779 1053 830 quosvis
1081 785 1227 818 manet.
1269 779 1351 828 Qui
1367 780 1492 831 igitur
1511 780 1632 820 Chri-

145 839 250 872 stum
282 840 422 872 natum
453 847 539 887 ess-e
567 834 790 874 secundum
821 848 985 875 carnem
1014 850 1118 875 anno
1148 849 1189 878 v.
1210 849 1284 875 mn.
1306 848 1354 875 ae
1375 850 1632 890 consequen-

143 895 206 928 ter
246 904 349 929 anno
394 905 434 931 v.
473 905 683 931 mnxxxm.
723 892 848 931 fuisse
891 893 1004 931 cruci
1046 892 1248 943 affixum,
1289 893 1436 933 falsum
1477 894 1631 946 dicunt,

145 947 324 999 aliosque
355 949 522 987 fallunt:
549 951 646 1001 qua
675 962 772 988 vero
802 949 993 1000 ratione,
1021 950 1187 990 evidens
1227 956 1288 989 est
1328 951 1631 994 demonstratio,

146 1004 395 1069 Computatis
416 1006 564 1059 quippe
582 1002 780 1045 universis
800 1007 849 1045 iis
868 1021 888 1045 a
910 1006 1062 1046 mundo
1084 1006 1248 1046 condito
1271 1021 1334 1047 an.
1354 1022 1395 1050 v,
1412 1022 1629 1050 mxxxm.

143 1075 191 1100 ac
222 1061 262 1100 in
294 1063 678 1102 decemnovennales
707 1063 902 1116 periodos
930 1065 1116 1118 partitiS,
1155 1063 1236 1119 (tot
1265 1064 1369 1103 enim
1401 1072 1495 1104 sunt
1520 1066 1630 1131 cycli

141 1117 280 1173 lunae)
314 1126 480 1171 quartus
503 1120 648 1173 cyclus
677 1120 798 1160 lunae
829 1121 979 1173 absque
1011 1117 1093 1160 ulla
1124 1121 1401 1160 controversia
1420 1120 1629 1162 invenitur

141 1189 188 1214 eo
219 1191 349 1227 anno,
380 1191 451 1217 seu
481 1180 914 1218 v.unxxx111.Cum
944 1192 1046 1218 vero
1075 1184 1245 1231 quartus
1276 1179 1440 1218 omnino
1469 1179 1522 1218 sit
1548 1178 1628 1219 hoc

140 1233 231 1298 ipso
262 1249 367 1274 anno
395 1235 515 1274 lunae
546 1236 687 1287 cyclus
705 1265 716 1285 ,
767 1249 819 1274 ex
849 1236 1067 1276 certissima
1097 1234 1279 1275 Paschali
1309 1235 1520 1301 putatione
1553 1251 1627 1276 se-

141 1290 281 1342 quitur
309 1292 400 1344 ipso
428 1306 526 1331 xxx
557 1292 691 1331 Martii
720 1293 866 1331 mensis
897 1293 960 1332 die
998 1294 1060 1345 leg
1063 1293 1126 1332 ale
1156 1291 1308 1332 Pascha
1336 1293 1509 1346 reperiri
1531 1322 1541 1341 ,
1582 1307 1626 1333 ac

138 1360 208 1386 xv.
239 1348 380 1399 lunae,
413 1348 566 1387 scilicet
598 1349 674 1388 die.
726 1349 898 1398 Quando
929 1356 1064 1390 autem
1095 1348 1279 1388 Christus
1308 1363 1383 1403 pro
1414 1350 1532 1389 nobis
1563 1364 1625 1389 sa·-

138 1405 310 1444 luterem
349 1406 576 1459 passionem
617 1406 717 1444 obiit
739 1438 750 1456 ,
796 1420 916 1446 xxm.
954 1412 1040 1446 erat
1074 1406 1212 1446 Martii
1251 1408 1422 1457 mensis,
1467 1413 1509 1446 et
1536 1421 1626 1448 xxv.

137 1462 282 1512 lunae,
317 1477 486 1515 vespere
516 1464 674 1502 scilicet
702 1462 907 1502 Paschatis
935 1463 1095 1515 legalis,
1126 1463 1237 1516 quod
1268 1464 1430 1516 quidem
1456 1478 1540 1503 uno
1562 1464 1626 1504 die

135 1527 400 1571 praevertens
432 1519 617 1566 Christus
650 1534 741 1559 cum
779 1520 988 1574 discipulis
1026 1521 1110 1559 suis
1140 1520 1343 1571 eomedit,
1390 1520 1485 1573 quia
1513 1535 1625 1560 mor-

134 1582 216 1616 tem
246 1585 334 1616 erat
364 1577 573 1616 subiturus
596 1607 607 1627 ‚
648 1591 720 1616 seu
760 1591 902 1629 magna
945 1578 1109 1629 quinta,
1160 1592 1266 1617 xxn.
1295 1578 1443 1617 mensis
1472 1577 1624 1625 Martii,

135 1640 176 1673 et
205 1648 296 1675 xm.
326 1636 459 1674 lunae.
533 1635 599 1674 Sic
628 1635 754 1686 igitur
783 1637 891 1674 circa
934 1634 1086 1675 Christi
1123 1634 1346 1674 secundum
1383 1634 1623 1674 humanita-

133 1697 214 1729 tem
243 1692 466 1730 nativitatis
495 1697 654 1745 tempus
685 1692 769 1731 falli
798 1692 1078 1745 reperiuntur,
1111 1692 1181 1745 qui
1209 1705 1313 1731 anno
1333 1705 1459 1733 vam.
1482 1698 1621 1731 natum

135 1747 305 1796 dicunt,
353 1763 442 1788 cum
483 1755 618 1788 errent
657 1750 698 1788 in
735 1749 874 1800 legalis
904 1748 1108 1789 Paschatis
1139 1755 1333 1802 computo
1355 1779 1367 1799 ,
1414 1755 1457 1788 et
1494 1751 1621 1788 sacris

133 1805 358 1857 Scripturis
391 1805 677 1856 adversentur,
703 1819 750 1845 ac
778 1808 955 1859 receptis
985 1806 1027 1845 iu
1048 1807 1270 1846 salvatoris
1302 1805 1487 1858 passione
1518 1820 1619 1845 con-

133 1864 366 1915 sequentiis.
406 1863 488 1911 Qui
516 1877 640 1915 porro
672 1863 805 1915 aliqua
837 1877 930 1902 cum
959 1864 1436 1915 accurationevtempora
1459 1863 1620 1902 descri-

165 1927 327 1970 serunt‚
365 1934 413 1958 ac
442 1921 604 1960 veritati
634 1921 804 1973 perinde
832 1920 1100 1971 institerunt,
1138 1921 1212 1960 Dei
1239 1920 1368 1960 nostri
1397 1919 1525 1959 Verbi
1553 1921 1621 1959 in-

132 1935 459 2017 humanationem
500 1978 647 2016 factam
690 1977 803 2016 aiunt
841 1992 946 2017 anno
986 1991 1008 2015 a
1038 1977 1178 2017 mundi
1219 1978 1465 2017 conditu'v.
1496 1991 1618 2017 MDVI.

133 2034 349 2074 salutarem
386 2047 487 2074 vero
525 2035 635 2074 illius
669 2036 917 2086 Passionem,
957 2034 1302 2088 (quandoquidem
1342 2033 1507 2085 triginta
1535 2040 1619 2074 tres

133 2092 260 2130 annos
288 2091 466 2143 integros
486 2122 498 2141 ,
539 2092 600 2131 uti
628 2092 671 2130 in
699 2092 885 2131 confesso
916 2099 995 2141 est,
1033 2092 1077 2130 in
1105 2098 1213 2131 terra
1244 2097 1306 2130 est
1336 2091 1619 2145 conversatus)

135 2162 241 2187 anno
271 2163 310 2188 v.
336 2162 546 2190 mnxxxix.
607 2149 708 2186 Cum
741 2155 871 2187 autem
903 2148 1113 2188 invenitur
1140 2148 1320 2187 decimus
1348 2160 1618 2200 praecurrens

132 2207 252 2245 lunae
282 2206 442 2258 cyclus,
474 2206 515 2244 in
545 2218 592 2244 eo
619 2212 660 2245 et
678 2211 954 2257 computatum
975 2204 1149 2256 Pascha,
1181 2218 1294 2244 xx1v.
1316 2204 1462 2243 mensis
1482 2204 1619 2243 Martii

135 2276 220 2302 esse
259 2263 478 2316 reperitur.
538 2263 641 2301 Tum
683 2263 788 2301 enim
830 2262 1006 2302 occurrit
1044 2262 1142 2300 luna
1170 2275 1239 2301 xv.
1270 2261 1314 2299 in
1350 2260 1417 2300 die
1447 2260 1616 2312 sabbati,

132 2320 271 2372 sicque
302 2320 514 2360 universae
545 2334 593 2358 ac
626 2319 876 2359 omnimodae
907 2318 1182 2358 consecutioni
1211 2324 1374 2370 tempus
1404 2318 1617 2358 concinere

132 2383 314 2429 apparet.
371 2377 474 2415 Nam
504 2390 626 2416 xxm.
658 2377 806 2416 mensis
837 2376 1000 2425 Martii,
1042 2388 1129 2417 xiv.
1158 2375 1297 2426 lunae,
1335 2373 1437 2414 seria
1464 2388 1522 2414 vi.
1552 2389 1617 2414 sa-

130 2434 301 2472 lutarem
323 2434 560 2474 ¹Passionem
596 2447 738 2486 passus
777 2439 839 2474 est
875 2433 1060 2472 Christus
1098 2432 1204 2470 Deus
1241 2437 1408 2480 noster,
1443 2445 1615 2483 vespere

133 2491 288 2530 scilicet
309 2491 511 2530 Paschatis
539 2491 701 2542 legalis,
732 2504 778 2529 ac
802 2504 900 2530 xxv.
921 2489 1100 2543 ejusdem
1128 2488 1275 2528 mensis
1303 2488 1437 2527 Martii
1466 2501 1612 2527 resur-

112 2548 261 2597 rexit,
302 2554 394 2600 post
421 2554 505 2587 tres
535 2562 678 2601 nempe
712 2561 764 2588 ex
793 2561 873 2600 quo
902 2553 1086 2586 mortuus
1115 2551 1183 2597 gest
1213 2545 1323 2596 dies,
1365 2557 1614 2584 concurren-

132 2603 244 2644 tibus
270 2604 359 2644 aliis
388 2605 573 2646 omnibus
610 2604 803 2658 temporis
842 2604 958 2644 istius
988 2601 1355 2653 observationibus,
1391 2602 1512 2654 juxta
1542 2615 1612 2640 ac—

133 2668 315 2701 curatam
344 2662 457 2701 docti
487 2662 765 2715 Chrysostomi
795 2661 1129 2701 examinationem
1159 2659 1430 2711 aequinoctii,
1459 2671 1507 2698 ac
1526 2659 1612 2711 ple-

131 2718 300 2769 nilunii,
339 2726 379 2758 et
408 2720 544 2773 lapsus
573 2721 694 2773 primi
724 2734 746 2759 a
779 2719 861 2760 neo
891 2719 1046 2759 conditi
1076 2716 1248 2757 hominis
1278 2721 1610 2768 caeterorumque
