1884 3262
547 173 814 249 cmzomcl
839 203 1166 247 rAscl-[Aus.
1529 206 1593 250 77

124 335 225 368 tum
247 320 422 369 Basilii.
468 321 549 367 Ex
573 320 691 367 Cod.
711 319 915 367 Colbert.
943 323 1059 368 240.
1090 328 1137 366 et
1164 336 1223 365 ex
1244 319 1360 366 edit.
1375 317 1593 367 Arnaldi

123 391 333 437 Pontaci
343 398 464 451 post
482 391 640 435 Notas
661 389 713 435 in
732 388 938 434 Eusebii
963 389 1251 437 Chronicon.

256 457 368 503 XX.
404 455 685 503 Latet-culus
718 455 836 501 alter
862 455 1144 516 Consulum,
1180 468 1288 520 post
1312 452 1591 502 Chronicon

119 523 375 572 Senatoris.
446 528 526 572 Ex
546 527 712 572 eodem
738 526 852 571 Cod.
879 525 1082 571 Colbert.

254 592 390 639 XXI.
427 591 690 640 Methodus
737 609 831 656 qua
865 590 1107 638 invenitur
1143 592 1377 655 cujusque
1413 589 1589 637 mensis

118 679 454 726 quaecumque
491 659 617 721 dies,
654 673 701 706 et
735 660 787 706 in
826 678 970 724 quam
1006 658 1295 723 septimanae
1330 657 1527 705 feriam
1514 677 1587 706 1n-

117 729 290 790 currit,
329 742 374 775 et
409 729 459 775 in
482 746 627 794 quem
661 746 839 775 annum
865 727 1035 775 incidit
1054 727 1309 775 Bissextus.
1345 732 1426 777 Ex
1451 730 1588 775 Com-

116 800 359 845 mentario
394 799 628 844 Heraclii
656 799 984 860 Imperatoris
1017 799 1070 843 in
1106 797 1390 861 προχείρους
1426 798 1586 843 Ptole-

114 869 246 914 maei
269 869 516 925 canones,
552 884 611 912 ex
630 867 745 912 edit.
771 867 1011 913 Docluelli
1032 869 1084 913 V
1084 900 1095 910 .
1120 868 1169 913 C.

249 933 410 981 XXII.
446 932 616 983 Variae
652 933 905 981 Lectiones
941 932 1001 985 ad
1035 932 1171 980 binas
1205 931 1437 996 Epistolas
1468 930 1585 977 Dio-

113 1002 237 1068 nysii
280 1001 451 1069 Exigui
496 1001 555 1048 de
603 1001 785 1050 ratione
821 1001 1043 1051 Paschae.
1113 1005 1193 1050 Ex
1234 1002 1392 1048 variis
1433 1003 1582 1048 Codd.

112 1074 263 1120 MSS.
285 1074 469 1133 Regio,
512 1071 761 1119 Colberteo
782 1081 830 1118 et
855 1073 1136 1126 Ρείανίᾳηο.

245 1139 430 1190 XXIII.
468 1138 544 1186 De
565 1139 794 1187 Paschate
830 1137 1144 1188 Judaeorum.
1216 1141 1296 1186 Ex
1328 1139 1443 1185 Cod.
1474 1139 1580 1185 Col-

108 1208 285 1258 bet-teo.

250 1276 435 1326 XXIV.
469 1274 571 1342 Arg
547 1288 769 1322 cumenta
803 1274 1181 1342 Aegyptiorum,
1228 1291 1436 1338 quorum
1481 1289 1580 1319 me-

107 1344 248 1392 minit
283 1314 571 1410 Dionysius&
584 1343 796 1409 Exiguus
842 1344 888 1389 in
934 1343 1139 1408 Epistola
1182 1342 1242 1389 ad
1280 1340 1579 1402 Petronium,

107 1426 155 1459 et
192 1411 437 1461 Victorius
471 1411 522 1458 in
549 1411 744 1459 Canone
774 1410 1008 1460 Paschali.
1078 1415 1159 1459 Ex
1183 1414 1298 1459 Cod.
1327 1411 1577 1458 Colberteo

105 1486 218 1531 240.
247 1491 366 1544 post
396 1483 668 1545 Epistolam
697 1482 989 1528 Pasa-basini
1015 1483 1254 1545 Episcopi
1283 1483 1355 1529 ad
1379 1482 1580 1541 Papam

105 1553 335 1597 Leonem.

241 1618 400 1665 XXV.
445 1617 521 1663 De
568 1616 744 1681 triplici
780 1616 1081 1663 Graecorum
1127 1632 1256 1675 aera,
1305 1628 1353 1663 et
1388 1631 1442 1661 ea
1482 1632 1576 1678 qua

104 1686 254 1733 utitur
291 1686 480 1734 Auctor
514 1685 752 1732 Paschalis
782 1684 1029 1733 Chronici.
1075 1687 1157 1732 Ex
1176 1687 1379 1733 Petavio
1407 1683 1487 1729 lib.
1508 1699 1573 1729 1x.

104 1759 165 1802 de
184 1759 357 1804 Doctr.
387 1765 531 1816 temp.
567 1772 673 1816 cap.
698 1772 768 1800 111.

238 1823 422 1871 XXVI.
457 1823 533 1869 De
570 1821 754 1869 duabus
790 1820 1000 1886 Epochis
1036 1819 1229 1883 Christi,
1267 1833 1355 1869 etc.
1392 1822 1472 1868 Ex
1494 1837 1572 1867 eo-

102 1895 213 1940 dem
230 1893 454 1951 Pacuvio,
489 1891 568 1940 lib.
593 1909 694 1941 v111.
715 1892 948 1938 Auctarii
963 1908 1070 1954 cap.
1098 1908 1131 1937 1.

235 1959 445 2008 XXVII.
481 1957 743 2007 Methodus
765 1959 1075 2023 Epactarum,
1107 1971 1154 2005 et
1171 1955 1419 2006 Novilunii
1439 1954 1571 2003 inve-

102 2026 307 2094 stigandi
340 2026 484 2086 ratio,
522 2045 615 2091 qua
650 2027 804 2074 utitur
839 2028 1026 2074 Auctor
1057 2024 1289 2073 Chronici
1316 2023 1568 2072 Paschalis.

101 2102 183 2146 Ex
203 2102 369 2144 eodem
384 2132 398 2155 ,
434 2096 514 2142 lib.
537 2113 596 2141 lx.
619 2099 680 2142 de
704 2100 874 2143 Doctr.
897 2106 1042 2158 temp.
1067 2113 1175 2157 cap.
1195 2111 1237 2142 v.
1344 2137 1346 2140 ,

239 2163 470 2212 XXVIII.
507 2161 770 2210 Methodus
812 2164 872 2210 ad
909 2164 1155 2210 Paschales
1200 2160 1425 2208 terminos
1471 2160 1567 2208 sive

102 2231 303 2279 Judaica
332 2231 556 2279 Paschata
588 2232 946 2296 cognoscenda,
993 2249 1086 2295 qua
1113 2230 1300 2277 Auctor
1334 2226 1567 2276 Chronici

100 2300 338 2349 Paschalis
361 2301 522 2348 utitur.
573 2304 653 2347 Ex
677 2304 862 2360 eodem,
889 2300 970 2346 lib.
994 2317 1095 2348 vm.
1113 2300 1346 2346 Auctarii
1371 2315 1477 2360 cap.
1500 2316 1561 2345 xl.

236 2370 423 2418 XXIX.
459 2367 744 2416 Laterculus
772 2367 1006 2414 mensium
1027 2366 1468 2415 Macedonicorum.
