1884 3262
1864 93 1881 136 ls-

298 197 396 243 102
616 196 858 239 SELECTA
888 196 961 238 AD
996 196 1485 241 ILLUSTRATIONEM

297 306 458 359 quidem
476 306 614 345 decem
636 319 739 358 quae
762 305 884 358 Myrti
909 306 1091 359 pelagum
1112 309 1330 348 continent.
1387 309 1495 347 Haec
1516 313 1608 347 sunt
1631 313 1759 346 autem

294 378 453 404 nomina
473 376 621 402 earum.
1322 396 1325 399 t

406 419 609 468 Andrum,
640 419 903 473 Tenoemteo,
933 419 1090 471 Naxus,
1124 422 1251 468 Geos,
1291 421 1470 471 Gyarus,
1503 420 1641 467 Delos,
1671 421 1762 472 Fy-

249 516 252 517 ⁷
293 491 390 526 nus,
427 477 582 526 Renea,
619 476 794 527 Cyrnos,
824 476 1019 515 Maraton.
1086 479 1186 516 Sunt
1218 483 1351 515 autem
1394 484 1433 515 et
1468 476 1568 517 aliae
1603 477 1760 516 Insulae

291 533 462 585 majores
480 546 554 571 ΧΠ.
575 546 677 584 quae
693 533 810 578 etiam
832 533 1016 573 civitates
1032 532 1183 573 habent
1208 534 1399 586 plurimas
1415 563 1424 581 ,
1455 546 1556 585 quae
1571 533 1763 572 <licuntur

293 590 470 642 Spodes3
501 589 543 628 in
566 589 712 641 quibus
731 589 1056 629 inhabitaverunt
1073 591 1227 630 Graeci.
1275 590 1384 628 Haec
1413 597 1508 629 sunt
1531 595 1662 628 autem
1683 603 1762 629 no-

289 648 398 687 mina
416 659 573 685 earum:
610 646 770 686 Euboea
785 676 797 697 ,
834 647 974 696 Creta,
1015 647 1172 698 Sicilia,
1212 648 1394 699 Cyprus,
1434 647 1560 696 Coos,
1604 648 1759 696 Samus,

290 703 479 752 Rhodus,
522 701 666 753 Chius,
707 702 914 755 Thapsus,
958 705 1148 754 Lemnus,
1191 705 1362 753 Lesbus,
1393 704 1633 742 Samotrace.
1690 703 1763 742 Est

290 767 423 798 autem
439 774 462 797 a
478 759 640 798 Boeotia
659 760 820 800 Euboea
832 790 842 806 ‚
863 761 979 798 sicuti
997 760 1046 799 ab
1063 762 1159 800 lone
1175 761 1337 799 Ionides
1353 760 1537 800 civitates
1557 773 1642 799 xvx.
1662 759 1761 799 hae:

291 816 572 866 Cladiomena,
609 815 823 868 Mitylene,
861 817 892 856 F
895 830 1036 868 ocaea,
1074 818 1238 868 Priene,
1278 818 1402 869 Eryt,
1442 818 1605 865 Samos,
1641 815 1762 866 Teos,

293 873 486 922 Golofon,
517 873 636 923 Cius,
667 872 841 923 Efesus,
872 876 1069 926 Smyrna,
1099 873 1339 924 Berinthus,
1377 874 1636 925 Byzantium,
1668 873 1784 914 Cal-1

293 930 423 970 cedon
437 959 450 979 ,
479 930 631 968 Pontus
650 936 690 968 et
710 930 863 969 Amisos
879 930 1017 970 libera.

402 989 673 1026 Romanorum
687 1016 698 1034 ,
728 987 795 1038 qui
813 993 851 1026 et
873 987 1126 1038 Citiensium,
1144 994 1280 1039 gentes
1299 992 1339 1026 et
1356 985 1667 1025 inhabitationes
1684 984 1763 1025 bae

291 1048 402 1082 sunt:
437 1043 583 1091 Tusci,
613 1044 866 1088 Emilienses,
899 1044 1062 1093 Picens,
1092 1044 1304 1095 Campani.
1325 1043 1578 1096 Apulienses,
1601 1042 1762 1082 Lucani.

404 1100 596 1146 Afrorum
619 1107 753 1151 gentes
776 1107 815 1140 et
831 1099 1142 1141 inhabitationes
1166 1101 1243 1140 hae
1272 1106 1385 1140 suntt
1415 1100 1616 1148 Lebdeni,
1644 1099 1764 1150 Cinti,

288 1156 506 1206 Numidae,
536 1157 798 1207 Nasamones,
831 1157 934 1198 Saci.

402 1213 563 1252 Insulae
590 1221 722 1254 autem
741 1213 818 1252 hae
845 1221 962 1261 sunt,
981 1215 1095 1265 'quae
1113 1212 1306 1253 babentes
1329 1212 1536 1253 civitates:
1565 1212 1764 1263 Sardinia,

289 1269 476 1319 Corsica,
508 1269 631 1308 Girda
652 1284 753 1322 quae
776 1276 816 1309 et
835 1270 1032 1321 Benigga‚
1063 1271 1262 1321 Cercyna,
1294 1270 1449 1310 Galata.

405 1327 637 1366 Maurorum
666 1333 797 1365 autem
819 1333 955 1378 gentes
980 1332 1019 1366 et
1039 1326 1350 1366 inhabitationes
1368 1326 1446 1366 hae
1463 1332 1577 1365 sunt:
1620 1325 1762 1366 Musu-

288 1382 392 1430 lani,
421 1383 645 1434 Tingitani„
675 1383 962 1425 Caesarienses.
1573 1395 1581 1401 ·

402 1439 671 1491 Hispanorum
692 1446 824 1481 autem
849 1446 984 1492 gentes
1015 1445 1056 1479 et
1079 1439 1387 1479 inhabitationes
1416 1438 1494 1477 hae
1526 1444 1641 1487 sunt,
1672 1439 1764 1491 Ty-
1835 1446 1845 1453 '

287 1497 405 1537 ranni
432 1502 472 1536 et
496 1497 796 1548 Turrenorum,
835 1498 905 1548 qui
935 1503 975 1535 et
1005 1498 1343 1544 Terraconenses,
1371 1496 1577 1548 Lysitani,
1607 1495 1762 1546 Reficii,

287 1552 533 1606 Autryconi,
562 1553 788 1603 Vascones,
821 1554 993 1601 Calleci,
1025 1554 1156 1605 quiet
1175 1553 1354 1592 Astures.

401 1610 562 1649 Insulae
590 1616 722 1650 autem
752 1624 855 1662 quae
877 1610 1080 1664 pertinent
1102 1610 1152 1649 ad
1172 1609 1404 1663 Hispaniam
1427 1609 1765 1649 Terraconensem

290 1674 370 1707 tres
390 1672 506 1714 sunt,
535 1679 636 1718 quae
656 1668 913 1719 appellantur
934 1664 1185 1707 valliaricae.
1247 1666 1404 1705 Habent
1423 1671 1555 1704 autem
1579 1665 1764 1704 civitates

288 1737 330 1766 v.
349 1723 446 1764 has:
475 1723 612 1762 Ebuso
629 1754 640 1774 ,
671 1724 805 1764 Palme
823 1752 835 1772 ,
867 1724 1086 1774 Pollentia,
1124 1737 1227 1775 quae
1257 1723 1408 1762 dicitur
1435 1722 1650 1775 Majorica,
1679 1723 1765 1762 Το-

290 1793 453 1827 maene,
481 1779 693 1830 Magonae,
724 1794 826 1832 quae
845 1781 1076 1833 appellatur
1098 1781 1304 1819 Minorica.

405 1836 557 1877 Harum
586 1836 878 1879 inhabitatores
903 1833 1068 1876 fuerunt
1091 1837 1265 1887 Cananei
1294 1836 1489 1887 fugientes
1506 1849 1528 1873 a
1550 1834 1652 1874 facie
1670 1834 1765 1873 Jesu

218 1895 226 1903 ‘
291 1893 365 1935 filii
383 1893 519 1933 Nave:
544 1907 637 1932 nam
660 1901 699 1932 et
716 1894 864 1933 Sidona
888 1895 958 1946 qui
977 1894 1246 1934 condiderunt
1265 1899 1307 1932 et
1326 1892 1404 1945 ipsi
1423 1892 1608 1932 Cananei.
1640 1888 1765 1931 Gadis

292 1957 424 1992 autem
444 1949 627 1989 Jebusaei
648 1950 938 2000 condiderunt,
967 1957 1007 1989 et
1028 1951 1107 2003 ipsi
1125 1950 1309 1990 similiter
1329 1949 1504 2002 profugi.
1760 1944 1761 1951 ¹

407 2006 616 2046 Gallorum
653 2014 788 2046 autem
823 2007 1143 2049 Narbonensium
1178 2013 1314 2059 gentes
1348 2013 1392 2048 et
1425 2005 1762 2046 inhabitationes:

243 2108 250 2113 ,
291 2063 503 2103 Amaxobii
524 2063 891 2104 Graecosarmatae.

405 2121 454 2159 Et
473 2118 548 2160 hos
565 2127 698 2159 autem
724 2121 989 2161 necessarium
1011 2122 1088 2160 fuit
1109 2120 1316 2160 declarare·
1338 2120 1433 2169 tibi,
1465 2133 1518 2161 ne
1533 2119 1761 2171 ignotarum

291 2176 469 2228 gentium
485 2178 682 2216 vocabula
699 2207 710 2228 ,
739 2184 779 2217 et
796 2185 930 2228 gentes
942 2207 951 2224 ,
982 2178 1190 2217 manifesta
1210 2177 1374 2216 flumina
1393 2179 1610 2228 ignorares.

404 2233 600 2286 Incipiam
626 2248 719 2286 ergo
741 2235 877 2274 dicere
900 2235 949 2273 de
969 2235 1157 2286 gentibus
1174 2235 1223 2273 ab
1244 2234 1415 2275 Oriente.

406 2290 639 2329 Adiabenici
670 2298 709 2330 et
737 2292 877 2330 Taleni
910 2298 1050 2330 contra
1083 2291 1295 2343 Arabiam,
1333 2290 1543 2339 Saraceni,
1574 2289 1762 2331 saraceni
1871 2293 1884 2345 ἧ

296 2345 364 2385 alii
383 2345 570 2386 Atalenos
588 2355 728 2387 contra
751 2348 950 2388 Arabiam.
1009 2348 1152 2388 Albani
1171 2355 1310 2388 contra
1327 2348 1431 2399 Fyas
1455 2345 1630 2398 caspias.
1674 2346 1761 2385 Ma-

295 2401 466 2441 dianitae
489 2403 679 2454 majores,
709 2418 810 2456 quos
837 2405 1084 2458 expugnavit
1100 2406 1282 2457 Moyse8‚
1311 2404 1417 2442 inter
1435 2402 1763 2455 Mesopotamiam
1873 2360 1884 2447 l

294 2465 336 2497 et
353 2473 462 2498 mare
481 2460 662 2498 Rubrum
676 2490 687 2510 ,
719 2462 853 2500 Minor
871 2468 1001 2500 autem
1020 2462 1192 2501 Madian-1
1212 2467 1269 2501 est
1287 2466 1427 2500 contra
1452 2473 1560 2500 mare
1581 2460 1762 2500 Rubrum

293 2514 408 2569 juxta
430 2515 677 2568 Aegyptum,
704 2517 772 2555 ubi
796 2519 977 2570 regnavit
996 2519 1121 2558 Ravel
1145 2532 1262 2556 socer
1278 2517 1434 2569 Moysi,
1463 2516 1531 2568 qui
1551 2523 1591 2555 et
1607 2515 1764 2560 Jothro.
1867 2448 1884 2590 Ι

409 2572 554 2611 Contra
586 2573 844 2626 Cappadoces
873 2589 894 2613 a
925 2581 1040 2626 parte
1067 2574 1210 2613 dextra
1231 2573 1434 2623 Armeniis
1456 2573 1631 2622 Hiberii,
1663 2572 1760 2611 Bir-

295 2630 404 2678 rani,
436 2629 602 2681 Scytae,
631 2629 790 2680 Colchi,
821 2631 1052 2680 Bosforani,
1083 2632 1201 2679 Sani,
1231 2631 1301 2682 qui
1332 2630 1587 2682 appellantur
1608 2629 1760 2669 Sanni-
1867 2590 1884 2693 ξ

297 2697 385 2734 ces,
415 2697 543 2737 usque
561 2686 732 2724 Pontum
763 2688 1044 2735 extendentes,
1076 2687 1145 2726 ubi
1170 2693 1230 2725 est
1255 2687 1465 2735 secessus,
1495 2686 1694 2735 Absarus,
1723 2693 1761 2725 et
1868 2690 1884 2749 ff

296 2741 584 2793 Sebastopolis,
618 2750 656 2781 et
679 2744 885 2782 Ussilimen
920 2744 1027 2795 quod
1057 2751 1116 2783 est
1135 2746 1315 2795 ‘por-tus,
1349 2750 1388 2782 et
1422 2743 1563 2782 Pasius
1594 2743 1758 2792 flumen,
1866 2763 1884 2799 4

296 2810 421 2849 usque
442 2799 695 2851 Trapezunte
720 2801 992 2839 extenduntur
1015 2799 1088 2840 hae
1105 2806 1252 2852 gentes.
1868 2802 1884 2868 ξ

167 2861 198 2893 V
224 2859 294 2897 334
407 2855 563 2895 Montes
581 2863 712 2900 autem
731 2863 825 2897 sunt
843 2858 1034 2898 nominati
1054 2872 1129 2898 xu.
1159 2858 1381 2909 Caucasus,
1410 2857 1565 2897 Taurus
1576 2886 1588 2906 ,
1606 2855 1757 2905 Atlans,
