1884 3262
584 179 854 224 CHRONICI
885 179 1190 225 PASCHALIS.
1534 183 1631 231 199

273 287 520 340 temporibus
547 289 731 343 Trajani,
769 306 793 330 a
824 291 1043 332 Consulatu
1071 292 1231 332 Palmae
1258 298 1299 331 et
1333 291 1464 344 Tulli,
1501 305 1631 346 usque

272 343 441 384 Veliano
471 351 514 384 et
541 345 700 387 Vetere.

160 401 308 440 Six'rus
337 401 452 441 annis
481 402 640 453 decem,
669 403 870 443 mensibus
896 404 1048 455 tribus,
1078 405 1220 446 diebus
1244 405 1384 459 viginti
1413 419 1507 447 uno.
1537 406 1631 446 Fuit

268 458 521 512 temporibus
560 459 788 511 Hadriani,
836 475 858 499 a
899 462 1119 502 Consulatu
1155 463 1270 515 Nigri
1311 470 1353 504 et
1390 462 1627 518 Aproniani,

269 527 398 567 usque
426 515 532 555 Vero
561 517 629 559 m.
661 524 702 557 et
734 517 956 560 Ambibulo.

156 568 441 611 Tanarndnus
469 573 582 613 annis
620 574 831 623 undecim,
868 574 1074 614 mensibus
1112 575 1260 625 tribus,
1299 576 1443 616 diebus
1479 578 1624 620 tribus.

266 628 361 667 Fuit
388 631 636 683 temporibus
663 631 855 671 Antonini
884 631 1072 681 Macrini,
1106 645 1128 671 a
1160 633 1381 673 Consulatu
1409 633 1559 674 Titiani
1587 641 1628 675 et

267 685 488 738 Gallicani,
524 700 654 741 usque
683 689 850 728 Caesare
878 694 918 728 et
945 689 1130 728 Balbino.

154 739 340 782 Hreuws
367 745 482 793 annis
509 744 744 796 duodecim,
781 745 990 785 mensibus
1016 745 1149 784 tribus
1165 774 1179 795 ,
1218 746 1361 786 diebus
1388 760 1473 787 sex.
1529 748 1621 786 Fuit
1646 757 1676 791 P
1700 756 1768 794 469

265 801 512 852 temporibus
542 802 660 852 Veri,
687 816 712 841 a
730 802 952 842 Consulatu
985 803 1182 844 Gallicani
1219 810 1260 843 et
1290 804 1468 855 Veteris,
1500 818 1628 857 usque

265 857 477 897 Praesente
505 865 545 898 et
573 859 732 899 Rufino.

151 912 244 953 Pms
276 913 390 953 aunis
416 914 581 967 viginti,
611 916 815 955 mensibus
835 922 1031 969 quatuor,
1062 916 1206 955 diebus
1231 916 1376 967 viginti
1402 929 1497 956 uno.
1536 918 1625 957 Fuit

262 971 512 1024 temporibus
547 972 744 1012 Antonini
780 972 840 1012 Pii
860 1003 870 1022 ,
919 987 942 1012 ι
983 974 1206 1012 Consulatu
1243 973 1351 1011 Clari
1398 979 1438 1012 et
1476 974 1626 1024 Severi,

262 1040 394 1080 usque
419 1028 582 1069 duobus
610 1029 814 1083 Augustis.
871 1030 956 1069 Sub
985 1029 1106 1083 hujus
1127 1030 1374 1083 Episcopatu
1393 1031 1517 1069 frater
1540 1031 1625 1084 ejus

261 1084 429 1124 Hermes
453 1086 602 1126 librum
630 1087 815 1140 scripsit,
850 1086 893 1126 in
924 1101 1006 1140 quo
1036 1087 1251 1126 mandatur
1269 1116 1281 1138 ,
1317 1088 1627 1140 contineturque

263 1139 436 1196 quod'ei
466 1145 670 1197 praecepit
700 1144 903 1197 Angelus,
948 1157 1040 1182 cum
1068 1145 1180 1184 venit
1210 1143 1262 1182 ad
1292 1157 1381 1183 eum
1412 1145 1456 1183 in
1484 1143 1626 1184 habitu

261 1199 453 1251 pastoris.

149 1256 285 1294 Sos-nu
313 1256 429 1294 annis
457 1269 629 1308 novem,
669 1257 872 1297 mensibus
910 1256 1072 1305 tribus,
1120 1257 1263 1297 diebus
1298 1256 1472 1296 duobus.
1533 1257 1625 1295 Fuit

258 1312 509 1364 temporibus
549 1314 742 1352 Antonini
785 1320 828 1352 et
865 1313 1094 1363 Commodi,
1137 1329 1160 1353 a
1199 1314 1422 1352 Consulatu
1461 1313 1555 1352 Veri
1586 1321 1625 1353 et

258 1369 496 1421 Erenniani,
522 1383 654 1423 usque
683 1371 856 1410 Paterno
882 1376 922 1409 et
949 1369 1122 1409 Bradua.

146 1425 305 1465 Vic‘ron
341 1426 457 1465 annis
491 1440 638 1466 novem
661 1459 672 1477 ,
714 1426 918 1467 mensibus
955 1425 1140 1474 duobus,
1186 1424 1331 1465 diebus
1375 1425 1526 1467 decem.
1587 1427 1622 1465 A

260 1483 482 1522 Consulatu
501 1483 709 1523 Saturnini
740 1491 782 1523 et
800 1483 907 1522 Galli
920 1513 932 1527 .,
961 1497 1089 1535 usque
1111 1484 1320 1522 Praesente
1341 1487 1383 1521 et
1395 1483 1622 1524 Extricato.

147 1538 370 1581 CAnmsrus
406 1554 529 1579 annos
570 1541 767 1593 quinque,
819 1554 972 1579 menses
1010 1540 1134 1590 duos,
1183 1539 1270 1578 dies
1309 1538 1461 1578 decem.
1532 1540 1625 1578 Fuit

258 1597 510 1648 temporibus
538 1597 710 1637 Macrini
739 1604 779 1636 et
806 1596 1075 1647 Heliogabali,
1128 1610 1151 1634 a
1178 1596 1402 1635 Consulatu
1430 1596 1622 1636 Antonini

260 1659 302 1692 et
330 1652 528 1703 Adventi,
557 1667 687 1706 usque
717 1654 914 1693 Antonino
944 1653 1014 1691 111.
1045 1659 1085 1692 et
1114 1652 1358 1691 Alexandro.

145 1712 332 1750 [luamus
360 1723 487 1748 annos
519 1718 634 1760 octo,
673 1724 828 1750 menses
863 1709 1075 1760 undecim,
1122 1710 1207 1749 dies
1245 1708 1471 1749 duodecim.
1528 1710 1622 1749 Fuit

228 1767 506 1819 temporibus
542 1767 761 1807 Alexandri
778 1795 792 1816 ,
853 1781 875 1805 a
911 1767 1137 1806 Consulatu
1167 1766 1335 1806 Maximi
1371 1772 1413 1805 et
1450 1765 1620 1818 Aeliani,

257 1836 388 1875 usque
414 1823 602 1875 Agricola
632 1831 673 1863 et
701 1823 960 1864 clementino.

143 1882 376 1920 Pom-mus
409 1880 522 1919 annis
550 1881 729 1934 quinque
749 1910 761 1931 ‚
801 1880 1006 1920 mensibus
1043 1878 1227 1930 duobus,
1267 1878 1409 1918 diebus
1449 1886 1616 1932 septem.

255 1937 352 1976 Fuit
391 1939 647 1991 temporibus
681 1937 927 1988 Alexandri,
985 1952 1008 1976 a
1048 1937 1270 1975 Consulatu
1307 1937 1538 1989 Pompeiani
1577 1944 1618 1976 et

258 1994 489 2045 Peligniani.
547 1996 605 2035 Eo
634 2001 816 2048 tempore
851 1995 1098 2047 Nepotianus
1132 1994 1356 2046 Episcopus
1387 1999 1428 2032 et
1457 1993 1617 2046 Hippo-

255 2051 369 2102 lytus
398 2051 612 2104 presby-ter
639 2053 778 2092 exules
810 2058 905 2091 sunt
933 2050 1134 2103 deportati
1165 2050 1207 2089 in
1230 2050 1404 2089 insulam
1433 2051 1617 2090 nocivam

257 2107 505 2159 Sardiniam,
549 2110 696 2149 Severo
737 2115 778 2149 et
813 2108 1033 2158 Quintiano
1076 2107 1327 2147 Consulibus.
1393 2107 1440 2146 In
1479 2107 1615 2146 eadem

255 2164 386 2204 insula
417 2164 637 2204 discinctus
675 2172 735 2205 est
763 2179 822 2206 ιν.
850 2165 1052 2204 Kalendas
1084 2163 1297 2212 Octobris,
1338 2169 1380 2202 et
1405 2163 1499 2203 loco
1530 2163 1615 2216 ejus

256 2221 464 2260 ordinatus
504 2228 565 2262 est
603 2223 771 2262 Anteros
807 2235 864 2262 xl.
892 2221 1093 2261 Kalendas
1131 2220 1386 2271 Decembris,
1431 2221 1616 2259 Consuli-

254 2277 333 2316 bus
362 2280 429 2316 SS.
1120 2276 1130 2293 ²

143 2334 330 2375 suvanos
361 2348 499 2374 mense
533 2348 616 2373 uno
632 2363 646 2383 ‚
684 2333 828 2372 diebus
870 2333 1019 2373 decem.
1078 2333 1234 2373 Dormit
1271 2347 1331 2376 ιιι.
1367 2333 1503 2375 Nonas
1545 2334 1614 2372 Ja-

260 2392 408 2440 nuarii,
436 2393 613 2430 Maximo
642 2397 682 2430 et
708 2391 899 2430 Africano
929 2390 1182 2430 Consulibus.

144 2449 509 2489 Fsmstzusannos
547 2448 883 2500 quatuordecim,
930 2461 1102 2487 mensem
1140 2460 1299 2496 unum,
1335 2445 1423 2484 dies
1460 2446 1610 2487 decem.

255 2505 352 2545 Fuit
378 2506 627 2559 temporibus
657 2503 894 2553 Maximini,
935 2510 975 2544 et
1005 2504 1223 2553 Gordiani,
1260 2509 1302 2543 et
1328 2502 1518 2555 Philippi.
1576 2503 1612 2540 A

257 2563 480 2601 Consulatu
507 2561 712 2602 Maximini
746 2569 789 2601 et
811 2561 1010 2613 Africani,
1037 2574 1169 2613 usque
1193 2559 1319 2600 Decio
1338 2559 1388 2598 11.
1414 2565 1453 2598 et
1474 2559 1612 2598 Grato.

255 2619 404 2659 Passus
430 2632 504 2659 xlx.
532 2619 736 2662 Kalendas
764 2618 982 2658 Februarii.
1039 2618 1115 2657 Hic
1142 2619 1324 2670 regiones
1352 2615 1489 2654 divisit
1516 2616 1612 2654 Dia-

258 2676 448 2716 conibus:
496 2682 539 2716 et
574 2676 723 2716 multas
759 2675 934 2716 fabricas
972 2688 1046 2728 per
1083 2673 1322 2713 coemeteria
1350 2671 1439 2711 fieri
1479 2671 1611 2725 jussit.

257 2734 355 2772 Post
381 2731 608 2786 passionem
635 2733 720 2786 ejus
738 2764 748 2783 ,
788 2733 949 2786 Moyses
987 2738 1028 2772 et
1064 2732 1264 2773 Maximus
1291 2728 1542 2781 Presbyteri,
1573 2735 1612 2768 et

258 2789 511 2829 Nicostratus
541 2790 740 2829 Diaconus
779 2789 1056 2843 comprehensi
1085 2795 1200 2838 sunt,
1251 2793 1292 2830 et
1328 2787 1371 2836 in
1409 2799 1609 2836 carcerem

262 2846 384 2886 missi.
431 2847 490 2887 Eo
521 2853 704 2900 tempore
742 2847 975 2900 supervenit
1000 2846 1180 2887 Novatus
1204 2858 1256 2885 ex
1282 2842 1417 2883 Africa
1426 2858 1447 2894 ·,·
1478 2849 1517 2883 et
1543 2855 1611 2882 se-
