1820 3276
442 201 501 245 IN
534 201 862 246 CHRONICON
886 201 1174 245 PASCHALE.
1453 198 1552 246 425

91 325 266 353 summae
291 311 520 364 dignitatis,
550 314 593 352 in
621 312 768 366 quibus
799 312 1077 361 Quaestoriam
1105 313 1254 363 refert,
1284 326 1307 350 a
1328 312 1553 351 so'lo‘Prin-

59 378 65 381 “
93 370 206 422 cipe,
242 370 308 408 vel
337 370 386 409 ab
422 383 468 409 eo
495 370 561 408 cui
591 371 738 421 negotii
776 370 1018 408 audientiam
1055 370 1145 409 vice
1173 383 1244 408 sua
1274 370 1397 409 sacris
1428 369 1557 422 apici-

91 427 169 465 bus
196 426 466 477 mandaverit,
496 426 539 464 in
571 427 700 465 causis
730 426 1004 465 criminalibus
1034 427 1163 465 audiri
1191 433 1393 479 poterant.
1421 426 1553 479 Atque

90 482 186 521 hinc
225 489 336 535 patet
376 497 450 522 cur
486 482 739 536 Psychristus
786 496 877 534 erga
927 484 1210 535 Imperatorem
1252 483 1465 533 institerit,
1505 490 1554 522 ut

91 539 287 578 Isocasius
316 554 450 579 coram
480 541 682 579 Praefecto
714 539 917 578 Praetorio
946 540 1165 579 audiretur.

210 599 304 647 Pssg·
332 598 430 640 595.
461 600 527 640 20.
588 596 670 637 Καὶ
702 597 760 645 εἰς
798 594 870 637 τόν
905 593 1137 646 Ζεύξιππον
1171 595 1455 650 προσενεχθεὶς
1485 595 1556 648 [Ι11

91 658 206 692 textu
243 653 407 692 restitue
439 653 592 693 litteras
628 653 733 692 inter
765 653 1074 706 imprimendum
1101 652 1393 706 interceptas]]
1433 652 1557 705 Atqui

92 709 327 762 Zeuxippus
355 710 545 749 Balneum
574 710 783 764 publicum
812 710 912 759 fuit,
942 710 1110 763 proinde
1138 724 1212 749 nec
1238 711 1354 749 locus
1387 710 1556 748 idoneus

92 766 163 805 ubi
191 780 284 805 reus
315 767 534 806 audiretur.
593 768 659 805 Sic
690 781 784 806 sane
816 767 927 820 apud
956 766 1238 820 Theophanem
1271 773 1310 806 et
1340 767 1556 818 Georgium

91 822 332 862 Monachum
377 823 544 874 legimus
592 823 864 863 Constantium
910 823 1134 875 Augustum
1174 824 1464 874 Hermogenem
1506 823 1558 862 ob

92 880 263 919 Paulum
295 879 395 918 Sede
426 879 672 920 Antiochena
700 882 862 934 pulsum
898 881 1287 933 Constantinopolim
1319 880 1376 928 εἷς
1393 877 1436 921 τὸ
1457 877 1560 920 κατὰ

91 934 160 977 τόν
184 931 415 986 Ζεύξιππον
433 935 599 991 λουτρὸν
629 951 835 988 evocasse,
876 939 989 989 quasi
1026 952 1118 977 cum
1155 938 1227 976 illo
1265 937 1314 975 de
1352 950 1396 975 re
1423 937 1558 988 aliqua

91 993 214 1033 vellet
243 994 428 1046 colloqui.
486 994 546 1032 Ita
577 994 732 1034 Menam
767 995 1013 1033 Praefectum
1041 995 1216 1046 Vigilum
1247 994 1289 1032 in
1327 993 1416 1045 ipso
1447 993 1560 1046 Hip-

91 1050 288 1103 podromo
320 1050 591 1091 examinatum
619 1051 744 1090 tradit
773 1051 958 1104 Scriptor
983 1065 1088 1090 anno
1117 1065 1206 1090 vm.
1228 1050 1386 1093 Leonis.

207 1109 301 1158 Pag-
332 1108 427 1151 596
457 1111 495 1150 3.
553 1105 823 1161 Διελάλησεν]
858 1109 948 1147 Vox
974 1108 1118 1149 Jurisc.
1151 1109 1409 1149 Graecorum.
1457 1106 1561 1147 Vide

95 1163 226 1203 Gloss.
257 1164 361 1203 med.
395 1165 568 1206 Graecit.
600 1167 641 1203 in
670 1161 877 1205 Διαλαλιοὲ.

209 1222 302 1272 Pag·
334 1223 429 1264 596-
460 1225 499 1263 7.
557 1219 668 1262 Αλλα
699 1222 818 1278 δίκῃ]
879 1221 992 1260 Hanc
1037 1234 1175 1260 vocem
1224 1221 1316 1277 δίκῃ
1366 1221 1562 1274 expungit

90 1276 347 1327 Holstenius,
378 1278 534 1317 tametsi
563 1277 756 1317 habeatur
786 1279 826 1316 in
859 1278 956 1318 Cod.
989 1279 1118 1317 Vatic.

212 1337 306 1385 Pag.
336 1334 430 1378 596
462 1335 528 1378 14.
590 1338 708 1376 Θεῖον
739 1330 867 1376 αὐτοῦ
900 1332 1057 1388 νόμον]
1102 1336 1224 1373 Extat
1256 1334 1298 1372 in
1334 1335 1428 1385 Leg.
1469 1333 1560 1383 Ubi,

95 1391 193 1431 Cod.
225 1392 274 1429 de
302 1391 439 1430 Feriis.
498 1391 598 1431 Vide
636 1391 882 1431 Brissonium
921 1392 971 1430 ad
1001 1393 1092 1443 Leg.
1123 1391 1352 1441 Dominico,
1382 1392 1432 1430 de
1462 1392 1563 1443 Spe-

92 1447 262 1487 ctaculis
292 1461 381 1500 pag.
411 1447 509 1487 mihi
539 1452 606 1491 27.
664 1449 844 1501 Idipsum
881 1448 1096 1488 observant
1135 1447 1374 1487 Theodorus
1414 1448 1564 1486 Lector

90 1505 175 1544 Ecl.
204 1518 232 1544 1.
263 1511 303 1543 et
329 1505 580 1558 Nicephorus
607 1505 678 1544 lib.
707 1519 776 1545 xv.
809 1520 895 1558 cap.
925 1520 995 1546 xx.

206 1561 300 1612 Pag·
331 1563 426 1605 596.
458 1565 522 1605 17.
588 1558 724 1618 Τούτῳ
748 1565 804 1603 τῶ
826 1562 920 1614 ἔτει]
951 1563 1102 1610 Immo,
1132 1562 1165 1600 si
1186 1562 1463 1601 Marcellinum
1483 1574 1561 1600 au-

93 1618 247 1667 dimus,
279 1618 443 1672 Asparis
469 1625 507 1657 et
534 1619 710 1658 filiorum
739 1619 880 1659 caedes
910 1619 1076 1671 contigit
1112 1619 1199 1658 lnd.
1230 1633 1286 1658 ix.
1318 1633 1380 1658 an.
1412 1631 1560 1658 anxx.

207 1676 303 1715 aid.
366 1677 596 1727 Τυραννίδα
633 1672 850 1729 μελετήσας
886 1677 974 1727 τις]
1026 1676 1147 1728 Atqui
1188 1677 1379 1728 Asparem
1419 1675 1561 1714 Leonis

91 1732 193 1785 Imp.
223 1732 338 1784 jussu
365 1732 406 1770 in
437 1732 587 1771 Palatio
618 1733 843 1785 spadonum
874 1733 1034 1772 ensibus
1063 1733 1238 1772 occisum
1262 1733 1441 1771 scribunt
1458 1732 1562 1771 Mar-

94 1790 288 1838 cellinus,
310 1789 539 1838 Candidus,
560 1790 790 1828 Damascius
814 1790 857 1828 in
877 1790 970 1828 Vita
991 1790 1158 1840 Isidori,
1194 1790 1417 1842 Procopius
1436 1789 1506 1828 lib.
1531 1803 1559 1830 1.

93 1846 303 1885 Vandalic.
334 1860 421 1898 cap.
451 1859 507 1886 v1.
537 1847 730 1897 Evagrius
759 1847 830 1887 lib.
862 1861 910 1886 11.
942 1860 1030 1899 cap.
1047 1861 1135 1888 xvt.
1166 1846 1451 1900 Theophanes,
1473 1846 1561 1884 Jor-

94 1903 267 1952 nandes,
299 1909 338 1942 et
367 1902 447 1944 alii.
490 1903 662 1942 Proinde
685 1904 742 1942 ita
777 1903 1021 1943 emendanda
1053 1904 1259 1943 censebam
1290 1903 1391 1942 haec
1421 1903 1562 1942 verba:

100 1956 237 2015 Τούτῳ
267 1962 325 2015 τῷ
353 1959 429 2000 ἔτει
460 1962 684 2029 τυραννίδα
709 1957 977 2028 μελετήσαντα
1004 1964 1178 2012 Ασπαρα
1217 1958 1290 2003 τὸν
1324 1962 1560 2014 Πατρίκιον,

93 2016 164 2057 καὶ
204 2020 367 2069 πρῶτον
405 2019 477 2069 τῆς
517 2013 786 2070 Συγκλήτου,
837 2013 1083 2069 ἐφόνευσεν,
1124 2032 1266 2071 nempe
1314 2018 1420 2057 idem
1467 2019 1560 2056 Leo.

95 2073 264 2112 Caedem
294 2073 456 2126 Asparis
485 2075 622 2126 paullo
653 2075 769 2114 aliter
805 2075 949 2114 recitat
981 2074 1235 2128 Nicephorus
1273 2075 1344 2117 lib.
1375 2088 1441 2115 xv.
1473 2088 1563 2127 cap.

91 2144 224 2171 xxvii.

212 2190 305 2237 Pag.
336 2186 431 2230 597.
462 2191 504 2230 2.
565 2187 737 2240 Οστρος]
770 2187 851 2236 Qui
884 2190 1049 2240 Οστρις,
1073 2186 1323 2240 Theophani.

210 2242 310 2294 Pag.
339 2245 433 2286 597.
467 2244 506 2284 42
565 2241 814 2298 Εκόπησαν]
853 2245 974 2283 Forte
998 2240 1262 2297 ἕκοπήσαντο.
1323 2244 1471 2284 Vocem
1502 2241 1564 2285 κό-

95 2316 208 2341 πτειν
246 2313 327 2338 non
366 2300 485 2338 semel
521 2308 692 2353 usurpat
730 2303 936 2354 Scriptor,
981 2301 1184 2352 quomodo
1218 2301 1413 2348 dicimus,
1443 2302 1565 2340 tailler

94 2371 138 2396 en
160 2360 296 2409 pieces,
334 2356 491 2407 delere,
528 2371 616 2409 pag.
647 2360 742 2400 337.
773 2372 809 2398 a.
848 2357 918 2397 καὶ
948 2356 1072 2409 ἔκοψε
1107 2355 1290 2407 πολλούς.
1347 2359 1464 2408 Mox,
1493 2358 1562 2400 καὶ

95 2412 235 2468 γέγονε
263 2409 451 2466 διακοπή.
510 2414 612 2453 Vide
645 2414 773 2455 Gloss.
803 2413 905 2453 med.
938 2414 1114 2456 Graecit.
1144 2415 1186 2453 in
1216 2411 1482 2466 φονοκόπιον.

213 2473 306 2521 Pag.
337 2471 433 2514 597.
464 2473 503 2513 8.
565 2474 731 2524 Νεκροῦ
750 2466 885 2519 ου’δεις
915 2471 1058 2524 φίλος]
1090 2471 1355 2511 Proverbium
1386 2479 1445 2511 sat
1474 2473 1564 2511 vul-

97 2526 366 2623 1gjgi‘eimrqujusi
404 2534 536 2566 tamen
583 2542 664 2567 non
709 2527 931 2567 meminisse
968 2528 1348 2582 Paroemiographos
1386 2535 1447 2568 sat
1484 2531 1563 2568 mi·-

215 2644 308 2691 Pag.
339 2640 434 2683 597-
468 2644 533 2684 13.
594 2637 749 2693 Εφανη
777 2640 821 2681 ἐν
850 2636 1037 2696 ουρανῷ]
1083 2640 1130 2679 Id
1161 2642 1211 2680 ad
1243 2656 1390 2681 annum
1419 2643 1563 2683 Leonis

101 2710 159 2734 lx.
189 2697 313 2736 refert
340 2696 618 2750 Theophanes.
679 2697 874 2748 Georgius
914 2682 1131 2736 Monachus
1170 2698 1212 2736 in
1252 2699 1450 2738 Chronico
1479 2701 1561 2742 MS.

102 2749 165 2803 ἐφ’
187 2748 237 2793 οὗ
265 2750 479 2807 (Λέοντος)
512 2759 678 2822 σημεῖον
707 2751 841 2807 ἐφανη
874 2752 918 2795 ἐν
953 2770 1007 2794 τω
1038 2770 1199 2810 ουρανῳ
1232 2755 1378 2809 νεφέλη
1403 2761 1562 2812 σαλπιγ-

103 2806 263 2863 ,cadim
282 2810 348 2850 ἐπὶ
373 2808 523 2863 ἡμέρας
546 2807 596 2864 μ’.

222 2868 310 2919 Pag
340 2867 534 2911 597.16.
594 2867 866 2923 Εβασίλευσεν
884 2863 1118 2921 Ανθήμιος]
1143 2868 1362 2908 Marcellin.
1384 2872 1564 2922 Senator,

1593 2360 1626 2395 V
1646 2358 1716 2397 514
