1820 3276
117 2380 147 2415 P
169 2378 241 2417 593*

272 229 374 279 450
849 230 1176 274 NOTAE

387 341 481 390 Pag-
511 342 608 383 618.
650 343 714 382 11.
782 336 865 380 Τὸν
896 335 979 380 vind
1013 339 1225 392 Νοταρῖων
1263 342 1336 380 τοῦ
1364 337 1599 391 Βασιλέως]
1648 338 1742 379 Fuit

275 397 379 437 enim
410 396 593 448 primitus
622 395 689 435 hic
719 397 861 435 Petrus
890 396 1035 434 Justini
1064 393 1338 449 γραμματεὺς,
1368 403 1414 435 ut
1434 396 1488 434 ait
1508 395 1739 446 Procopius.

387 453 483 503 Pag.
513 455 608 496 618.
656 453 723 496 15.
793 449 968 504 Σύκας]
1027 452 1367 505 constantinopol.
1413 451 1558 491 Christ.
1603 451 1672 493 lib.
1711 465 1741 490 1.

273 515 369 549 ⁸⁶01·
387 523 609 616 {gg-618.
641 567 706 607 18.
766 563 848 605 Καὶ
874 561 950 617 τήν
978 563 1184 618 γέφυραν]
1215 563 1315 605 Ibid.
1344 563 1414 602 lib.
1446 577 1502 604 ιν.
1531 569 1624 604 sect.
1653 576 1740 603 xlv.

391 624 484 672 Pag.
514 623 610 663 618.
649 624 717 664 22.
775 624 839 662 Εν
876 625 960 669 τοῖς
995 619 1276 674 Δαγισταίου]
1336 620 1438 661 Ibid.
1475 619 1546 659 lib.
1575 634 1603 659 1.
1643 626 1738 660 sect.

273 691 402 717 xxvn.
434 692 473 719 n.
502 690 593 715 xm.

387 734 481 784 Pag.
512 736 608 776 619.
642 735 680 774 1.
740 731 997 785 Μεσίαυλαν]
1030 733 1241 784 Perperam
1262 731 1483 785 μεσίκωλον
1505 731 1628 771 editio
1649 732 1740 777 Sca·
1802 738 1805 741 ⁴

271 790 339 841 lig.
400 790 501 829 Vide
532 790 662 829 Gloss.
693 789 796 829 med.
829 789 997 828 Graecit.
1028 789 1070 827 in
1101 785 1216 842 αὐλή.

387 845 481 886 Ibid.
537 848 775 898 Βασιλικῆς]
825 843 1187 899 Constantinopolis
1225 844 1449 884 Christiana
1480 843 1552 883 lib.
1582 858 1612 886 1.
1643 849 1740 885 sect.

272 915 422 943 xxvut.
453 915 492 940 n.
521 916 580 942 xi.
609 901 677 941 lib.
706 916 749 942 11.
780 908 875 942 sect.
904 916 962 943 lx.
989 916 1031 942 n.
1060 916 1146 944 xw.

385 958 607 1009 Pag·619·
637 961 676 1001 3.
734 958 1060 1012 Aywyov]1bid.
1091 959 1159 997 lib.
1189 971 1215 996 1
1245 963 1339 998 sect.
1367 970 1466 996 xxv.
1497 971 1535 997 n.
1569 970 1615 995 Π.

389 1015 486 1066 Pag
518 1018 614 1058 619
639 1017 679 1056 7.
735 1016 907 1066 Δεκίου]
941 1015 1021 1063 Qui
1048 1016 1175 1055 Jumor
1203 1013 1390 1054 dicitur
1378 1027 1420 1052 m
1436 1011 1741 1065 subscriptione

274 1070 442 1112 Concilii
471 1069 705 1110 Arausicani
735 1077 775 1110 et
802 1068 985 1110 Vasensis
1014 1085 1074 1109 111.

388 1128 484 1178 Pag.
514 1130 607 1170 619.
637 1129 676 1170 8-
737 1123 903 1180 Κωδιξ]
950 1127 1110 1180 Duplex
1145 1125 1223 1164 fuit
1262 1125 1384 1165 editio
1428 1125 1588 1165 Codicis
1616 1123 1740 1163 Justi-

272 1197 384 1222 mam
394 1212 408 1232 ,
440 1185 551 1236 prior
579 1182 700 1222 Decio
731 1183 820 1222 Cos.
849 1183 1075 1222 Indictione
1108 1197 1179 1222 vn.
1210 1182 1294 1220 vim
1322 1182 1531 1232 habitura,
1574 1196 1624 1221 ex
1651 1195 1741 1220 xvi.

274 1239 364 1279 Kal.
404 1239 518 1288 Maii,
566 1253 645 1277 non
677 1237 803 1291 April.
841 1245 888 1278 ut
926 1239 969 1278 in
1008 1238 1156 1277 Chron.
1189 1238 1398 1279 scribitur.
1456 1240 1517 1278 Ita
1555 1238 1658 1277 enim
1698 1238 1739 1276 in

274 1295 569 1335 Constitutione
598 1294 808 1334 Justiniani
839 1295 1015 1348 praefixa
1045 1296 1122 1349 ipsi
1154 1295 1317 1334 Codici:
1358 1310 1439 1347 quo
1469 1294 1627 1347 quidem
1660 1294 1742 1333 Co-

272 1352 362 1391 dice
391 1353 573 1391 confecto
609 1358 647 1390 et
678 1351 810 1402 edito,
860 1352 1050 1405 prodiere
1081 1352 1251 1390 subinde
1283 1351 1382 1391 aliae
1416 1351 1592 1405 ejusdem
1623 1349 1742 1390 susti-

270 1408 381 1447 niani
413 1406 750 1458 Constitutiones,
791 1422 862 1447 seu
899 1408 1141 1458 decisiones,
1197 1421 1298 1460 quae
1325 1423 1417 1447 cum
1446 1415 1560 1447 extra
1590 1420 1753 1463 corpus,

272 1464 450 1517 ejusdem
483 1464 641 1504 Codicis
671 1465 974 1515 divagarentur,
1002 1466 1044 1506 in
1074 1465 1240 1505 eundem
1262 1466 1449 1505 Codicem
1469 1466 1616 1504 relatae
1636 1469 1741 1514 sunt,

270 1520 489 1579 Lampadio
521 1528 560 1560 et
588 1521 728 1560 Oneste
760 1522 866 1563 Coss.
906 1536 986 1577 quo
1024 1536 1129 1561 anno
1169 1522 1287 1561 Codex
1321 1523 1549 1561 Justinianus
1579 1534 1741 1565 rursum

272 1580 349 1617 orbi
371 1574 623 1630 promulgatus
649 1582 723 1626 est,
752 1578 884 1630 inquit
914 1575 1189 1627 Marcellinus,
1230 1585 1269 1618 et
1302 1592 1353 1617 ex
1383 1592 1430 1618 eo
1458 1577 1579 1618 Beda.
1638 1574 1741 1616 Vide

270 1634 442 1674 Paulum
481 1634 778 1673 warnefridum
816 1635 885 1675 lib.
916 1649 945 1675 1.
987 1649 1072 1688 cap.
1103 1649 1201 1675 xxv.
1274 1635 1399 1674 Porro
1431 1634 1592 1674 Codicem
1619 1635 1740 1673 Justi-
1804 1677 1807 1681 y

270 1693 419 1730 nianum
449 1698 595 1742 vocat,
626 1700 716 1729 non
745 1692 1027 1731 Justinianeum:
1073 1696 1130 1730 sic
1165 1692 1270 1731 enim
1309 1692 1444 1731 varios
1483 1691 1740 1742 Magistratus

271 1747 307 1785 is
335 1747 535 1799 instituit,
572 1759 663 1786 cum
703 1747 823 1786 simili
850 1748 1064 1799 adjuncto,
1106 1761 1278 1800 quorum
1317 1749 1540 1800 catalogum
1579 1747 1741 1798 collegit

271 1803 516 1844 Alamannus
546 1804 600 1843 ad
628 1803 816 1857 Procopii
844 1804 1059 1843 Historiam
1086 1804 1298 1844 Arcanam.

385 1858 715 1911 Pag.619.11.
798 1859 1155 1914 Φιλανθρωπίαν]
1214 1861 1275 1900 Ita
1311 1874 1474 1900 rursum
1515 1859 1618 1900 haec
1656 1870 1739 1898 vox

270 1923 492 1969 usurpatur
524 1931 546 1954 a
576 1916 783 1968 Scriptore
825 1932 900 1969 pro
930 1919 1154 1971 θεομηνία,
1196 1932 1258 1957 an.
1286 1931 1390 1957 xvn.
1420 1916 1577 1958 Leonis.
1637 1911 1740 1956 Vide

271 1973 402 2011 Gloss.
436 1972 541 2014 med.
572 1973 745 2012 Graecit.

385 2028 480 2080 Pag·
513 2032 609 2073 619.
643 2028 706 2072 13.
764 2028 1032 2083 Σαμαριταΐν]
1077 2029 1364 2069 Samaritarum
1404 2028 1508 2067 hanc
1545 2027 1738 2069 rebellio-

269 2098 357 2124 nem
386 2092 549 2125 narrant
578 2092 785 2138 praeterea
817 2087 1036 2138 Procopius
1065 2087 1135 2125 lib.
1162 2100 1202 2125 v.
1234 2086 1283 2125 de
1313 2085 1439 2125 Aedis.
1466 2085 1608 2124 Justin.
1648 2094 1738 2138 cap.

267 2155 342 2183 v11.
374 2143 482 2181 etin
519 2142 696 2181 Historia
726 2143 880 2181 Arcana
921 2157 1009 2196 cap.
1038 2157 1097 2183 m.
1152 2142 1416 2195 Theophanes
1457 2148 1498 2180 et
1533 2141 1737 2181 Cedrenus

267 2212 330 2240 an.
370 2212 414 2237 11.
449 2198 671 2240 Justiniani.
737 2199 885 2238 Paulus
924 2200 1029 2239 Diae.
1071 2199 1141 2240 lib.
1169 2212 1277 2241 xvu.
1315 2206 1523 2252 praeterea
1562 2198 1737 2250 cyrillus

267 2254 535 2307 Scythopolit.
575 2255 618 2294 in
654 2256 737 2295 vita
778 2258 817 2294 S.
849 2255 976 2295 Sabae
1024 2270 1108 2308 cap.
1137 2267 1234 2294 Lxx.
1273 2261 1313 2294 et
1339 2267 1455 2296 Lxxx.
1510 2254 1614 2295 Vide
1642 2255 1734 2306 Leg.

267 2324 343 2350 ΧΠ.
377 2318 417 2349 et
446 2325 549 2352 xvn.
582 2313 679 2351 Cod.
711 2312 760 2351 de
788 2312 951 2354 Haeret.
980 2319 1019 2351 et
1041 2312 1295 2352 Manichaeis⁴
1577 2359 1583 2362 μ

382 2367 475 2418 Pag·
504 2371 600 2411 619.
631 2368 696 2411 15.
751 2367 952 2422 Βασιλέα]
983 2369 1185 2408 sulianum
1209 2365 1411 2410 σύνεθνον
1432 2364 1588 2418 αὐταῖν,
1613 2372 1660 2406 ut
1677 2372 1736 2406 est

270 2422 381 2477 apud
410 2424 581 2463 eundem
613 2424 831 2476 Cyrillum,
863 2432 902 2464 et
931 2426 1116 2464 laudatos
1145 2426 1373 2477 scriptores.

381 2479 476 2520 Ibid.
536 2480 759 2530 Εἰρηναῖος
784 2480 810 2522 ὁ
830 2481 1077 2534 Πενταδίας]
1109 2482 1283 2535 Cyrillus
1311 2481 1451 2520 missos
1469 2493 1493 2518 a
1511 2478 1733 2519 Justiniano

267 2537 312 2576 in
345 2536 558 2576 samaritas
587 2535 856 2576 Theodosium
887 2544 927 2576 et
963 2539 1152 2578 Joannem
1193 2538 1274 2579 VV.
1305 2538 1380 2576 CC.
1411 2536 1489 2581 ait,
1526 2542 1566 2575 et
1604 2535 1653 2575 ab
1683 2537 1734 2576 iis

267 2593 442 2633 occisum
471 2593 684 2633 sulianum.
741 2593 938 2635 Pentadiae
951 2596 1076 2647 filium
1105 2594 1174 2633 hic
1202 2594 1416 2644 vertimus,
1451 2592 1650 2632 incertum
1677 2607 1732 2634 an

265 2649 380 2690 bene.

380 2705 477 2756 Pag.
506 2707 602 2749 619
633 2707 699 2749 18-
752 2706 1186 2772 Επαμφοτερίζουσιν]
1221 2707 1360 2771 Ονομοι
1382 2708 1639 2775 Χριστιανων
1657 2719 1729 2748 του

266 2762 382 2812 σφίσι
398 2758 598 2831 παρόντος
616 2757 970 2814 ἆνιςαλλαξᾶμενοι,
1003 2764 1060 2817 τῷ
1080 2757 1331 2814 προσχήματι
1351 2758 1482 2815 τούτῳ
1503 2758 1572 2803 τὸν
1594 2761 1638 2803 ἐκ
1656 2765 1732 2803 τοῦ

265 2816 391 2871 νόμον
410 2815 692 2884 ἄποσεισαντες
708 2819 925 2871 κίνδυνον,
957 2825 1005 2858 ut
1033 2818 1090 2857 ait
1117 2819 1338 2871 Procopius
1368 2818 1410 2858 in
1439 2819 1542 2859 Hist.
1562 2818 1729 2859 Arcana.
1800 2855 1803 2859 .

264 2875 442 2929 Idipsum
479 2875 529 2914 iis
567 2874 706 2930 objicit
745 2874 922 2916 lustinus
963 2875 1104 2916 Junior
1138 2874 1182 2915 in
1211 2876 1315 2916 Nov.
1343 2889 1382 2915 v.
1421 2875 1472 2916 de
1499 2875 1727 2915 samaritis.
