1820 3276
273 220 372 267 364
844 223 1167 265 NOTAE

274 343 374 385 quae
404 330 562 383 quidem
595 330 642 369 iis
671 339 772 382 quae
803 341 826 369 'a
856 331 1060 371 Lactantio
1091 335 1301 372 narrantur
1332 347 1411 371 non
1439 333 1600 372 omnino
1632 344 1732 372 con·-

273 390 422 429 cinunt.

386 445 480 494 Pag·
511 443 605 487 515.
636 446 674 486 3.
732 442 925 484 Βασιλικοέ
961 441 1202 498 γράμματα]
1250 444 1358 493 Quid
1399 444 1469 482 illa
1509 445 1733 496 Imperato-

270 515 361 541 rum
382 501 628 540 continerent
646 499 784 539 Edicta
796 530 807 550 ‚
838 501 983 540 docent
999 503 1224 541 Lactantius
1246 508 1286 540 et
1308 501 1500 540 Eusebius
1516 501 1616 539 locis
1639 502 1735 539 lau-

273 558 388 600 datis.

389 617 481 664 Pag.
512 614 606 656 515.
638 617 702 655 12.
763 612 946 662 Πολλούς
968 612 1011 655 δὲ
1035 613 1340 666 χαυνωθέντας]
1373 613 1484 662 Quos
1504 613 1598 651 inde
1617 613 1737 652 tradi—

272 677 362 710 tores
393 670 612 709 vocabant·
644 669 694 709 de
725 683 802 722 qua
824 683 944 723 voce,
973 678 1069 723 post
1099 672 1216 721 alios,
1240 671 1397 722 >egimus
1417 671 1459 708 in
1485 670 1616 710 Gloss.
1634 669 1736 708 med.

272 730 359 767 Lat.
1728 744 1731 745 ⁷

391 787 482 834 Pag.
513 785 607 826 515
638 786 704 827 16.
763 787 826 824 Εν
845 779 875 840 ἦ
893 781 1087 832 Βασιλεὺς
1102 783 1272 824 ἐποιεῖτο
1291 779 1518 836 διατριβὰς]
1546 781 1647 821 Vide
1666 795 1736 821 su-

274 842 408 895 perius
429 846 566 878 notata
585 839 635 878 ad
653 854 799 879 annum
816 854 876 878 111.
902 841 1146 879 Diocletiani.

386 898 481 936 leand
541 893 780 950 Δωρόθεος]
815 898 874 936 Ex
902 897 1071 936 Eusebio
1102 897 1171 936 lib.
1195 910 1285 936 vm.
1316 910 1402 949 cap.
1427 909 1480 934 vl.
1506 895 1575 933 ubi
1592 907 1736 934 consus

272 955 414 994 lendus
441 953 559 992 Henr.
584 954 773 992 Valesius.

389 1013 482 1060 Pag
512 1010 605 1052 516.
636 1014 676 1052 3.
733 1007 988 1062 Λουκιανὸς]
1019 1009 1119 1049 Vide
1149 1009 1317 1049 eundem
1338 1009 1538 1048 Valesium
1557 1007 1607 1047 ad
1631 1007 1735 1046 idem

273 1081 359 1120 cap.
382 1080 443 1106 vi.
470 1072 508 1104 et
528 1067 578 1104 ad
598 1067 666 1106 lib.
685 1081 740 1105 ιχ.
762 1080 850 1118 cap.
869 1079 925 1105 VI.

389 1126 482 1173 Pag.
510 1124 604 1166 516
636 1126 674 1164 7.
733 1125 1026 1175 Διοκλητιανοῦ
1053 1127 1102 1163 A.
1135 1138 1179 1163 το
1214 1117 1267 1162 θ’.
1277 1122 1291 1173 ]
1325 1123 1379 1161 De
1404 1121 1482 1160 hoc
1502 1135 1559 1160 rx.
1580 1121 1736 1160 Consu-

270 1182 359 1220 latu
377 1179 610 1225 Diocletiani
631 1179 857 1217 Lactantius
877 1179 943 1218 lib.
967 1179 1015 1217 de
1036 1179 1230 1217 Mortibus
1252 1179 1451 1217 Persecut.
1472 1193 1512 1218 n.
1533 1184 1636 1217 x'vn.

388 1239 479 1286 Pag.
511 1236 604 1277 516.
635 1239 673 1278 9.
732 1235 815 1276 Καὶ
838 1235 984 1276 ἔδωκεν
1010 1236 1205 1282 Τπατείας
1222 1231 1288 1288 η’.]
1318 1235 1366 1273 Id
1387 1242 1460 1284 est,
1492 1234 1615 1273 octies
1634 1234 1738 1272 Con-

271 1294 335 1332 sul
364 1292 458 1342 suit,
488 1292 553 1331 vel
582 1292 705 1330 octies
728 1298 773 1330 ut
795 1293 940 1330 Consul
963 1292 1123 1330 missilia
1145 1291 1186 1329 in
1210 1291 1404 1344 populum
1428 1291 1596 1343 sparsit,
1626 1290 1738 1342 quod

273 1345 490 1390 ὑπατεύειν
528 1349 752 1401 Scriptores
781 1349 904 1400 vulgo
935 1349 1097 1398 dicunt,
1135 1349 1198 1387 vel
1225 1345 1545 1397 καθυπατεύειν,
1583 1353 1630 1384 ut
1657 1348 1745 1386 Leo-

274 1407 372 1458 Imp.
390 1406 431 1444 in
455 1405 550 1444 Nov.
571 1416 681 1446 xciv.
744 1405 842 1444 Vide
868 1406 996 1443 Gloss.
1018 1405 1119 1446 med.
1148 1404 1318 1444 Graecit.
1350 1405 1541 1456 Sportulas
1560 1404 1738 1442 comula-

273 1468 332 1501 tus
356 1465 492 1501 mittere
517 1462 624 1501 dixit
644 1461 904 1514 Symmachus
923 1462 989 1500 lib.
1016 1475 1075 1501 rx.
1096 1462 1224 1513 Epist.
1247 1461 1315 1501 ult.
1372 1461 1551 1514 Epistola
1576 1460 1740 1512 Episco-v

274 1530 418 1573 porum
449 1519 688 1557 Arelatensis
717 1519 974 1569 Provinciae,
1005 1519 1109 1557 inter
1131 1518 1329 1570 Epistulas
1350 1518 1492 1556 Leonis
1515 1517 1567 1558 M.
1590 1518 1661 1556 PP.
1692 1516 1739 1555 In

272 1578 340 1614 hac
371 1577 455 1614 urbe
486 1579 683 1626 quicunque
699 1579 795 1614 intra
821 1576 967 1614 Gallias
984 1589 1028 1613 ex
1046 1580 1192 1626 tempore
1207 1575 1470 1626 praedictorum
1487 1577 1657 1612 ostentare
1673 1585 1737 1612 vu-
1781 1588 1783 1592 ·

273 1634 341 1671 luit
369 1635 527 1683 insignia
558 1633 771 1682 dignitatis,
802 1633 1031 1672 Consulatum
1056 1634 1207 1682 suscepit
1237 1635 1271 1669 et
1295 1632 1412 1670 dedit:
1449 1631 1621 1669 formula
1653 1630 1737 1668 fre-⁴

272 1703 398 1741 quens
429 1690 471 1727 in
499 1688 696 1727 Chronico
727 1689 997 1727 Alexandrino
1024 1687 1306 1752 Scaligerian03
1361 1687 1462 1726 Vide
1485 1688 1615 1726 Gloss.
1634 1686 1737 1726 med.

270 1747 352 1784 Lat
374 1746 416 1784 in
438 1759 477 1784 v.
502 1745 737 1796 Consulatus,
767 1752 806 1784 et
826 1746 956 1784 Gloss.
976 1745 1079 1784 med.
1099 1745 1274 1783 Graecit.
1294 1744 1336 1782 in
1360 1744 1543 1800 Τπατεία.

386 1800 481 1851 Pag
510 1803 702 1845 516-11.
762 1803 975 1854 Εποίησαν
1005 1798 1107 1854 δυο]
1141 1801 1361 1840 Delevimus
1387 1814 1527 1841 vocem
1547 1796 1624 1841 δυο
1643 1805 1738 1853 post

272 1858 485 1909 ἐποίησαν,
517 1869 619 1908 quae
642 1872 737 1897 mox
757 1872 919 1898 rursum
937 1859 1126 1897 occurrit.

125 1926 156 1957 V
180 1923 248 1962 479
389 1917 479 1964 Pag-
511 1915 604 1956 517.
639 1919 679 1958 2.
739 1914 1000 1967 Λποθέμενοι
1027 1911 1075 1954 τὰ
1106 1912 1327 1965 σκῆπτρα]
1339 1913 1393 1952 De
1418 1927 1520 1952 anno
1540 1926 1619 1965 quo
1636 1913 1736 1952 Dio-

273 1971 467 2009 cletianus
488 1970 740 2009 Nicomediae
753 2001 764 2021 ‚
796 1977 836 2009 et
853 1971 1115 2009 Maximianus
1135 1969 1352 2008 Mediolani
1371 1983 1593 2022 purpuram
1613 1970 1753 2022 depo-⁴

273 2034 462 2076 suerunt,
480 2027 743 2069 consulendi
774 2034 931 2079 praeter
959 2027 1172 2065 Bar-onium
1207 2026 1383 2076 Scaliger
1421 2026 1473 2064 ad
1506 2026 1737 2077 Eusebium,

273 2090 311 2123 et
340 2084 408 2122 lib.
432 2096 469 2122 v.
505 2082 553 2122 de
585 2084 788 2123 Emendat.
819 2084 954 2136 Temp.
988 2084 1172 2122 Patavius
1201 2082 1269 2122 lib.
1294 2096 1349 2120 XI.
1371 2082 1422 2121 de
1446 2084 1577 2122 Doctr.
1595 2084 1735 2136 Temp.

273 2155 359 2193 cap.
390 2153 518 2178 xxxn.
557 2141 603 2182 V.
639 2141 679 2179 C.
708 2139 934 2211 Stephanus
971 2141 1156 2178 Baluzius
1195 2140 1247 2178 ad
1285 2140 1555 2190 Lactantium,
1593 2146 1634 2179 et
1667 2140 1736 2178 alii

272 2197 523 2247 Chronologi
1181 2209 1186 2215 ·

386 2256 477 2302 Pag.
509 2254 603 2295 517.
634 2253 673 2295 5.
733 2252 1018 2310 Μαξιμιανω]
1069 2253 1148 2301 Qui
1199 2251 1286 2290 aliis
1330 2251 1581 2292 Maximinus.
1640 2252 1740 2292 Vide

274 2309 415 2360 Scalig.
448 2309 519 2346 ad
528 2310 669 2348 Euseb.
700 2323 789 2362 pag.
819 2311 913 2352 248.

390 2368 482 2414 Pag.
516 2364 613 2407 517.
643 2370 682 2408 7.
745 2368 778 2406 Ο
805 2362 934 2415 νόθος
963 2365 1003 2414 ἐξ
1032 2363 1214 2417 Ελένης]
1254 2367 1406 2434 Supra,
1436 2364 1478 2413 ἐξ
1506 2362 1638 2418 ἑτέρας
1665 2365 1739 2432 μί-

275 2423 382 2471 ξεως.
441 2421 645 2470 Zosimus,
687 2422 727 2471 ἐξ
756 2421 913 2475 ομιλίας
942 2418 993 2463 ου’
1023 2424 1191 2473 σεμνῆς,
1230 2428 1269 2460 et
1299 2421 1339 2470 ἐξ
1368 2418 1545 2472 ἆσέμνου
1578 2416 1737 2473 μητρός.

276 2478 507 2529 Anonymus
535 2478 700 2516 Valesii:
733 2479 775 2516 de
794 2492 911 2529 prwre
935 2492 1047 2516 uxore
1070 2478 1229 2529 Helena,
1259 2491 1377 2529 quam
1408 2490 1500 2515 mox
1529 2477 1737 2516 vilissimam

275 2539 389 2573 vocat.
449 2533 527 2572 Sed
565 2547 614 2571 an
651 2547 790 2572 revera
826 2535 1109 2573 Constantinus
1147 2533 1294 2572 nothus
1323 2533 1465 2583 suerit,
1510 2534 1625 2572 multi
1655 2534 1736 2573 dis-

277 2591 448 2643 quisiere
476 2595 569 2642 post
595 2591 837 2641 scaligerum
867 2591 916 2629 ad
945 2591 1154 2629 Eusebium
1183 2604 1223 2642 p.
1252 2590 1347 2632 246.

396 2649 487 2697 Pag.
516 2645 609 2688 517.
640 2650 679 2689 9.
741 2646 971 2695 Μαξέντιον
999 2647 1042 2687 ἐν
1072 2645 1279 2701 Ανατολῇ]
1311 2645 1370 2684 Ad
1404 2659 1513 2684 oram
1542 2645 1636 2685 libri
1662 2659 1737 2685 no-

280 2710 360 2742 tam
388 2701 457 2742 hic
485 2701 725 2756 adscriptam
755 2709 995 2755 apposuerat
1033 2702 1210 2740 Raderus
1233 2686 1275 2753 [‚
1280 2702 1397 2752 ,Lege
1425 2703 1684 2755 Magaptvov‘
1686 2702 1737 2755 ‘],

280 2759 401 2810 idque
438 2759 583 2813 probat
618 2759 682 2798 vir
719 2759 970 2799 doctissimus
1008 2758 1233 2810 Stephanus
1261 2759 1448 2797 Baluzius
1478 2758 1529 2796 ad
1560 2760 1738 2798 Lactan-

281 2816 379 2854 tium
410 2815 478 2856 lib.
509 2816 560 2855 de
589 2816 703 2858 Mort.
730 2817 929 2855 Persecut.
958 2829 999 2855 n.
1028 2828 1160 2853 xxxu.
1190 2828 1308 2866 quem
1338 2815 1512 2854 consule.

398 2874 490 2923 Pag·
520 2872 614 2916 517.
647 2873 710 2916 14.
769 2873 973 2926 Εποίκησεν
1002 2870 1172 2912 Βασιλέα
1200 2871 1410 2923 Λικίνιον]
1452 2870 1621 2910 Fallitur
1651 2870 1736 2910 Au-
