1884 3262
275 226 410 276 ‘250
902 227 1227 270 NOTAE

306 339 551 392 Augustinus
587 338 660 377 lib.
688 352 772 380 XVI.
815 337 864 378 de
895 337 1066 377 civitate
1095 338 1187 388 Dei,
1224 337 1400 377 Orosius
1430 337 1497 376 lib.
1526 353 1571 378 11.
1602 352 1690 393 cap.
1721 353 1779 382 v.1

308 399 476 438 Severus
507 395 700 447 Sulpitius
733 396 804 435 lib.
834 409 882 435 11.
913 395 1015 434 Hist.
1046 400 1121 436 etc.

422 453 517 502 Pag.
547 452 614 495 65.
645 456 685 495 3.
744 450 1018 504 Επικληθεὶς]
1064 449 1150 492 Tmo
1178 454 1254 491 τοῦ
1280 447 1446 503 πατρός.
1506 451 1650 502 Ecloge
1678 452 1780 492 Hist.

420 508 614 559 Pag.65.
649 512 713 552 19
775 507 853 550 Τὸν
880 509 1031 559 παῖδα]
1077 508 1304 577 Legendum
1334 509 1439 546 forte
1466 523 1539 549 τον
1566 505 1698 559 πόδα,
1736 514 1816 548 ut-

306 568 507 607 referatur
539 565 590 603 ad
619 566 731 605 vocis
762 565 877 619 βέλος
898 572 1072 618 etymon,
1102 579 1192 603 nam
1223 561 1320 614 ὅξυς
1346 564 1496 603 dicitur
1516 565 1616 613 celer,
1638 579 1783 617 permut,

310 621 647 693 quemadmodum
676 628 818 662 notant
857 622 1137 662 Grammatici:
1175 628 1222 661 ut
1257 621 1365 674 apud
1408 621 1651 671 Homerum,
1691 618 1785 671 ὀξὺς

309 685 444 734 Αρης,
491 677 512 720 ὅ
548 694 668 731 ταχυς
714 680 838 731 vulgo
886 679 1448 732 interpretantu1.Joannes
1495 677 1785 728 Antiochenus,

309 735 378 778 διοὶ
406 734 452 777 τό
483 732 674 784 ὀξύτατον
714 733 842 777 εἶναι·
893 736 1098 776 Cedrenus
1134 749 1233 774 vero
1273 741 1313 774 et
1351 734 1592 786 Logotheta‚
1637 732 1707 776 δια
1741 732 1785 776 τό

308 790 547 844 ὅξνκίνητος
576 789 718 847 εἶναι
733 793 908 844 habent,
946 792 1151 846 quomodo
1181 791 1258 830 hic‘
1282 791 1573 831 emendandum
1602 791 1787 832 censebat

312 850 508 890 Seldenus
538 849 581 888 in
609 864 658 891 11.
687 856 937 902 syntagmate
966 850 1017 889 de
1047 848 1116 887 Dis
1147 849 1257 900 Syris
1289 863 1375 901 cap.
1405 864 1433 888 1.
1463 849 1532 887 ubi
1564 849 1788 888 Graeculo-

250 921 253 925 ’
311 921 404 947 rum
434 906 629 958 ejusmodi
660 907 943 958 originationes
973 907 1018 945 in
1046 906 1214 946 vocibus
1241 905 1422 945 Poenicis
1449 906 1697 958 peistringit.

424 963 523 1013 Pag.
541 967 608 1006 66
623 965 663 1007 5
696 964 778 1005 Καὶ
799 964 923 1017 ἔσχεν]
945 963 1053 1002 Haec
1070 963 1207 1031 paullo
1227 963 1342 1001 aliter
1358 962 1590 1002 habentur
1578 977 1620 1001 m
1639 962 1787 1013 Ecloge

309 1020 413 1060 Hist.
435 1019 521 1072 ἔσχε
541 1018 584 1060 δὲ
595 1017 757 1073 Κρόνος
775 1021 843 1062 καὶ
861 1021 993 1074 ἕτερον
1009 1017 1098 1060 νῖὂν
1120 1015 1287 1072 ὀνόματι
1296 1024 1496 1076 Αφρων,
1482 1014 1516 1060 oi
1531 1015 1788 1087 ἀπεκλήρωσε

310 1092 386 1128 την
417 1075 520 1130 πρὸς
548 1074 716 1130 Λιβνην
743 1081 843 1147 γῆν,
880 1075 923 1125 ὃς
952 1077 1072 1130 ε’γημε
1108 1073 1184 1128 τήν
1213 1073 1480 1129 Αστυνόμην,
1519 1072 1718 1129 γεννήσας
1747 1075 1788 1125 ἐξ

311 1129 440 1186 αυτῆς
476 1133 704 1187 θυγατέρα,
746 1132 800 1186 ἡν
837 1131 1020 1175 ἐκάλεσεν
1057 1134 1310 1186 Αφροδίτην.
1375 1134 1436 1172 Ita
1479 1134 1600 1172 etiam
1640 1132 1788 1171 Chron.

309 1190 393 1230 MS.
423 1189 688 1242 Logothetae,
722 1197 763 1230 et
789 1192 959 1230 Joannes
990 1189 1180 1230 Antioch.

427 1247 524 1297 Pag.
556 1249 624 1289 66.
653 1252 691 1291 6.
752 1244 977 1300 Φηαύραν]
1013 1243 1194 1300 Φιλύραν
1215 1246 1386 1284 loannes
1406 1245 1593 1285 Antioch.
1613 1254 1653 1286 et
1670 1246 1789 1286 infra.

164 1313 195 1347 V
218 1310 287 1349 406
426 1303 522 1354 Pag.
555 1307 621 1346 67.
652 1306 694 1347 4.
754 1304 908 1356 Νίνος]
949 1303 1095 1343 Salian.
1136 1316 1199 1343 an.
1228 1316 1500 1343 Mnccccxxxs.
1539 1317 1579 1342 ιι.
1611 1317 1677 1344 Lv.
1706 1317 1790 1344 LVI.

312 1366 351 1399 et
385 1374 450 1400 an.
480 1373 562 1410 seq.
592 1375 632 1400 n.
661 1374 724 1400 111.

427 1417 526 1466 Pag.
556 1420 623 1460 67.
657 1421 723 1460 10.
786 1416 921 1464 Κτίζει
947 1413 1023 1468 τήν
1053 1412 1236 1468 Νινεύη]
1281 1415 1424 1455 Euseb.
1464 1415 1534 1455 lib.
1569 1430 1600 1456 1.
1642 1415 1789 1458 chron.

311 1472 432 1513 Ninus
461 1474 584 1511 condit
613 1477 792 1513 civitatem
822 1472 960 1513 Ninum
990 1476 1027 1512 in
1055 1475 1199 1524 regione
1229 1474 1470 1526 Assyriorum,
1500 1485 1606 1524 quam
1633 1473 1793 1512 Hebraei

310 1535 437 1570 vocant
466 1528 644 1570 Ninivem.
705 1530 806 1571 Vide
834 1531 1079 1581 Scaligerum
1109 1530 1153 1569 in
1179 1529 1293 1569 Notis
1324 1529 1376 1568 ad
1404 1530 1623 1581 fragmenta
1655 1530 1792 1569 Grae-

309 1601 451 1626 corum
481 1588 674 1639 Scriptor.
704 1601 807 1641 pag.
819 1585 887 1629 43.
917 1593 958 1626 et
986 1586 1203 1626 Henricum
1234 1587 1436 1626 valesium
1462 1586 1514 1624 ad
1542 1587 1613 1627 lib.
1633 1601 1662 1627 1.
1691 1590 1793 1626 Am-

308 1644 457 1694 miani,
487 1644 738 1683 Bochartum
768 1645 812 1682 in
842 1643 1011 1683 Phaleco
1040 1643 1111 1683 lib.
1140 1656 1168 1682 1.
1199 1658 1287 1696 cap.
1311 1658 1341 1686 1.
1373 1650 1413 1682 et
1441 1644 1512 1684 lib.
1537 1657 1583 1682 11.
1613 1657 1700 1696 cap.
1719 1657 1790 1684 xx.

310 1701 540 1750 salianum,
571 1708 611 1740 et
641 1702 741 1740 alios
771 1701 936 1753 passim.

427 1730 540 1807 Pagf
556 1761 622 1801 68.
655 1762 693 1800 1.
755 1754 964 1811 Θούρῤας]
1007 1757 1221 1795 Salmasius
1260 1757 1301 1795 in
1342 1757 1513 1796 Plinium
1547 1770 1638 1809 pag.
1669 1740 1793 1801 1285.
1817 1746 1831 1765 ⁰

313 1813 504 1854 Bochart.
533 1814 575 1852 in
606 1814 775 1853 Phaleco
805 1814 875 1854 lib.
906 1828 952 1852 11.
986 1827 1074 1866 cap.
1103 1828 1164 1852 111.
1194 1820 1234 1852 et
1263 1814 1343 1853 alii.

432 1869 527 1920 Pag·
559 1874 627 1915 68.
659 1876 697 1914 2.
756 1866 923 1923 Ζαμης]
969 1869 1108 1923 Ζάμος
1146 1868 1168 1911 ὅ
1201 1873 1273 1923 τῆς
1306 1868 1404 1917 Ρέας
1433 1865 1621 1920 αδελφός.
1676 1869 1792 1914 Joan,

310 1925 500 1966 Antioch.

427 1983 525 2033 Pag.
556 1986 622 2025 68.
654 1986 693 2026 8.
752 1979 906 2026 Ελθων
933 1981 977 2023 ἐν
1003 1985 1056 2038 τῇ
1080 1979 1245 2037 Θρακη]
1275 1982 1419 2023 L1b.x.
1439 1982 1645 2033 Recognit.
1667 1982 1791 2022 Clem.

316 2054 360 2078 ca
393 2068 401 2077 .
431 2053 548 2078 xxw.

363 2053 389 2092 p
430 2096 527 2147 Pag.
555 2098 623 2139 68.
653 2098 694 2137 9.
734 2096 931 2148 Πρῶτον]
965 2095 1031 2134 Sic
1059 2095 1380 2149 emend-avitum,
1401 2109 1492 2134 cum
1518 2095 1668 2134 editum
1691 2100 1796 2135 esset
1834 2094 1842 2103 ⁸

314 2149 479 2205 πρώτην
490 2181 503 2202 ,
522 2160 569 2191 ut
590 2158 631 2195 et
648 2152 757 2204 apud
778 2152 1003 2191 Cedrenum
1017 2181 1026 2198 ‚
1047 2153 1158 2205 apud
1178 2166 1295 2204 quem
1317 2153 1375 2191 sic
1391 2153 1487 2203 legit
1505 2151 1714 2204 Xylander
1730 2152 1796 2191 In-

170 2225 200 2260 P
222 2209 297 2261 493
316 2215 488 2261 terpres,
512 2216 551 2248 et
566 2209 759 2248 Seldenus
779 2209 820 2247 in
838 2210 1041 2261 Syntagm.
1055 2223 1097 2250 11.
1118 2210 1168 2248 de
1189 2209 1260 2248 Dis
1280 2209 1390 2261 Syris
1407 2223 1449 2261 p.
1472 2212 1564 2253 123.
1603 2209 1683 2248 Sed
1701 2221 1793 2247 cum

314 2267 476 2304 Radero
507 2266 659 2305 erravit
688 2266 904 2315 seldenus,
943 2266 1039 2304 dum
1070 2263 1219 2317 στήλην
1250 2267 1475 2305 columnam
1504 2265 1650 2305 vertit:
1691 2278 1795 2316 quae

316 2322 478 2374 quidem
514 2335 598 2361 vox
636 2324 746 2375 apud
789 2324 964 2362 Graecos
998 2323 1246 2362 recentiores
1285 2323 1410 2374 vulgo
1451 2329 1626 2362 statuam
1663 2327 1792 2370 sonat,

315 2385 364 2418 ut
399 2386 507 2418 recte
548 2379 672 2418 vertit
710 2380 939 2431 Xylander,
986 2386 1026 2419 et
1063 2380 1400 2431 quemadmodum
1440 2380 1482 2418 in
1517 2379 1650 2418 Gloss.
1686 2377 1791 2417 med.

318 2436 494 2476 Graecit.
524 2435 728 2477 docemus,

432 2493 528 2542 Pag.
559 2495 625 2534 69.
659 2493 723 2535 14.
781 2488 1004 2544 Βροῦτιος]
1036 2493 1279 2544 Scriptorem
1308 2491 1418 2530 hunc
1446 2492 1615 2530 laudant
1642 2491 1793 2544 pariter

314 2549 510 2589 Eusebius
539 2549 579 2587 in
610 2548 758 2590 Chron.
788 2550 859 2590 lib.
890 2563 917 2587 1.
948 2563 987 2601 p.
1017 2548 1086 2591 44.
1119 2550 1313 2600 Georgius
1344 2549 1556 2600 Syncellus
1585 2561 1673 2599 pag.
1695 2548 1793 2591 344.

315 2605 471 2645 Auctor
502 2604 691 2644 chronici
719 2619 880 2646 rursum
908 2605 1015 2644 infra
1045 2619 1132 2657 pag.
1161 2606 1257 2650 250.
1317 2605 1416 2653 Quis
1445 2605 1514 2644 ille
1542 2618 1680 2657 porro,
1709 2604 1794 2643 dis·
1843 2647 1857 2659 χ

315 2664 485 2714 quirunt
521 2662 695 2714 Scaliger
732 2663 783 2702 ad
822 2662 966 2702 Euseb.
1005 2676 1095 2714 pag.
1124 2662 1219 2705 205.
1258 2668 1297 2701 et
1337 2662 1535 2701 Batonius
1572 2662 1614 2700 in
1651 2661 1792 2700 Annal.

314 2719 426 2759 E⁰⁰l
416 2733 527 2826 1211}-
549 2733 623 2819 169.
654 2779 724 2819 21·
781 2777 971 2830 Μαγείαν
998 2779 1073 2817 τοῦ
1101 2778 1285 2828 μυσαροῦ
1314 2771 1499 2827 σκύφον]
1532 2774 1637 2813 InFra
1659 2774 1708 2813 de
1726 2787 1792 2814 eo-

320 2831 410 2872 dem
447 2833 614 2872 Perzseo
653 2832 807 2883 ἐδίδαξε
840 2831 883 2874 δὲ
911 2832 981 2874 καὶ
1011 2847 1106 2880 τους
1136 2831 1296 2886 Πέρσας
1324 2848 1399 2884 την
1430 2829 1590 2884 τελετην
1617 2834 1692 2871 τοῦ
1719 2847 1794 2883 μυ·
1849 2871 1851 2875 ,

320 2890 449 2943 σαροῦ
487 2889 555 2930 καὶ
592 2885 790 2943 ἀθεμίτου
830 2887 1002 2943 σκύφον.
1061 2888 1227 2929 Addunt
1256 2888 1476 2942 Logotheta
1507 2895 1547 2929 et
1575 2887 1791 2940 Cedrenus,
