1884 3262
579 203 847 247 CHRONICI
881 188 1186 246 PAscHALls.
1511 201 1611 247 221

35 366 44 373 ³
74 292 102 302 '⁷
143 318 399 356 constitutione.
457 314 622 353 Prorsus.
653 315 785 353 Deest.
847 315 1106 354 observatione.
1136 312 1263 351 MSS.
1283 312 1472 351 devotione.
1526 313 1615 352 Ter-

143 388 264 413 rarum
286 375 375 411 orbe.
405 371 531 410 MSS.
551 373 630 409 orbe
656 376 843 412 terrarum.
901 371 1024 409 Labor
1050 375 1113 409 est.
1147 369 1274 408 MSS.
1297 374 1348 408 est
1374 370 1486 411 labor.
1546 370 1614 410 Sc-

143 431 309 469 cundum.
339 429 465 468 MSS.
483 433 654 467 sanctum.
716 427 898 467 Nicaeam.
930 428 1056 467 MSS.
1074 428 1311 480 Antiochiam.
1368 427 1613 466 Protulerant.

140 487 267 526 MSS.
285 486 520 538 protulerunt.
565 486 621 524 De
641 484 743 524 Eccl.
759 486 950 536 pellendos.
979 484 1105 523 MSS.
1129 484 1351 535 expellendos
1375 484 1419 523 de
1435 484 1614 523 Ecclesia.

142 545 309 583 Seorsim.
350 543 478 582 MSS.
511 555 673 582 seorsum.
743 541 820 580 Sed
852 542 950 592 plur.
998 541 1126 579 MSS.
1155 542 1217 578 sed
1247 544 1364 579 etiam.
1422 541 1615 580 Extiten‘t.

140 601 266 639 MSS.
289 603 419 639 exstit.
502 600 572 639 Illi
599 602 671 650 qui.
702 598 829 644 MSS.
854 599 935 636 illos
951 600 1023 648 qui.
1082 598 1163 636 Dei.
1194 597 1328 639 Abest.
1387 598 1489 641 Quid
1517 599 1614 637 velit.

138 658 266 697 MSS.
293 658 447 709 aliquid.
514 657 564 694 Ut
584 660 728 708 «portet.
759 654 884 694 MSS.
903 657 997 693 sicut
1023 667 1106 705 op..
1157 654 1358 693 Serventur.
1389 655 1516 695 MSS.
1541 669 1615 693 ser·-

117 750 120 752 ,
138 719 282 754 vantur.

253 773 344 821 Pag.
373 770 470 813 489.
528 769 722 808 Indicitur.
748 767 875 807 MSS.
893 767 1043 807 inditur.
1092 767 1314 819 Despexerit.
1345 767 1472 807 MSS.
1491 768 1612 819 disp..

137 829 337 869 Relatione.
368 826 495 866 MSS.
512 827 735 865 revelatione.
792 825 996 864 Athanasii.
1028 824 1133 866 Add.
1150 824 1260 863 MSS.
1278 824 1461 876 Episcopi.
1491 825 1614 876 Epist.

140 886 273 925 Sancti
296 885 396 923 Prot.
443 883 570 922 MSS.
598 883 756 921 Proterii
786 882 960 934 Epistola
988 882 1124 920 Alex..
1183 881 1340 921 Domini.
1378 881 1487 921 Add.
1506 882 1614 920 MSS.

135 945 250 981 nostri
264 943 348 981 Iesu
371 940 518 979 Christi.
557 939 656 979 Sive.
686 938 812 978 MSS.
836 942 907 990 qui.
949 939 1168 990 Caeterique.
1200 938 1327 976 MSS.
1347 941 1479 978 caeteri
1494 951 1614 991 aeque.

139 999 274 1038 Simili.
303 998 430 1038 MSS.
450 998 592 1037 similes.
650 997 911 1049 Requirantur.
941 995 1068 1036 MSS.
1089 998 1325 1048 requirentur.

469 1165 762 1208 VARIAE
819 1164 1281 1208 LEGTIONES

134 1249 243 1295 A‘D
313 1244 871 1294 EPISTOLAM
940 1245 1015 1294 II.
1085 1243 1613 1294 D10.NYSII

375 1339 450 1377 DE
490 1337 775 1377 RATIONE
811 1335 1114 1376 PASGHAE.
1156 1350 1247 1390 pag.
1275 1336 1373 1380 489

249 1464 420 1503 Titulus.
490 1464 628 1514 Incipit
668 1463 867 1514 disputatio
904 1462 1078 1513 Dionysii
1109 1462 1268 1513 Exigui.
1343 1463 1613 1505 Observantiae.

132 1512 258 1561 MSS.
275 1522 518 1560 Reverentiae.
562 1521 885 1572 oppugnationem.
914 1518 1041 1557 MSS.
1065 1520 1355 1570 obpugnantium.
1389 1521 1586 1560 Chalced..

131 1579 259 1617 MSS.
283 1579 423 1617 Calcid
481 1578 581 1616 Huic
596 1591 703 1628 praes
689 1579 789 1614 senti.
819 1576 946 1614 MSS.
964 1576 1051 1614 haec
1065 1589 1156 1627 pr..
1214 1577 1381 1615 Decreta.
1408 1576 1533 1617 MSS.
1552 1578 1614 1616 de-

131 1639 255 1675 crevit.
317 1635 424 1678 Quod
441 1648 523 1673 vero
543 1637 594 1672 in.
626 1634 755 1671 MSS.
774 1635 861 1684 quia
877 1646 956 1673 vero
973 1635 1129 1684 scriptis.

246 1693 336 1743 Pag.
366 1693 462 1734 490.
529 1686 739 1729 Volentibus.
772 1689 875 1728 Add.
897 1689 1007 1730 MSS.
1028 1692 1223 1728 veritatem.
1269 1689 1432 1729 Paterna
1454 1692 1611 1741 regulae.

132 1748 258 1790 MSS.
291 1753 466 1800 paternae
491 1748 648 1798 regulae.
707 1747 887 1797 Digerere.
928 1746 1054 1785 MSS.
1094 1747 1265 1797 degerere.
1326 1748 1446 1800 Cyclo.
1483 1748 1612 1787 MSS.

132 1807 276 1844 circulo.
335 1806 491 1856 Incipit,
521 1809 586 1843 etc.
616 1804 743 1843 MSS.
763 1806 890 1856 incipit
911 1817 1004 1842 anno
1022 1803 1120 1842 Ciclo
1139 1804 1470 1844 Decemnovennali.
1517 1805 1613 1843 Em-

131 1864 298 1901 bolismis.
325 1862 431 1900 MSS.
452 1861 555 1900 Add.
574 1874 666 1899 vero.
725 1860 836 1904 Quia.
867 1860 994 1899 MSS.
1021 1861 1124 1912 quod.
1182 1862 1282 1899 Anni
1309 1862 1450 1900 solaris.
1481 1861 1610 1900 MSS.

131 1921 216 1958 solis
231 1933 398 1957 annuum.
465 1919 612 1957 Videtur
627 1919 788 1957 solarem.
819 1918 946 1956 MSS.
966 1918 1028 1955 sol.
1049 1918 1126 1957 vid.
1188 1918 1336 1958 Circuli.
1365 1918 1494 1958 MSS.
1516 1920 1611 1959 cicli.

136 1977 307 2015 Trecenti.
337 1976 463 2015 MSS.
483 1978 554 2014 tric
567 2004 577 2013 .
591 2004 602 2014 .
653 1975 838 2025 octogeni.
867 1974 995 2013 MSS.
1014 1977 1214 2026 octuageni.
1255 1975 1462 2019 Quadrans.
1481 1975 1609 2015 MSS.

131 2035 363 2085 quadrantes.
422 2032 661 2072 Hendecadis.
692 2031 819 2070 MSS.
838 2032 1067 2071 hendecades.

243 2091 335 2140 Pag.
368 2089 463 2132 491.
522 2089 670 2128 Detrim.
692 2089 809 2140 Comp.
838 2088 965 2127 MSS.
986 2102 1094 2140 comp.
1119 2089 1208 2127 detr.
1253 2089 1341 2127 Dies
1355 2102 1459 2128 unus.
1477 2088 1606 2127 MSS.

129 2161 222 2186 unus
243 2149 328 2185 dies.
391 2146 504 2197 Cycli.
533 2145 660 2184 MSS.
680 2147 817 2184 circuli.
875 2145 999 2184 Finem
1015 2147 1104 2194 ejus.
1135 2145 1262 2184 MSS.
1281 2146 1448 2194 ejusdem.
1490 2144 1605 2184 Prae-

120 2207 222 2258 ficos
255 2205 340 2242 dies.
382 2202 508 2241 MSS.
536 2203 610 2241 dies
637 2215 706 2239 non
734 2204 846 2253 fixos.
912 2202 1232 2240 Ratiocinationis.
1280 2202 1407 2240 MSS.
1442 2205 1606 2241 rationis.

132 2262 297 2301 Cir-culus
317 2274 374 2298 xi.
409 2259 535 2298 MSS.
554 2259 675 2311 cyclus
689 2272 748 2298 XI.
808 2258 907 2301 Quot
934 2263 1016 2297 sunt
1045 2260 1132 2297 dies.
1161 2259 1288 2298 MSS.
1309 2272 1341 2311 q.
1354 2259 1391 2297 d.
1408 2273 1436 2297 s.
1496 2259 1608 2310 Diffi.-

128 2321 302 2357 nitionem.
334 2317 460 2356 MSS.
482 2316 595 2366 deff..

242 2375 336 2425 Pag.
367 2372 462 2415 492.
525 2371 753 2421 colligemus.
784 2369 910 2410 MSS.
929 2372 1150 2422 colli-gentur
1208 2371 1314 2414 Quod
1336 2384 1454 2422 quaer.
1477 2372 1605 2411 MSS.

130 2445 248 2484 quam.
308 2431 506 2470 Communis
537 2442 664 2469 annus.
704 2428 829 2467 MSS.
859 2442 930 2468 an.
988 2442 1082 2468 com.
1165 2427 1264 2471 Quia
1298 2429 1440 2479 regula.
1478 2429 1607 2468 MSS.

133 2503 224 2540 quae
244 2502 318 2538 reg.
377 2489 479 2526 Anno
505 2488 610 2526 dec..
652 2485 743 2524 Vox
769 2499 883 2534 anna,
915 2485 1049 2535 deest,
1088 2491 1129 2524 et
1160 2486 1332 2537 deinceps.
1394 2486 1490 2543 Sunt
1522 2486 1608 2524 dies.

130 2545 256 2585 MSS.
276 2546 377 2597 fiunt
394 2546 430 2583 d.
458 2544 588 2587 Quia
618 2545 807 2582 communis
833 2546 895 2581 est.
933 2515 1060 2581 MSS.
1087 2544 1151 2594 qui
1178 2545 1367 2581 communis
1394 2557 1514 2581 annus
1541 2546 1605 2580 est.

130 2603 182 2640 Et
214 2602 274 2641 sic
303 2602 512 2653 deinceps,
542 2601 610 2639 vel
639 2603 703 2652 qui
731 2600 951 2638 embolismus
977 2613 1092 2638 annus
1119 2603 1182 2637 est.
1242 2599 1388 2638 Ultima
1419 2597 1607 2651 perioche

132 2658 244 2698 deest
275 2659 318 2697 in
347 2659 454 2698 MSS.
486 2671 533 2697 ac
562 2657 798 2711 praesertim
828 2656 1061 2707 colberteo‚
1095 2655 1137 2695 in
1167 2669 1248 2709 quo
1279 2657 1484 2709 sequentia
1513 2654 1610 2694 sub-

132 2714 293 2754 duntur.

717 2844 994 2851 ς-----

1644 1181 1766 1218 v386
