1884 3262
312 214 375 260 76
597 206 848 251 SELECTA
876 206 959 248 AD
989 204 1482 249 ILLUSTRATIONEM

445 321 574 371 VIII.
611 321 917 385 Σύγγραμμα
936 320 1342 385 Εκκλησιαστικόν
1359 325 1467 385 περὶ
1487 324 1583 372 ταῖν
1602 323 1641 373 o'
1673 346 1764 387 μα-

306 393 471 456 θητῶν
493 392 584 439 τοῦ
605 391 790 453 Κυρίου
801 427 819 449 ,
856 392 1124 454 Δωροθέου
1145 388 1428 440 Επισκόπου
1454 390 1638 457 Τύρου,
1676 393 1763 458 ‹io—

305 460 445 519 χαιόυ
470 455 668 522 ἀνδρός,
705 469 794 503 etc·

438 534 717 583 Dorotheus
765 534 825 582 de
859 552 962 582 Lxx.
997 534 1256 599 Discipulis
1291 536 1490 584 Domini
1525 553 1612 587 etc.
1683 543 1762 589 Ex

308 606 456 653 codd.
479 609 604 667 Reg.
640 609 787 654 2760.
824 618 870 651 et
904 608 1050 652 2819.

430 683 517 730 IX.
560 685 665 734 Τῶν
687 682 749 747 ιβ’
767 681 1068 733 Αποστόλων
1089 689 1141 732 αἱ
1169 684 1427 749 πατρίδαι,
1464 687 1541 735 καὶ
1562 685 1627 736 vo?
1652 687 1758 738 ὀνό-

297 771 432 813 ματα
464 753 569 801 Τῶν
591 749 928 818 γεννησάντων.
1727 761 1730 763 ’

433 829 705 877 Duodecim
736 829 1085 893 Apostolorum
1121 829 1323 894 patriae,
1371 830 1637 898 eorumque
1672 853 1757 883 no-

295 897 441 959 mina,
478 916 535 945 ex
569 897 743 963 quihus
777 910 889 945 sunt
923 897 1032 944 nati.
1103 902 1184 946 Ex
1212 902 1326 948 Cod.
1348 903 1475 963 Reg.

427 977 489 1025 X.
524 976 852 1025 Theodoritus
864 976 1128 1041 Episcopus
1151 977 1283 1043 Tyri,
1305 977 1366 1025 de
1388 978 1622 1044 baptismo
1639 979 1756 1029 San-

291 1058 480 1091 ctorum
515 1046 860 1110 Apostolorum
903 1059 949 1092 et
985 1044 1235 1109 Deiparae.
1312 1050 1392 1095 Ex
1431 1051 1608 1097 Chron.
1642 1053 1752 1100 MS.

290 1116 547 1174 Symeonc's
568 1116 893 1177 Logothetae.

423 1181 509 1231 XI.
546 1181 884 1246 Fragmentum
908 1199 963 1228 ex
981 1181 1130 1229 Fastis
1152 1181 1501 1246 Cuspinianeis,
1536 1184 1585 1230 in
1613 1185 1753 1233 omis-

287 1265 450 1296 sorum
486 1250 737 1313 specimen.

420 1317 532 1364 XII.
567 1315 840 1380 Descriptio
881 1316 1145 1364 Consulum
1193 1334 1249 1364 ex
1284 1335 1382 1382 quo
1426 1317 1635 1382 primum
1673 1337 1750 1367 01·-

284 1384 434 1431 dinati
467 1399 592 1443 sunt,
625 1386 873 1432 Fastorum
893 1384 1226 1432 Idatianorum
1259 1386 1481 1434 lemmate
1516 1385 1749 1436 hactenus

285 1450 424 1513 edita,
460 1455 530 1500 ad
548 1456 658 1501 MS.
681 1456 933 1516 exemplar
955 1456 1160 1515 collegii
1180 1457 1481 1501 Parisiensis
1499 1459 1605 1503 Soc.
1628 1461 1748 1505 Jesu

280 1523 550 1583 recognita,
587 1531 634 1567 et
651 1539 759 1569 cam
777 1525 993 1570 Arnaldi
1012 1524 1222 1570 Pontaci
1242 1525 1482 1586 Episcopi
1503 1528 1555 1571 V
1551 1535 1746 1573 asaten-

278 1590 348 1634 sis
364 1591 577 1637 editione
597 1592 791 1640 collata.

413 1656 546 1703 XIII.
581 1657 706 1705 Fasti
742 1655 916 1704 Graeci
951 1658 1010 1704 ab
1045 1674 1118 1708 an.
1156 1656 1271 1710 Chr.
1306 1675 1530 1708 cxxxvm.
1567 1658 1625 1708 ad
1662 1679 1743 1709 an-

277 1741 396 1770 num
422 1741 619 1772 cccmm.
688 1729 768 1773 Ex
796 1728 910 1774 Cod.
933 1727 1229 1787 Savilliano,
1264 1738 1312 1775 et
1334 1731 1567 1778 Edatione
1594 1733 1659 1777 V.
1691 1733 1742 1778 C.

274 1795 437 1841 Henr.
459 1794 699 1841 Doduelli
717 1795 770 1840 in
792 1798 1019 1857 Append.
1038 1798 1109 1842 ad
1128 1797 1342 1844 Dissert.
1372 1799 1653 1859 Cyprianic.

408 1871 542 1919 XIV.
578 1872 702 1919 Fasti
737 1872 911 1919 Graeci
945 1872 1045 1928 alii,
1082 1890 1139 1921 ex
1173 1874 1448 1940 apographo
1486 1877 1737 1942 Vossiano,

271 1938 330 1984 ab
367 1957 492 1987 anno
528 1958 698 1987 ccxxu.
734 1939 794 1988 ad
825 1958 1004 1988 annum
1040 1958 1203 1992 ncxxx.
1273 1948 1355 1993 Ex
1374 1947 1488 1994 edit.
1515 1951 1737 2009 ejusdem

269 2010 521 2057 Doduelli.

403 2075 514 2123 XV.
551 2076 891 2141 Fragmentum
908 2075 1158 2124 Fastorum
1194 2080 1252 2127 ab
1280 2097 1406 2128 anno
1426 2080 1606 2130 Christi
1634 2101 1731 2133 ccv.

270 2142 332 2189 ad
366 2161 544 2190 annum
580 2161 756 2192 cccmv.
826 2150 908 2195 Ex
927 2148 1191 2196 Eucherio.

402 2211 536 2260 XVI.
571 2212 641 2259 Ex
687 2212 982 2276 temporibus
1031 2214 1262 2274 Gallieni,
1319 2215 1452 2280 quis,
1498 2233 1731 2283 quantum

266 2279 492 2342 temporis
528 2279 879 2327 Praefecturam
914 2281 1060 2328 Urbis
1095 2281 1516 2346 administraverit,
1554 2286 1613 2333 ab
1649 2307 1730 2335 an-

262 2362 328 2393 no
356 2346 537 2394 Christi
572 2366 719 2396 ccmv.
756 2347 819 2396 ad
852 2367 1031 2396 annum
1067 2367 1247 2399 cccnlv.
1316 2355 1397 2399 Ex
1417 2357 1680 2404 Eucherio.

394 2426 551 2477 XVII.
590 2427 843 2496 Catalogus
861 2428 1147 2476 Pontificum
1167 2430 1511 2485 Romanorum,
1545 2432 1594 2479 in
1626 2454 1724 2500 quo

262 2493 389 2540 Fasti
422 2495 605 2559 aliquot
641 2495 922 2544 Consulares
957 2513 1280 2547 recensentur.
1349 2504 1429 2548 Ex
1458 2503 1722 2552 Eucherio.

390 2563 573 2614 XVIII.
616 2564 855 2612 Paschalis
878 2578 1068 2612 centum
1091 2583 1343 2625 annorum,
1363 2568 1420 2612 ab
1444 2586 1569 2615 anno
1583 2570 1721 2618 Chri-

104 2640 146 2673 V.
169 2639 238 2675 322
262 2629 325 2677 sti
346 2647 523 2679 cccxn.
556 2630 616 2679 ad
643 2651 820 2681 annum
841 2651 1016 2683 ccccxl.
1068 2639 1146 2681 Ex
1171 2637 1443 2695 Eucherio,
1482 2637 1567 2684 abi
1589 2652 1721 2687 ema-

253 2702 444 2746 culatus
461 2705 625 2749 datur.

387 2767 523 2816 XIX.
561 2767 839 2815 Laterculus
861 2769 1111 2816 Fastorum
1134 2770 1466 2817 Consularium
1483 2808 1495 2832 ,
1533 2775 1590 2821 ab
1615 2778 1716 2822 Au-

250 2833 371 2882 sonii
414 2848 459 2881 et
506 2836 695 2902 Olybrii
731 2836 1017 2898 Consulatu,
1066 2837 1127 2885 ad
1171 2857 1282 2889 xvu.
1329 2841 1714 2891 Post-Consula-
