1884 3262
491 202 550 246 IN
567 251 570 257 ¹
586 202 914 247 CHRONICON
948 202 1236 247 PASCHALE.
1501 204 1600 251 269

134 312 301 366 Logoth.
343 312 400 362 εἷς
423 311 544 365 νίκην
569 315 644 355 τοῦ
666 314 847 365 Κροίσου
876 317 951 355 τοῦ
970 315 1152 364 Λυδίου,
1182 313 1250 356 καὶ
1278 312 1370 369 περὶ
1397 316 1495 368 τῆς,
1525 321 1600 355 etc.

134 372 236 411 Vide
262 370 452 409 Huetium
482 371 529 410 V.
561 371 604 412 C.
634 385 675 422 p.
706 371 802 413 253.

248 430 343 478 Pag.
376 426 473 469 285.
503 429 543 468 9.
602 426 686 467 Emi.
714 423 988 480 Ιερουσαλὴμ]
1020 427 1175 466 Auctor
1202 428 1284 466 MS.
1316 426 1382 478 ἐν,
1413 435 1487 469 etc.

250 487 345 534 Pag.
376 483 472 526 285.
507 486 571 526 11.
628 482 810 535 Εθνῶν]
840 483 964 521 Addit
994 483 1148 523 Auctor
1176 484 1257 522 MS.
1286 484 1356 524 καὶ
1388 482 1547 538 Ισραήλ.

251 543 343 591 Pag.
373 539 466 583 285.
498 543 564 583 12.
626 538 768 593 Ιερὲων
784 538 853 580 καὶ
876 540 1046 592 διπλῆς]
1077 541 1136 578 Ita
1166 540 1366 592 Epiphan.
1386 541 1466 582 MS.
1494 541 1602 581 Edi-

133 605 199 637 tus
228 610 371 636 vocem
401 595 493 647 καὶ,
523 596 739 648 Logotheta
766 609 864 635 vero
892 609 1034 636 vocem
1066 597 1157 650 περὶ
1183 597 1435 636 omittunt..

252 657 347 704 Pag.
377 656 475 695 286.
508 657 574 696 12.
631 650 753 693 Μετοῖ
769 668 844 705 την
868 651 1142 723 ἔπιστροφην]
1179 657 1261 695 Τοῦ
1289 657 1390 696 λαοῦ
1418 651 1496 695 dud
1521 658 1602 695 Βα-

135 713 315 765 βυλῶνος
340 710 508 750 τίκτεται
532 709 576 750 ἐν
603 712 723 765 Σοφᾷ
743 709 787 750 ἐν
805 712 860 766 γῇ
879 707 1122 762 Ζαβουλῶν,
1151 710 1221 751 καὶ
1241 710 1297 752 ἐτι
1321 710 1414 760 νέος
1434 708 1505 762 ὧν,
1524 718 1600 750 etc.

133 769 193 807 Ita
225 765 493 835 Epiphanius,
527 779 580 804 ex
609 780 689 818 quo
720 750 948 806 Chronicon
983 766 1301 818 emendavimus,
1332 782 1422 807 cum
1453 769 1602 819 leger-e

133 831 222 874 tur,
253 827 379 864 κεῖται
400 822 444 863 ἐν
462 823 621 878 Σοφίᾳ,
652 823 810 862 tametsi
837 822 893 861 ita
922 823 1062 875 legerit
1090 823 1602 877 Logotheta.'1'heophy-

133 882 262 920 lactus
288 879 410 917 habet
439 879 483 921 ἐν
502 882 677 935 Σοφιρᾷ.
739 879 984 929 Dorotheus,
1013 883 1173 920 nascitur
1193 895 1233 920 tn
1251 881 1393 933 Sapha.
1452 882 1603 921 Auctor

132 938 214 978 MS.
243 936 287 977 ἐν
309 938 434 988 Σοχᾶ.
490 936 593 975 Vide
620 921 810 976 lluetium
839 951 878 988 p.
908 937 1004 980 254.
1157 961 1166 969 κ

246 992 344 1043 Pag·
373 995 470 1037 286-
501 992 565 1035 14.
627 996 662 1033 Ο
695 990 953 1060 ἑρμηνεύεται
983 992 1186 1048 Αγγελος]
1225 993 1530 1046 Amphilochius
1560 994 1601 1032 in

134 1050 264 1092 Carm.
295 1049 346 1087 ad
375 1049 605 1088 Seleucum:
636 1046 842 1102 δεώνυμὸν
860 1065 924 1100 τε,
951 1053 1131 1104 Αγγελον
1154 1052 1381 1103 Μαλαχίαν.

245 1104 468 1157 Pag.286.
500 1106 566 1150 15.
623 1105 707 1147 Καὶ
737 1110 796 1163 τῷ
830 1105 952 1159 εἴδει]
1002 1107 1127 1146 Addit
1155 1107 1306 1147 Auctor
1334 1109 1414 1148 MS.
1443 1106 1513 1148 καὶ
1540 1123 1596 1148 τω
1620 1113 1651 1148 P
1673 1114 1743 1151 507

131 1159 179 1205 λό
206 1179 250 1204 ω.

180 1180 203 1218 y
248 1223 341 1271 Pag.
372 1223 466 1264 286·
500 1223 564 1263 17
623 1222 688 1260 Εν
704 1217 898 1273 ημέραις]
930 1218 1059 1258 Addit
1073 1219 1273 1272 Epiphan.
1303 1222 1377 1272 τῆς
1397 1216 1602 1274 ἀναρχίας,

130 1275 186 1325 ὥς
201 1277 417 1331 γέγραπται
447 1276 490 1318 ἕν
510 1275 749 1329 Σχοφθειμ,
779 1275 979 1316 τουτέστιν
1005 1275 1050 1317 ἐν
1079 1278 1205 1332 βίβλῳ
1229 1279 1412 1329 Κριτων,
1435 1276 1526 1325 νέος
1557 1275 1603 1318 δὲ

122 1330 207 1383 ων,
238 1340 312 1373 etc.
373 1333 469 1372 Cod.
501 1334 594 1384 Reg.
626 1332 670 1373 ἕν
688 1333 989 1385 Σφαρφωθείμ..
1047 1332 1156 1372 Idem
1157 1318 1432 1401 ”Epiphanius
1459 1333 1529 1372 lib.
1551 1334 1600 1372 de

129 1389 304 1430 Mensur.
334 1396 375 1429 et
403 1389 574 1429 Ponder.
605 1402 646 1428 ιι.
674 1403 793 1428 xxm.
822 1387 1118 1442 Διασωφθεὶμ,
1148 1385 1276 1441 ἢτων
1297 1392 1469 1443 Κριτων.
1514 1390 1602 1429 Lo-

129 1446 313 1498 gotheta,
342 1446 386 1487 ἕν
408 1449 472 1486 Φα
474 1444 634 1500 ρφαθὲ,
665 1444 866 1486 τουτέστιν
897 1444 941 1486 ἐν
971 1446 1115 1501 βιβλίω
1133 1448 1304 1499 Κριτῶν.
1363 1446 1485 1499 Apud
1514 1447 1601 1487 Eu-

127 1503 282 1542 sebium
313 1503 380 1542 lib.
409 1516 464 1543 vi.
474 1462 595 1542 QHist.
624 1503 731 1541 Eccl.
762 1516 848 1554 cap.
877 1515 977 1542 xxv.
1008 1515 1060 1541 ex
1087 1488 1282 1581 Origene,
1312 1503 1531 1557 Σωφετὶμ,
1559 1509 1601 1543 et

128 1560 238 1613 apud
267 1552 554 1612 Hieronymum
583 1559 626 1597 in
657 1559 832 1609 Prologo
861 1559 1027 1609 galeato.

241 1615 753 1670 1ὖῑά.Επεδευτε’ρωσεν]
786 1616 839 1654 lta
870 1615 1119 1668 Epiphanius
1149 1614 1277 1654 editus
1307 1622 1346 1655 et
1374 1615 1454 1655 MS.
1492 1616 1600 1655 Pro-

35 1716 47 1721 (
127 1673 222 1712 inde
253 1674 454 1712 evanescit
493 1673 724 1725 conjectura
765 1672 934 1721 Raderi,
972 1678 1093 1723 atque
1134 1672 1233 1711 adeo
1270 1671 1491 1719 Holstenii‚
1530 1673 1601 1725 qui

127 1728 464 1783 ἐπαιδευτέρωσεν
494 1729 706 1781 legendum
735 1729 961 1769 censebant.
1020 1729 1222 1782 Interpres
1248 1728 1463 1769 Dorothei.
1493 1743 1600 1782 quae-

128 1799 266 1837 cunque
282 1789 322 1825 in
343 1787 540 1839 Prophetia
560 1787 676 1836 decit,
706 1800 745 1825 eo
764 1788 841 1837 ipso
858 1786 916 1824 die
933 1786 1084 1825 secundo
1109 1788 1207 1824 visus
1234 1790 1284 1824 est
1311 1787 1427 1826 dicere
1440 1787 1600 1837 Angelus

128 1843 297 1892 Domini,
327 1847 392 1882 etc.
450 1843 682 1882 Zehnerus:
715 1856 941 1894 quaecunque
958 1846 998 1882 in
1018 1842 1211 1895 Prophetia
1238 1842 1354 1893 dixit,
1384 1856 1423 1881 eo
1439 1846 1516 1895 ipso
1541 1844 1600 1883 die

127 1900 290 1950 Angelus
306 1913 480 1952 apparens
495 1902 704 1939 vaticinium
722 1900 801 1948 ejus
827 1900 986 1939 tradidit
999 1929 1012 1948 ,
1041 1904 1106 1938 aut
1130 1901 1280 1951 repetiit.
1324 1899 1492 1939 ‚Auctor
1519 1900 1600 1939 MS.

128 1955 252 1994 habet
281 1955 489 2009 ἐβεβαίου,
518 1956 629 2009 quod
658 1955 766 1995 idem
794 1956 912 1998 valet.
971 1955 1139 1995 Huetius
1170 1956 1217 1997 V.
1249 1956 1292 1996 C.
1322 1957 1504 2005 iterabat,
1531 1970 1599 1997 re-

131 2012 235 2052 ctius
262 2013 398 2053 vertit.

244 2072 336 2120 Pag·
366 2072 462 2113 286-
492 2072 560 2112 20.
618 2066 782 2111 Λοιπὸν
808 2068 900 2122 ἐπὶ]
931 2069 992 2108 Ex
1017 2069 1236 2109 Dorotheo.

245 2129 339 2176 Pag.
368 2129 465 2169 290.
493 2129 575 2195 ⁴26.
600 2127 678 2174 Εἰς
708 2122 808 2179 δύο]
840 2125 966 2165 Addit
985 2125 1149 2166 'Auctor
1166 2127 1248 2166 MS.
1279 2125 1426 2182 ξυλίνῳ
1446 2124 1598 2181 πρίονι.

241 2182 336 2222 Rn'd.
397 2185 556 2236 Ρογηλ]
586 2180 785 2235 Epiphan.
817 2182 922 2222 Edit.
953 2189 994 2223 et
1025 2183 1108 2223 MS.
1139 2186 1253 2237 Ρωγη
1244 2178 1292 2223 ’.λ

244 2241 339 2290 Pag·
367 2242 463 2283 290
506 2241 574 2282 19
649 2236 938 2293 Ολιγωρήσας]
980 2239 1042 2280 Ita
1077 2239 1277 2294 Epiphan.
1318 2239 1399 2279 MS.
1457 2238 1598 2279 Editus

127 2307 250 2346 vero,
280 2290 589 2349 ὄλιγοψυχήσας.
1556 2326 1559 2327 ⁷

236 2325 762 2403 '1³ag.291.1.1⁶atov]
793 2350 991 2404 Epiphan.
1019 2367 1091 2394 του
1112 2347 1339 2406 Προφήτου
1356 2352 1531 2394 Ησαίου.

244 2411 338 2459 Pag.
368 2411 464 2452 291.
492 2411 532 2449 2-
590 2411 655 2448 Εν
680 2411 949 2464 συγκλεισμῷ]
999 2408 1060 2448 Ita
1089 2409 1384 2449 emendavimus
1421 2423 1471 2448 ex
1498 2409 1598 2461 Epi-

82 2454 85 2467 *
128 2463 278 2532 phanio
309 2464 417 2504 edito
448 2471 488 2504 et
516 2464 599 2506 MS.
631 2477 723 2503 cum
763 2478 972 2529 perperam
1012 2465 1164 2504 editum
1204 2472 1342 2515 esset,
1381 2465 1424 2508 ἐν
1458 2469 1599 2513 συκαῖς

131 2517 272 2573 Μοᾶβ.
330 2521 556 2574 Epiphanio
596 2521 821 2560 consentit
837 2522 920 2560 MS.
956 2520 1052 2560 licet
1083 2522 1206 2589 paulo
1244 2536 1358 2562 secus
1392 2522 1494 2561 haec
1524 2521 1596 2560 de-

130 2577 302 2616 scribat:
331 2576 518 2630 ἐποίησέν
549 2592 590 2618 τε
618 2575 794 2627 λάκκους
817 2577 887 2619 καὶ
917 2574 1230 2631 κολυμβήθρας·
1262 2576 1410 2634 μικρόν
1434 2593 1511 2632 γαρ
1540 2571 1597 2630 ἦν

131 2631 176 2675 τὰ
194 2630 329 2687 υδωρ,
357 2631 646 2687 ἐξεληλυθός
622 2650 687 2675 ote
704 2629 759 2688 ἦν
781 2651 802 2675 ο
826 2632 921 2682 λαός
943 2634 986 2676 ἐν
1007 2637 1263 2690 συγκλεισμῷ.

249 2693 342 2741 Pag.
371 2693 467 2734 291.
499 2690 538 2734 5.
595 2690 789 2743 Αντλεῖν]
820 2691 934 2730 Hanc
958 2705 1100 2731 vocem
1130 2691 1404 2743 supplevimus
1432 2703 1483 2730 ex
1499 2689 1599 2743 Epi-

133 2744 294 2811 phanio.
340 2746 467 2786 Aliter
494 2753 620 2816 tptam
649 2747 754 2787 hanc
772 2749 1001 2817 pericopen
1031 2747 1222 2787 describit
1237 2749 1410 2800 Symeon
1428 2746 1595 2799 Logoth.

133 2802 177 2841 in
207 2801 352 2843 Chron.
381 2803 461 2843 MS.
491 2799 709 2858 ἠρώτησαν
735 2821 812 2858 γαρ
839 2805 882 2846 οἰ
900 2803 1105 2858 πολέμιοι,
1136 2800 1281 2845 Πόθεν
1311 2803 1497 2855 πίνουσι,
1525 2803 1594 2844 καὶ

136 2857 290 2911 ἔχοντες
308 2874 383 2913 την
410 2855 549 2909 πόλιν,
577 2860 908 2916 περιεκαθέζοντο
932 2877 987 2901 τω
1009 2858 1180 2902 Σιλιόαν.
1211 2859 1295 2902 Καὶ
1319 2857 1391 2903 ἐὰν
1409 2858 1494 2914 μὲν
1503 2855 1595 2902 Iov-

1623 1626 1657 1662 V
1678 1624 1748 1664 418
