1884 3262
423 195 427 198 ⁴
456 197 514 239 ΙΝ
549 195 880 240 CHRONICON
911 195 1201 240 PASCHALE.
1481 193 1584 243 315

112 307 356 348 cessitudinem
389 319 496 360 qaam
524 308 654 346 habent
693 321 771 347 cum
806 312 875 347 tua
902 311 1073 358 Pietate,
1105 306 1172 348 vel
1198 307 1425 347 Reverentia.
1480 306 1585 347 Vide

112 365 239 403 Gloss.
269 363 372 404 med.
402 365 577 406 Graecit.
606 364 649 403 in
679 361 894 434 Ευλαβεῖς.

226 423 319 471 Pag.
350 421 448 465 459.
478 423 520 465 5.
581 418 747 474 Φαξᾶδ]
778 421 958 461 Holsten.
993 417 1247 489 Αρφαξάδπ

227 478 446 529 pag-459.
479 482 546 521 12
608 481 797 519 Ital-mom?
826 477 894 519 καὶ
930 474 1166 533 Τραχάνου]
1213 476 1431 531 perperam
1460 475 1585 518 editio

109 533 302 586 Scaligeri
342 538 516 577 Ταλικου
549 536 741 589 praefert.
823 535 952 584 Quem
991 549 1090 574 vero
1139 534 1391 574 Trachanum
1430 535 1586 574 Auctor

112 591 325 640 chronici,
357 593 558 632 Trahalum
586 599 737 633 vocant
762 592 872 631 Fasti
899 592 1071 631 ldatiani
1097 592 1205 632 MSS.
1236 591 1319 631 Alii
1350 592 1584 632 Trachalum.

227 648 446 700 Pag.459.
482 652 546 693 13.
604 647 782 703 Αφανης
809 648 996 704 γέγονεν]
1044 648 1155 688 Fasti
1192 648 1363 688 Idatiani
1393 649 1444 688 ad
1473 648 1585 688 hunc

111 718 283 745 annum:
314 706 388 745 His
412 706 506 746 coss.
532 705 630 746 Nero
655 719 725 746 non
752 709 960 760 comparuit.
1009 706 1158 746 Eadem
1186 705 1380 758 loquendi
1409 707 1585 746 formula

109 763 241 803 utitur
270 762 459 802 chronici
487 763 692 817 Scdptor,
719 763 790 803 ubi
820 764 871 804 de
899 777 998 802 nece
1018 763 1257 803 Domitiani·
1288 759 1454 816 ἆφανης
1471 759 1585 817 γενό-

110 835 230 873 μενος
256 822 428 876 τελευτᾷ.
488 820 542 860 At
571 834 646 859 cm
677 820 727 860 de
758 821 984 860 Domitiano
1015 820 1070 859 ita
1090 819 1319 873 scripserit,
1349 818 1458 859 haud
1479 821 1586 860 forte

109 877 279 928 mirum,
317 862 427 930 quod
464 891 486 915 a
514 878 776 917 Senatoribus
815 878 858 917 in
886 878 1053 930 Templo
1099 876 1174 931 (ut
1201 882 1310 916 certe
1338 875 1479 930 fingit)
1509 878 1585 916 illo

108 934 367 986 interempto,
397 934 648 974 subtractum
678 936 806 974 oculis
836 935 1016 974 omnium
1049 935 1091 973 in
1121 934 1278 973 coelum
1297 939 1459 986 raptum
1476 933 1586 986 plebi

107 991 352 1044 persuadere
383 991 425 1030 in
455 992 589 1032 animo
629 992 660 1031 ii
688 993 915 1032 habuerint.
974 991 1111 1031 Simile
1148 1005 1247 1031 vero
1285 991 1495 1043 quidpiam
1534 990 1586 1031 de

107 1048 267 1088 Nerone
294 1047 375 1087 dici
404 1061 488 1087 non
518 1055 683 1102 potest,
729 1050 806 1089 nisi
839 1049 1063 1089 audiendus
1101 1049 1154 1087 sit
1185 1048 1340 1087 Auctor
1367 1048 1584 1098 miscellae,

109 1104 179 1157 qui
199 1108 348 1158 seipsum
370 1109 489 1145 vt'vam
516 1107 697 1160 defodisse
716 1109 862 1146 scribit:
890 1106 956 1145 cui
979 1105 1180 1145 consentit
1201 1104 1452 1158 Nicephorus
1475 1105 1584 1144 Con·

107 1163 490 1215 stantinopolitanus
519 1164 563 1203 in
596 1164 838 1216 Chronolog.
877 1161 1024 1218 φυγών
1061 1159 1208 1204 ἓαυτον
1248 1165 1387 1212 ζῶντα
1414 1162 1582 1216 ἔχωσεν·

107 1219 178 1258 ubi
207 1220 373 1259 Contius
402 1221 615 1272 legendum
645 1222 854 1269 censebat,
883 1220 1143 1271 κατέσφαξεν.
1181 1220 1421 1259 Procliviori
1452 1232 1584 1259 emen-

110 1276 272 1315 datione
309 1276 474 1332 ε’χρησεν
502 1277 672 1317 dixisset
689 1309 699 1329 ‚
751 1292 854 1330 quae
883 1291 967 1316 vox
995 1277 1160 1316 Graecis
1188 1277 1297 1316 idem
1327 1283 1446 1316 sonat
1473 1276 1585 1329 quod

106 1332 366 1385 κατέσφαξεν.
424 1334 548 1373 Iidem
581 1335 690 1374 Fasti
725 1333 896 1374 Idatiani
934 1334 984 1374 de
1023 1334 1202 1373 extincto
1240 1333 1429 1373 Valente·
1466 1347 1511 1372 esc
1540 1347 1585 1372 ea

108 1391 168 1429 die
202 1391 328 1430 Valens
361 1391 550 1442 Augustus
574 1405 750 1445 nusquam
775 1394 973 1444 apparuit,
1013 1393 1106 1443 igne
1144 1390 1300 1429 scilicet
1335 1390 1380 1429 in
1418 1390 1582 1442 tugurio

107 1442 386 1501 consumptus.
452 1448 628 1500 Scaliger
666 1449 874 1521 explicans
912 1448 1015 1487 haec
1054 1448 1097 1486 in
1137 1446 1322 1500 Abydeni
1359 1448 1583 1498 fragmento

108 1516 162 1544 ex
193 1503 366 1544 Historia
395 1505 674 1559 Assyriorum-
704 1507 729 1548 ὁ
754 1505 828 1559 μὲν
853 1506 1055 1554 θεσπίσας
1086 1507 1330 1559 παραχρῆμα
1356 1500 1583 1558 ἠφάνιστο·

80 1562 151 1600 *id
181 1568 261 1613 est,
299 1562 456 1632 inquit,
494 1563 606 1604 obiit.
665 1564 718 1603 At
752 1564 795 1602 in
835 1562 1038 1602 Chronico
1065 1568 1208 1602 nostro
1245 1574 1337 1615 pag.
1367 1565 1438 1604 26.
1466 1562 1585 1601 aliter

107 1617 209 1675 haec
237 1632 321 1658 vox
350 1616 518 1673 ἀφανής
546 1620 744 1671 sumitur,
773 1620 844 1659 ubi
875 1620 925 1659 de
951 1621 1145 1659 Saturno:
1174 1615 1342 1671 αφανὴς
1369 1618 1413 1659 ἐν
1432 1621 1485 1674 τῇ
1501 1622 1584 1659 Συ

108 1673 178 1732 qia
201 1673 441 1730 γενόμενος,
468 1691 552 1715 ιιοιι
582 1678 754 1730 amplius
784 1678 941 1717 scilicet
968 1688 1154 1717 reversus
1181 1677 1225 1715 iu
1246 1675 1425 1729 Syriam:
1453 1689 1585 1728 neque

108 1732 214 1771 enim
245 1732 288 1771 in
317 1735 434 1786 Syria
465 1734 576 1776 obiit.
624 1734 686 1773 An
713 1735 838 1787 igitur
861 1734 1047 1787 Scriptor
1076 1732 1266 1772 Chronici
1295 1746 1444 1772 vanum
1469 1732 1585 1771 illum

108 1790 376 1842 quorumdam
407 1803 586 1831 errorem
615 1792 768 1843 attigit,
797 1791 914 1845 cujus
943 1790 1126 1831 meminit
1145 1790 1395 1842 Augustinus
1425 1789 1495 1828 lib.
1514 1802 1586 1829 xx.

107 1846 160 1885 de
190 1846 308 1886 Civit.
339 1848 411 1887 Dei
448 1862 536 1901 cap.
564 1861 653 1887 xix.
685 1855 724 1888 et
754 1851 928 1888 Severus
954 1845 1026 1887 lib.
1055 1860 1102 1886 11.
1144 1848 1243 1887 Hist.
1273 1846 1379 1886 Eccl-
1410 1847 1481 1899 qui
1509 1859 1587 1885 nec

108 1915 200 1942 eum
229 1903 405 1943 occisum
432 1905 647 1957 putabant,
678 1906 751 1945 sed
778 1906 1029 1945 subtractum
1058 1905 1224 1958 potius,
1255 1917 1347 1944 cum
1370 1910 1587 1957 putaretur

108 1961 286 2010 occisus,
316 1961 382 2000 vel
412 1962 568 2002 etiamsi
597 1976 639 2002 se
668 1963 802 2015 gladio
832 1963 919 2016 ipse
952 1961 1222 2013 transfixerit,
1252 1966 1391 2001 curato
1413 1961 1586 2001 vulnere

108 2017 216 2070 ejus,
245 2017 385 2057 vivum
416 2020 663 2059 occultatum
693 2020 823 2060 donec
854 2033 930 2059 suo
954 2026 1136 2072 tempore
1163 2019 1418 2059 revelaretur
1448 2023 1487 2057 et
1514 2031 1608 2057 re-·

108 2075 342 2114 stitueretur
370 2076 410 2115 in
437 2090 627 2129 regnum,
659 2077 731 2117 sed
760 2083 801 2118 et
822 2087 955 2130 neque
986 2076 1109 2116 alium
1139 2089 1225 2116 esse
1254 2075 1304 2114 ab
1335 2074 1586 2114 Antichristo

109 2131 411 2171 existimabant:
459 2134 526 2173 cui
565 2134 728 2186 quidem
758 2134 1033 2173 confirmando
1068 2134 1197 2172 errori
1226 2133 1409 2186 ipsorum
1441 2132 1586 2171 Genti-

107 2188 207 2228 lium
236 2189 405 2228 accessit
431 2191 596 2242 vulgata
625 2191 786 2244 opinio,
829 2205 922 2230 cum
950 2189 1059 2230 baud
1090 2191 1220 2229 multo
1250 2195 1342 2242 post
1369 2189 1478 2228 illius
1506 2202 1583 2228 ne-

109 2258 222 2295 cem,
261 2245 394 2285 adbuc
422 2250 465 2286 in
499 2248 604 2287 vivis
634 2259 720 2287 esse
739 2277 751 2298 ,
790 2254 831 2287 et
863 2247 980 2287 brevi
1007 2260 1154 2298 magno
1188 2246 1446 2285 inimicorum
1478 2246 1584 2286 malo

109 2312 368 2350 reversurum
398 2302 563 2356 quidam
590 2304 809 2357 jactarent,
841 2305 953 2357 quod
982 2309 1183 2344 testantur
1198 2303 1416 2342 Suetonius
1436 2309 1475 2342 et
1497 2304 1584 2342 Ta-

110 2359 228 2398 citus.
278 2360 382 2399 sane
414 2361 464 2401 de
495 2361 654 2401 Nerone
682 2362 790 2401 idem
819 2362 903 2401 fere
933 2362 1045 2414 quod
1064 2361 1249 2413 scriptor
1268 2359 1464 2400 Chronici
1485 2374 1583 2400 nar-

107 2422 173 2454 rat
202 2417 432 2458 Lactantius
464 2419 517 2458 de
544 2419 743 2458 Mortibus
772 2419 1098 2459 Persecut.n.11.
1127 2418 1200 2457 ubi
1231 2418 1350 2457 etiam
1378 2419 1583 2470 vulgarem

108 2467 214 2528 bane
246 2474 475 2526 opinionem
503 2475 656 2528 attigit:
690 2476 858 2525 Dejectm
881 2479 1004 2529 itacpoe
1022 2476 1186 2529 fastigio
1211 2475 1375 2528 Imperii,
1406 2489 1450 2514 ac
1479 2477 1583 2514 devo»

110 2529 210 2568 lutus
235 2543 260 2568 a
279 2543 411 2570 mmmo
430 2537 609 2585 tyrannus
633 2535 827 2586 impotens,
855 2547 1029 2585 nmquam
1058 2537 1196 2585 repente
1224 2535 1443 2584 comparuit,
1470 2536 1514 2570 ut
1544 2544 1586 2570 ne

110 2587 312 2637 sepulturae
330 2591 470 2640 quedem
492 2591 591 2628 locu«
613 2592 652 2629 in
682 2593 780 2630 terra
810 2594 884 2629 tam
917 2591 1035 2629 malae
1065 2591 1196 2629 bestiae
1222 2592 1418 2642 appareret.
1483 2588 1587 2627 Unde

109 2642 212 2681 illum
240 2645 390 2695 quidam
417 2647 525 2686 deliri
549 2648 699 2686 credunt
717 2661 789 2686 esse
810 2649 1030 2687 translatum
1048 2661 1093 2686 ac
1119 2650 1239 2687 vivum
1258 2650 1486 2694 reservatum,
1519 2644 1583 2683 Si-

110 2699 211 2750 sylla
240 2701 376 2741 dicente
401 2705 628 2743 matricidam
652 2705 848 2756 profugum
881 2719 906 2744 a
926 2706 1067 2757 finibus
1098 2719 1170 2743 esse
1195 2708 1398 2751 venturum,
1427 2706 1469 2740 ut
1496 2704 1584 2754 quia

109 2757 247 2807 primus
265 2764 470 2809 persecutus
502 2764 576 2810 est,
617 2761 710 2800 idem
742 2764 851 2801 etiam
876 2765 1088 2802 novissimus
1121 2763 1374 2814 persequatur,
1416 2763 1451 2797 et
1479 2759 1585 2798 Anti-

112 2813 241 2852 chricti
263 2817 457 2864 praecedat
481 2791 681 2856 adve’ntum.
712 2819 837 2858 Secus
861 2825 993 2859 tamen
1027 2819 1078 2858 de
1102 2817 1271 2858 Neronis
1300 2816 1460 2855 tumulo
1478 2817 1586 2855 scri-

110 2868 214 2908 bunt
245 2868 460 2913 Suetonius
489 2879 529 2913 et
556 2871 789 2928 Eutropius
