1884 3262
216 203 373 282 ’πε
840 235 1161 279 NOTAE

305 405 312 414 .
346 404 354 412 ὁ
390 345 484 395 Pag.
514 347 611 386 281.
655 347 719 386 17.
753 346 1034 399 ,Περίληψις]
1081 346 1312 399 Hieronym.
1353 347 1531 386 Luctator
1559 347 1675 400 fortis
1708 352 1742 387 et

275 402 486 507 ”glani—ag.
517 459 613 499 282.
641 460 682 499 7.
740 459 852 509 Βῆθι
879 474 951 499 του
978 455 1091 512 Χοῖρ]
1131 455 1551 511 [080111Βητουχάρ.
1609 460 1742 498 Doro-

276 512 676 562 theus,Biticuchar.
732 512 1328 569 ΕΡ1ρ11ι1ι1.ε(11“ῐ.Βηθζοχήρ.
1390 515 1743 567 Cod.Reg.ng-

280 566 437 622 ζουχάρ.
506 568 663 609 Auctor
700 570 780 610 MS.
817 567 1051 624 Βιδζουχαρ.
1122 572 1207 611 Cod
1257 573 1307 611 al.
1345 568 1562 626 Βδζουχᾶρ.
1641 572 1743 611 Vide

274 626 468 666 Huetium
497 639 540 678 p
570 625 665 669 246.

391 682 487 732 Pag.
516 685 627 725 282.
657 686 697 726 9.
757 685 832 724 Οτε
859 677 1017 737 ἦλθεν]
1067 684 1229 723 Rectius
1268 682 1543 736 Epiphanius,
1582 679 1702 725 καὶ”
1681 698 1744 725 οτε
1806 724 1809 726 .

276 733 403 792 ἦλθε,
435 744 508 777 etc.
539 739 616 787 Εἰς
640 740 911 811 Οστρακίνην.
958 741 1128 792 Logoth.
1160 742 1216 789 εἰς
1241 737 1408 793 Ρότνην.

376 794 612 865 τΡαξ.282.
649 799 712 839 10.
771 796 855 837 Καὶ
880 791 936 849 ἦν
968 795 1187 865 πάροικος]
1228 796 1424 850 Epiphan.
1454 796 1548 838 edit.
1590 802 1628 835 et
1657 796 1741 836 MS.

276 849 347 893 καὶ
365 845 420 904 ἦν
442 851 525 892 ἐκεῖ
546 847 741 906 πάροικος
773 853 831 901 εἰς
856 856 934 907 γῆν
957 851 1122 907 Ισμαήλ.
1180 854 1348 905 Logotb.
1382 853 1426 895 ἓν
1444 856 1497 910 γῇ
1517 849 1685 906 Ισμαήλ.

392 907 488 958 Pag.
514 910 609 951 282
643 912 707 951 18.
764 909 930 976 Ελαβε]
961 910 1301 962 Logoth.s'1p‘qo‘s.

392 963 489 1015 Pag
518 967 616 1007 282.
646 966 711 1008 15.
770 963 1024 1036 Ελεύσομαι]
1059 966 1253 1020 Epiphan.
1278 961 1603 1019 ἔπανελευσομαι.
1634 965 1743 1015 Mox,

277 1019 470 1116 {vernagia
528 1020 726 1074 Epiphan.
759 1019 998 1077 ἅπενέγκατε
1024 1028 1170 1078 φαγεῖν
1189 1028 1274 1072 τοῖς
1292 1026 1510 1078 θερισταῖς.
1537 1023 1600 1062 Ita
1625 1021 1742 1061 etiam

275 1077 332 1116 Lo
362 1083 405 1116 ot

335 1091 359 1129 g
390 1133 485 1183 Pag.
516 1135 612 1176 282.
659 1137 723 1178 16.
792 1133 988 1188 Απὲστη]
1032 1135 1230 1188 Epiphan.
1268 1133 1744 1203 παρέστι·1ζ.οὲοῒ1ιοῐιι,

278 1189 530 1242 ἐπιστρέψας
550 1188 713 1242 ἐπέστη,
734 1197 854 1243 atque
883 1192 941 1230 sic
971 1193 1279 1232 emendavimus.

392 1246 487 1296 Pag.
517 1247 611 1288 282.
641 1250 708 1290 20.
767 1250 909 1300 Λαοῦ]
947 1247 1147 1301 Epiphan.
1181 1255 1221 1288 et
1257 1246 1426 1300 Logoth.
1459 1250 1585 1294 ναοῦ,
1623 1252 1743 1298 atque

276 1301 333 1340 ita
360 1301 612 1354 reposuimus
641 1316 716 1354 pro
745 1306 861 1344 λαοῦ.

394 1358 490 1408 Pag
521 1361 615 1401 282.
645 1362 715 1402 21.
746 1357 949 1411 Δυτικον]
980 1362 1178 1411 Δυτικοῦ,
1213 1358 1413 1413 Epiphan.
1442 1365 1483 1398 et
1509 1357 1743 1409 Logotheta,

278 1415 348 1466 qui
376 1414 515 1464 addit,
543 1409 754 1468 γενήσεται
779 1433 807 1468 η
837 1414 1041 1488 πόρθησις
1066 1419 1141 1457 τοῦ
1159 1420 1264 1457 ναοῦ
1281 1417 1324 1457 ἐν
1349 1411 1613 1468 Ιερουσαλήμ.
1649 1411 1746 1454 Τότε

278 1469 451 1537 ἔπλωμα
477 1486 549 1511 του
582 1471 736 1526 Δαβεὶρ
770 1474 826 1521 εἰς
852 1489 984 1527 μακρα
1009 1469 1246 1540 ῥαγήσεται,
1275 1472 1344 1514 καὶ
1371 1470 1420 1514 τὰ
1447 1472 1644 1540 ἐπίκρανα
1662 1473 1745 1511 τῶν

278 1524 354 1569 δύο
381 1523 536 1568 στόλων
570 1526 645 1580 (Ita
673 1531 788 1568 etiam
817 1529 963 1582 Epiph.
993 1544 1067 1582 pro
1099 1527 1269 1599 στήλων)
1304 1525 1635 1583 ἄναιρεθήσεται,
1667 1533 1743 1569 etc.

394 1584 490 1634 Pag-
521 1586 615 1627 288.
644 1589 686 1628 2.
744 1585 948 1655 Αγγέλου]
979 1582 1394 1655 ΕΡίρ1ιιιιι.οῗγγέλων.

393 1641 489 1691 Pag.
517 1643 614 1683 283.
645 1644 686 1685 8.
745 1646 808 1683 Εν
843 1639 1005 1692 αὐτοῖς]
1048 1643 1216 1695 Logoth.
1256 1644 1300 1684 ἐν
1340 1639 1451 1698 αυτῷ
1487 1637 1747 1714 γνωσθήσεται

279 1695 350 1738 καὶ
375 1695 430 1737 ἔτι
455 1695 556 1764 λέγει
578 1695 607 1738 ό
626 1695 799 1750 Κύριος,
826 1696 890 1741 ὅτι
908 1695 1145 1752 φωτήσουσι
1171 1697 1267 1748 τούς
1286 1684 1555 1767 διωκομένους
1571 1715 1652 1740 υπο
1673 1714 1745 1740 του

280 1751 436 1804 otpemg
454 1749 598 1824 (35671989
624 1753 664 1803 ἐξ
692 1751 842 1808 αρχῆς
874 1756 944 1797 καὶ
972 1753 1162 1797 διασωσει
1190 1752 1338 1805 αὐτους
1357 1755 1381 1797 o‘
1403 1752 1558 1827 Κύριος
1584 1755 1628 1797 ἐκ
1655 1751 1748 1796 σκό-

279 1825 375 1857 τους
401 1808 469 1849 καὶ
496 1812 611 1858 σκιᾶς
637 1809 844 1863 θανάτου,
873 1812 942 1853 και
961 1812 1118 1854 ἔσονται
1138 1813 1181 1854 ἐν
1202 1815 1336 1869 σκηνῇ
1351 1811 1457 1869 αγίᾳ.
1516 1813 1617 1852 Vide
1644 1812 1746 1865 Epi-

280 1864 403 1919 phan.
431 1865 536 1906 Edit.
567 1873 605 1905 et
635 1867 717 1908 MS.

396 1922 493 1972 Pag
521 1925 711 1966 28819.
768 1922 1054 1994 Σαβαρθαθά]
1080 1925 1283 1983 Epiphan.
1313 1924 1416 1964 Edit.
1446 1925 1582 1965 etMS.
1615 1928 1747 1979 Σαρα-

283 1974 410 2030 βαθοὲ.
470 1978 620 2018 Auctor
649 1980 728 2021 MS.
767 1979 856 2029 υἱὸς
883 1981 1036 2030 Χουσὶ,
1067 1983 1124 2035 ἡν
1155 1982 1196 2030 ἐξ
1225 1979 1353 2035 ἄγρου
1383 1982 1625 2036 Σαβαραθᾶ,
1669 1988 1745 2023 etc.

281 2033 524 2086 Logotheta‚
554 2031 633 2076 (ἰπὸ
654 2033 773 2088 όρους
795 2034 1036 2090 Ενβαραθοὶ.
1096 2037 1194 2076 Vide
1219 2038 1408 2077 Huetium
1437 2052 1525 2092 pag.
1554 2038 1649 2082 248.

398 2091 492 2141 Pag.
521 2095 614 2134 288.
646 2096 713 2135 20.
773 2092 948 2164 Ισραήλ]
981 2094 1144 2145 Logoth.
1175 2094 1324 2135 ἐθνῶν.

397 2147 493 2198 Pag.
527 2146 622 2192 284.
654 2153 691 2191 1.
749 2148 909 2204 Εορτῆ]
943 2151 1174 2203 Hieronym.
1203 2152 1270 2190 Feo
1265 2155 1370 2190 tivus
1389 2156 1422 2191 et
1440 2153 1566 2191 laetus.

397 2203 492 2254 Pssg·
523 2205 620 2248 284.
650 2208 689 2247 8.
747 2209 811 2247 Εκ
831 2207 1100 2273 Βαβυλῶνος]
1134 2207 1232 2248 Vide
1251 2209 1297 2247 V.
1315 2209 1356 2248 C.
1378 2209 1567 2248 Huetium
1587 2221 1626 2260 p-
1650 2206 1746 2251 251.

401 2260 619 2310 Pag.284.
660 2266 722 2305 12.
753 2260 914 2316 Μνήμη
938 2264 1070 2316 Θεοῦ]
1100 2264 1332 2317 Hieronym.
1360 2265 1501 2305 Memor
1526 2267 1658 2304 domini
1676 2267 1746 2304 sui.

401 2319 495 2367 Pag.
525 2318 621 2360 285.
649 2317 689 2359 4.
746 2320 914 2391 Ηλθεν]
955 2321 1078 2359 Addit
1106 2321 1260 2360 Auctor
1288 2322 1370 2363 MS.
1400 2323 1457 2370 εἰς
1488 2317 1747 2375 Ιερουσαλήμ.

402 2376 494 2423 Pag.
524 2373 621 2416 285.
651 2376 690 2418 5.
751 2371 905 2425 Ουτος]
952 2379 1016 2415 Sic
1055 2378 1352 2418 emendavimus
1393 2392 1445 2418 ex
1479 2377 1676 2432 Epiphan.
1707 2383 1748 2416 et

285 2429 525 2480 Logotheta,
569 2443 646 2483 pro
677 2447 753 2483 ως,
791 2433 862 2471 sed
890 2433 1005 2473 locus
1035 2433 1167 2472 adhuc
1195 2448 1357 2474 mancus
1386 2442 1544 2484 manet,
1576 2435 1644 2487 qui
1673 2433 1711 2471 i=
1707 2456 1747 2469 .-

286 2493 396 2537 teger
423 2486 570 2537 legitur
597 2488 703 2539 apud
735 2489 932 2542 Epiphan.
963 2485 1081 2539 οὗτος
1100 2488 1209 2531 εἶπεν
1225 2495 1283 2546 τῷ
1304 2490 1496 2542 Ιωσεδὲκ,
1527 2489 1588 2533 ὅτι
1608 2485 1748 2544 γεννή-

287 2556 395 2583 σεται
415 2541 529 2594 υἱὸν,
545 2543 626 2583 καὶ
646 2545 689 2586 ἐν
712 2545 998 2600 Ιερουσαλημ
981 2544 1206 2600 ιερατεύσει.
1249 2535 1314 2586 Sic
1343 2548 1522 2587 ultimam
1543 2547 1648 2586 hanc
1667 2560 1746 2586 vo-

287 2613 372 2637 cem
400 2575 728 2645 emendavimus,
773 2609 859 2641 tum
888 2617 938 2642 ex
968 2603 1227 2656 Epiphanio,
1266 2611 1351 2643 tum
1382 2618 1433 2643 ex
1461 2605 1635 2643 Auctore
1666 2604 1747 2642 MS.

288 2663 327 2693 et
357 2655 601 2707 Logotheta‚
641 2671 729 2697 cum
761 2673 883 2711 prave
911 2660 1062 2700 editum
1094 2666 1198 2699 esset
1226 2656 1464 2713 ἷερατευσεν.
1524 2659 1746 2713 Logotheta

287 2711 429 2759 habet,
458 2709 654 2766 γεννήσει.

407 2772 500 2820 Pag.
533 2771 628 2813 285.
657 2773 695 2814 8.
753 2772 835 2812 Καὶ
863 2772 929 2813 ἐπὶ
958 2768 1128 2826 Κυρου]
1169 2772 1363 2826 Epiphan
1405 2772 1472 2813 καὶ
1510 2772 1576 2814 ἐπὶ
1605 2770 1747 2827 Κύρου

291 2827 364 2864 τοῦ
393 2825 592 2875 Βασιλέως
621 2830 790 2881 Περσῶν
816 2827 931 2883 τέρας
956 2828 1104 2870 ἔδωκεν
1136 2828 1193 2878 εἰς
1215 2831 1334 2882 νίκην
1358 2828 1451 2897 περὶ
1473 2830 1649 2884 Κροίσου
1674 2832 1749 2870 τοῦ

292 2881 458 2924 Λυδίων
474 2884 695 2936 Βασιλέως,
722 2884 791 2928 καὶ
806 2885 898 2940 περὶ
915 2882 1152 2941 Αστυαγους
1169 2888 1244 2929 τοῦ
1263 2889 1341 2928 τῶν
1353 2883 1518 2940 Μήδων
1536 2885 1746 2936 Βασιλέως.
