1884 3262
339 223 406 271 26
877 218 1286 264 PRAEFATIO.

337 333 566 374 Alexandro
587 335 732 373 Severo
759 332 891 372 adhuc
921 333 1163 386 imperante,
1191 341 1278 374 tum
1313 340 1397 374 erat
1426 331 1635 387 Νεωκόρος
1661 334 1798 387 templi

338 392 540 443 Serapidis
566 392 607 429 in
637 392 782 435 Porto,
811 396 858 428 ut
887 397 947 429 est
972 391 1013 429 in
1037 391 1195 442 antiqua
1215 391 1478 443 Inscriptione
1497 391 1601 430 basis
1620 405 1800 430 marmo-
1878 414 1884 440 ¹:

336 461 447 497 reae,
476 447 620 486 deinde
645 448 773 485 sactus
801 445 1048 499 neophytus,
1087 448 1321 500 martyrium
1347 447 1531 488 subierit:
1570 461 1672 500 quae
1703 448 1798 499 qui-

217 510 246 544 P
271 512 316 548 16
340 504 428 543 dem
443 503 656 556 Inscriptio
677 503 754 542 hac
778 503 992 542 verborum
1015 504 1115 543 serie
1142 504 1341 556 descripta
1371 503 1517 554 legitur
1543 504 1651 556 apud
1681 504 1798 542 Jaco-
1881 526 1884 540 1

338 559 433 599 bum
453 560 643 611 Sponium
663 560 704 598 in
723 560 980 599 Miscellaneis
999 561 1177 599 eruditae
1200 560 1446 612 antiquitatis
1463 559 1523 612 ¹):
1562 562 1806 601 MAPKOY
1880 560 1882 562 ’

338 619 631 657 ΛΤΡΗΛΙΟΤ
652 619 955 657 ΣΕΟΥΗΡΟΥ
975 616 1358 660 ΑΛΕΞΑΝΔΡΟΥ
1376 618 1679 656 ΕΤΤΤΧΟΤΣ
1702 619 1799 656 ΕΤ·
1876 642 1884 673 s*

337 675 562 712 ΣΕΒΟΤΣ
599 676 704 713 ΚΑΙ
742 676 973 713 ΙΟΤΛΙΑΣ
1016 676 1302 713 ΜΑΜΑΙΑΣ
1347 675 1648 712 ΣΕΒΑΣΤΗΣ
1685 674 1798 712 MH-

344 731 484 768 ΤΡΟΣ
509 731 618 768 ΣΕΒ
646 732 735 769 ΔΙΙ
760 731 907 769 ΗΛΙΩ.
942 731 1191 770 ΜΕΓΑΛΩ.
1220 731 1501 771 ΣΑΡΑΠΙΔΙ
1533 731 1639 768 ΚΑΙ
1671 729 1803 768 ΤΟΙΣ
1874 723 1884 736 ³

336 787 633 825 ΣΤΝΝΑΟΙΣ
668 788 841 826 ΘΕΟΙΣ
872 789 934 825 M.
971 788 1261 826 ΑΥΡΗΛΙΟΣ
1291 787 1460 825 ΗΡῼΝ
1490 786 1803 825 ΝΕῼΚΟΡΟΣ
1880 786 1884 789 ’

342 843 452 881 TOT
474 844 563 881 ΕΝ
585 843 776 882 ΠΟΡΤΩ
804 844 1134 883 ΣΑΡΛΠΙΔΟΣ
1159 845 1271 881 ΕΠΙ
1292 842 1572 882 ΛΑΡΓΙΝΙΩ
1599 843 1798 881 ΒΕΙΤΑ-

333 899 514 938 ΛΙῼΝΙ
549 901 961 938 ΑΡΧΙΥΠΗΡΕΤΗ
992 901 1100 938 ΚΑΙ
1133 900 1527 938 KAMEINEYTH
1558 899 1666 936 KAI
1698 899 1799 937 AT-
1881 900 1884 901 ⁷

338 957 515 994 ΡΗΛΙΩ
547 956 702 994 ΦΗΒΩ,
732 957 839 994 ΚΑΙ
867 956 1135 994 ΣΑΛΩΝΙΩ.
1165 956 1414 995 ΘΕΙΔΟΤΩ,
1444 955 1801 993 ΙΕΡΟΦΩΝΟΙΣ

335 1014 443 1052 ΚΑΙ
474 1013 924 1052 ΚΑΜΕΙΝΕΥΤΑΙΣ
966 1013 1182 1050 ΧΑΡΙΤΗ
1223 1012 1602 1051 ΙΕΡΟΔΟΤΛΕΙΑ
1649 1011 1797 1049 ΑΝΕ-

336 1070 540 1108 ΘΙ-ΙΚΕΝ
562 1070 650 1107 ΕΠ
672 1069 875 1108 ΑΓΛΘΩ.
935 1067 981 1105 In
1001 1067 1123 1106 latere
1149 1067 1313 1117 baseos,
1354 1069 1442 1106 ΕΠ
1462 1067 1655 1106 ΑΓΑΘΩ,
1691 1067 1801 1105 ΕΠΙ

336 1127 375 1164 Γ
372 1126 656 1165 ΡΑΝΙΟΥΡΩ.
722 1124 799 1162 Sed
829 1123 877 1162 de
906 1122 983 1161 hac
1009 1124 1114 1161 circa
1143 1122 1340 1162 Heronem
1369 1122 1628 1174 Cyrillianum
1662 1120 1798 1173 conje-

333 1187 444 1220 ctura
465 1180 566 1219 nihil
595 1187 743 1219 temere
773 1179 938 1228 definio,
969 1193 1060 1218 cum
1094 1179 1161 1218 alii
1183 1180 1386 1218 extiterint
1416 1178 1496 1217 hoc
1521 1178 1701 1227 nomine,
1731 1183 1798 1216 at-

334 1251 412 1288 que
440 1238 483 1275 in
508 1237 556 1276 iis
586 1236 719 1276 Heron
747 1235 976 1275 Patriarcha
999 1235 1291 1286 Antiochenus‚
1317 1250 1432 1287 quem
1456 1235 1522 1273 alii
1546 1238 1690 1287 Ερωτα
1713 1247 1796 1272 vo-

334 1300 447 1343 cant,
485 1300 523 1333 et
540 1294 674 1332 Heron
704 1294 863 1331 natione
893 1291 1124 1341 Thebanus,
1154 1292 1344 1343 dignitate
1366 1292 1610 1344 Episcopus,
1637 1290 1797 1328 Juliano

331 1351 570 1402 imperante,
602 1350 716 1402 cujus
737 1349 1020 1398 Philostorgius
1045 1354 1084 1386 et
1115 1347 1282 1399 hujusce
1305 1347 1490 1386 Chronici
1513 1348 1686 1399 scriptor
1703 1360 1796 1385 me-

329 1406 543 1446 minerunt.
608 1405 772 1444 Interim
803 1418 853 1443 ex
881 1403 960 1442 hac
996 1405 1114 1442 allata
1142 1404 1407 1456 Inscriptione
1441 1403 1628 1454 colligere
1656 1403 1796 1441 saltem

329 1463 498 1502 sortasse
523 1462 642 1500 liceat
669 1475 766 1500 vero
801 1473 884 1498 esse
912 1460 1178 1509 simillimum,
1217 1461 1397 1510 Portum,
1447 1459 1562 1511 cujus
1588 1460 1630 1498 in
1669 1472 1715 1497 eu
1751 1458 1798 1497 fit

328 1519 494 1568 mentio,
523 1519 635 1557 illam
662 1531 746 1556 esse
776 1516 937 1566 urbem,
982 1516 1095 1567 cujus
1129 1517 1372 1569 Hippolytus
1401 1516 1625 1569 Episcopus
1658 1514 1796 1565 suerit,

326 1575 483 1614 tametsi
518 1588 597 1627 qua
633 1574 674 1612 in
712 1573 921 1612 Provincia
963 1573 1142 1612 extiterit
1182 1579 1339 1612 maneat
1371 1573 1590 1622 incertum,
1630 1573 1798 1623 ipseque

324 1632 617 1683 Hieronymus,
652 1630 761 1681 quod
790 1636 928 1668 exerte
955 1636 1144 1679 testatur,
1170 1630 1374 1679 nescierit,
1406 1630 1470 1668 cui
1499 1635 1579 1668 tam
1617 1629 1689 1667 diu
1714 1628 1796 1666 Ro-

325 1702 411 1727 mae
431 1694 610 1736 versato,
639 1687 782 1724 Portus
803 1688 972 1735 Romae,
1007 1686 1121 1738 cujus
1153 1687 1263 1724 urbis
1287 1686 1526 1738 Episcopum
1555 1685 1674 1724 fuisse
1695 1683 1795 1736 Hip-

324 1746 507 1797 polytum
527 1743 710 1795 plerique
731 1743 893 1791 volunt,
923 1742 1081 1780 minime
1107 1743 1264 1793 ignotus
1292 1756 1375 1781 esse
1406 1742 1558 1781 debuit.
1616 1741 1730 1780 Adeo
1751 1746 1796 1778 ut

325 1801 425 1840 haec
444 1801 594 1838 Graeca
621 1799 855 1850 inscriptio,
887 1799 1099 1850 cultusque
1125 1799 1324 1850 Serapidis
1352 1799 1601 1850 Aegyptum,
1629 1797 1700 1836 ubi
1721 1810 1796 1835 no-

325 1865 410 1896 tum
434 1855 699 1895 Alexandriae
726 1855 832 1893 illius
854 1855 990 1893 fanum
1025 1869 1046 1892 a
1073 1854 1297 1894 Theodosio
1316 1855 1367 1894 M.
1398 1867 1602 1902 eversum,
1634 1852 1794 1892 omnino

325 1914 511 1953 videatur
533 1918 733 1964 spectare,
776 1911 881 1950 unde
906 1912 948 1949 in
968 1911 1218 1950 Provinciam
1244 1911 1506 1960 Gallicanam,
1535 1910 1602 1948 ubi
1625 1909 1694 1948 illa
1713 1923 1796 1948 ser-

324 1978 466 2018 vatur,
511 1969 626 2007 allata
650 1968 784 2007 fuerit.
848 1967 925 2006 Sed
971 1982 1062 2006 cum
1098 1967 1205 2020 apud
1243 1967 1500 2020 Geographos
1537 1973 1796 2017 caeterosque

326 2027 567 2079 scriptores,
595 2025 704 2063 nulla
723 2031 908 2063 occurrat
927 2024 1066 2063 civitas
1097 2025 1236 2063 Portus
1259 2024 1414 2063 nomine
1431 2025 1472 2062 in
1491 2022 1694 2075 Aegypt0‚
1725 2021 1795 2061 ubi

325 2083 486 2134 vigebat
506 2083 681 2120 Graecus
710 2094 860 2132 sermo,
890 2094 1004 2119 secus
1034 2094 1130 2119 vero
1161 2081 1204 2119 in
1230 2080 1383 2127 Africa,
1413 2081 1483 2119 ubi
1503 2080 1665 2118 Latinus
1689 2077 1794 2117 obti-
1876 2073 1884 2131 η’.

326 2140 463 2189 nebat,
494 2139 535 2176 in
556 2152 632 2189 qua
656 2138 706 2176 ad
732 2144 811 2176 tres
832 2137 1263 2189 recenset.Anonymus
1289 2138 1498 2175 Ravennae
1525 2136 1596 2174 lib.
1618 2149 1680 2174 111.
1701 2149 1790 2187 cap.

326 2209 416 2234 vm.
447 2209 505 2234 xx.
537 2201 576 2233 et
598 2194 667 2234 lib.
692 2208 732 2235 v.
763 2207 851 2246 cap,
882 2207 937 2231 lv.
996 2194 1156 2232 Portum
1181 2193 1334 2231 scilicet
1357 2193 1560 2241 divinum,
1591 2192 1794 2242 Sigensem
1872 2203 1874 2207 ·

326 2259 365 2291 et
394 2253 600 2302 Magnum,
640 2257 759 2302 atque
800 2251 901 2288 adeo
933 2250 1173 2302 Hippolytus
1203 2251 1344 2288 Portus
1393 2249 1587 2287 duntaxat
1624 2254 1664 2287 et
1701 2261 1794 2286 cum

326 2308 438 2347 nullo
457 2307 643 2359 adjuncto
659 2307 880 2358 Episcopus
910 2306 1086 2355 dicatur,
1115 2320 1207 2344 sane
1235 2319 1329 2346 vero
1361 2313 1419 2344 est
1443 2304 1666 2358 proximius
1693 2305 1793 2343 Por-

323 2373 407 2404 tum
425 2365 464 2402 in
487 2378 530 2402 ea
551 2363 814 2415 Inscriptione
831 2363 999 2414 intelligi
1023 2364 1256 2401 Romanum.
1314 2363 1395 2400 Nec
1426 2362 1556 2400 obstat
1584 2359 1692 2413 quod
1719 2361 1792 2400 Se·—

323 2421 478 2474 rapidis
504 2420 696 2471 templum
725 2420 767 2457 in
796 2421 938 2469 Porto,
967 2433 1037 2458 seu
1057 2420 1198 2469 Portu,
1229 2418 1403 2457 extitisse
1424 2417 1601 2467 dicatur,
1634 2430 1724 2456 cum
1747 2416 1789 2455 in

324 2493 372 2517 eo
407 2483 540 2516 tractu
569 2476 720 2513 cultum
750 2476 1002 2527 Serapidem,
1040 2483 1159 2526 atque
1195 2475 1294 2513 adeo
1328 2475 1370 2512 in
1403 2474 1578 2512 Ostiensi
1606 2475 1788 2522 civitate,

324 2532 532 2574 Portuensi
553 2532 755 2584 proxima,
786 2546 832 2570 ac
851 2532 936 2570 solo
967 2533 1048 2570 fere
1065 2531 1210 2583 Tyberi
1238 2531 1420 2579 divulsa,
1451 2536 1571 2582 prout
1595 2544 1617 2567 a
1636 2530 1788 2569 Proco-

323 2589 453 2643 pi02)
494 2595 664 2640 utraque
690 2588 830 2626 civitas
857 2588 1118 2636 describitur,
1158 2594 1321 2626 testetur
1351 2587 1544 2626 Minutius
1574 2586 1687 2625 Felix
1713 2584 1787 2624 sub

204 2653 233 2689 V
260 2654 303 2689 15
326 2647 484 2686 initium
506 2645 656 2697 operis:
688 2646 835 2683 Romae
856 2658 973 2694 vero,
1005 2651 1043 2684 et
1069 2645 1111 2682 in
1145 2644 1230 2682 aliis
1252 2644 1397 2682 Latinis
1416 2642 1656 2692 Provinciis,
1686 2654 1786 2680 eun·
1865 2659 1875 2682 a,

370 2834 380 2853 l

369 2834 413 2924 ²3
434 2833 751 2915 {ilitllon‘ttffi}
776 2889 852 2925 cap.
877 2880 933 2915 25.

1858 3062 1875 3262 mys-⁴⁴⁴2.-
1866 3019 1871 3045 -—
1864 2908 1877 3006 «νῶιν-ψ
1864 2806 1877 2890 2:22<ss
1864 2690 1877 2750 -ςᾈ
1878 2615 1880 2624 ᾈ
1867 2583 1869 2586 Δ
1865 2539 1881 2558 f
1871 2511 1874 2520 Δ
1872 2467 1877 2483 -t
1870 2397 1872 2402 >
1877 2327 1879 2333 Δ
1870 2269 1878 2279 e
