1820 3276
427 228 485 271 IN
518 227 848 273 CHRONICON
884 228 1173 272 PASCHALE.
1452 224 1552 274 473

84 352 136 378 no
163 350 318 379 nrm.
376 337 493 378 Prior
520 352 661 392 nempe
691 353 819 379 annus
847 339 1002 393 primus
1026 339 1104 378 suit
1124 338 1298 391 Imperii,
1327 339 1428 378 alter
1451 338 1555 378 Con-

86 396 250 434 sulatus.
308 394 363 434 At
398 395 441 434 in
484 396 579 434 edit.
616 397 807 449 Scaligeri
846 397 939 435 anni
978 396 1171 436 duntaxat
1200 395 1361 448 Imperii
1389 395 1554 447 singulis

85 452 235 492 Tiberii
263 455 377 491 annis
407 452 706 504 praefiguntur:
747 460 867 506 atque
894 453 951 492 ita
981 454 1189 492 edidimus.
1248 453 1555 492 Observandum

84 516 284 561 praeterea
313 509 353 548 in
382 509 510 562 ipsius
539 510 711 549 nummis
740 525 762 548 a
793 509 908 549 nobis
941 510 1151 550 delineatis
1180 510 1319 548 habitu
1350 509 1556 549 Consulari

85 566 169 604 fere
198 579 354 619 semper
380 565 527 617 effingi,
556 566 599 605 id
630 573 688 605 est
715 581 804 606 cum
837 568 941 606 Loro
972 575 1011 606 et
1039 574 1200 621 sceptro
1222 567 1454 619 aquiligero,
1486 566 1556 605 ad-

85 622 179 662 ditis
211 623 328 662 etiam
360 623 472 662 annis
506 623 688 677 Imperii,
718 623 919 663 interdum
952 625 1069 664 etiam
1100 626 1312 663 Caesareae
1341 624 1557 676 dignitatis.

85 679 193 718 Anni
222 679 373 733 quippe
399 694 459 719 111.
492 687 530 719 et
559 694 614 719 ιν.
645 681 688 719 in
714 681 764 720 iis
794 681 944 731 notati,
986 696 1110 721 annos
1140 681 1324 734 Imperii:
1371 687 1416 720 ut
1445 694 1483 719 v.
1515 686 1556 719 et

85 750 175 775 vm.
204 750 331 776 annos
361 738 574 776 Caesareae
604 738 807 790 dignitatis
840 745 1042 791 spectant,
1075 752 1175 791 quos
1206 752 1297 777 cum
1329 740 1443 776 annis
1472 737 1556 776 Im-

85 793 185 846 perii
226 794 507 833 connectebat:
546 795 651 834 unde
692 795 798 848 apud
839 796 1008 834 Paulum
1046 795 1343 835 warnefridum
1382 794 1450 834 lib.
1490 808 1555 833 111.

86 850 136 889 de
165 851 275 889 Gest.
304 851 552 903 Longobard.
582 866 669 904 cap.
698 866 763 891 xv.
794 852 944 893 dicitur
972 853 1188 905 Imperium
1223 853 1376 891 rexisse
1404 858 1557 905 septem

85 909 218 957 annis,
257 921 349 947 cum
385 908 497 947 annis
532 908 727 948 duntaxat
754 923 809 948 1v.
839 915 935 962 post
964 909 1115 948 obitum
1144 910 1289 948 Justini
1331 910 1558 962 imperave-

85 965 151 1004 rit.
208 965 251 1003 In
294 966 342 1003 iis
377 966 479 1004 enim
521 966 707 1005 omnibus
746 967 819 1005 PP.
851 967 969 1005 AUG.
1001 966 1257 1015 inscribitur,
1296 966 1363 1018 qui
1393 965 1558 1018 quidem

86 1021 279 1074 adscripti
306 1022 463 1061 numeri
493 1022 534 1060 in
563 1023 658 1062 solis
690 1023 887 1062 duntaxat
915 1023 1040 1062 aereis
1068 1023 1281 1064 habentur.
1341 1023 1425 1061 Jam
1460 1035 1557 1060 vero

86 1079 205 1117 liceat
235 1078 303 1117 hic
343 1079 571 1132 expendere
610 1094 658 1118 an
693 1080 967 1120 intolerandus
1008 1081 1058 1119 sit
1099 1094 1215 1121 error
1245 1080 1451 1129 Panvinii‚
1488 1092 1559 1116 seu

84 1136 219 1189 potius
253 1136 435 1175 Auctoris
466 1135 655 1175 Chronici
689 1144 727 1176 et
757 1137 870 1176 Marii
905 1138 1202 1187 Aventicensis‚
1244 1137 1351 1189 quod
1382 1137 1467 1175 vult
1496 1135 1559 1174 vir

86 1193 288 1243 eruditus,
321 1193 389 1244 qui
420 1194 680 1232 Consulatum
715 1194 862 1234 Tiberii
892 1194 933 1233 in
964 1209 1113 1233 annum
1142 1208 1293 1234 anxx.
1324 1194 1558 1246 conjiciunt.

85 1251 244 1289 Prostat
280 1250 427 1288 Tiberii
468 1251 763 1302 Pragmaticum
802 1266 823 1289 a
863 1252 928 1292 Fr.
966 1251 1134 1290 Pithoeo
1174 1252 1351 1302 editum,
1390 1265 1410 1289 a
1448 1250 1561 1289 nobis

87 1307 242 1360 pridem
281 1307 515 1357 laudatum,
561 1322 651 1346 cum
691 1308 766 1346 hac
801 1308 1120 1361 subscriptione:
1159 1309 1246 1347 Dat.
1277 1322 1338 1346 111.
1375 1306 1434 1346 Id.
1465 1308 1562 1356 Aug.

88 1364 199 1403 CPL.
228 1363 319 1416 Imp.
350 1364 498 1403 Domini
523 1368 637 1404 nostri
668 1366 805 1404 Tiberii
833 1366 1061 1404 Constantini
1088 1365 1167 1404 ΡΡ.
1195 1366 1291 1415 Aug.
1317 1378 1410 1403 anno
1429 1369 1563 1413 octavo,

86 1426 120 1459 et
153 1425 234 1472 post
264 1421 497 1459 Consulatum
525 1423 605 1471 ejus
634 1426 760 1472 tertio,
800 1428 832 1461 et
862 1421 953 1461 Nob.
984 1422 1044 1461 Fl.
1076 1423 1215 1461 Tiberii
1241 1422 1369 1460 Maur.
1399 1420 1561 1459 Feliciss.

88 1478 231 1518 Caesar.
269 1491 362 1516 anno
394 1481 521 1530 primo.
580 1479 655 1517 Hic
683 1480 808 1531 igitur
837 1493 966 1518 annus
995 1493 1078 1518 vni.
1112 1486 1338 1532 postremus
1367 1478 1444 1516 suit
1472 1478 1563 1516 Im-

86 1535 189 1588 perii
227 1534 398 1583 Tiberii,
438 1534 588 1574 Christi
625 1550 808 1577 nnxxxn.
849 1551 896 1575 ac
934 1537 1089 1590 primus
1126 1536 1338 1589 incoeptus
1382 1533 1564 1574 mauricii

87 1591 277 1631 Caesaris.
334 1591 518 1631 Tiberius
557 1593 662 1631 enim
701 1600 885 1633 mortuus
915 1600 973 1633 est
1002 1607 1084 1632 mv.
1115 1593 1300 1644 Augusti:
1347 1592 1562 1631 Mauricius

86 1662 185 1687 vero
223 1650 366 1687 Caesar
401 1649 532 1688 dictus
574 1657 633 1689 est
671 1664 706 1690 v.
746 1651 930 1690 emissum
966 1651 1138 1702 denique
1179 1649 1469 1702 Pragmaticum
1506 1662 1561 1688 xi.

87 1706 152 1744 die
187 1705 362 1758 ejusdem
408 1706 573 1756 mensis,
616 1707 786 1760 proinde
820 1708 954 1747 triduo
997 1713 1066 1746 aut
1096 1707 1312 1760 quatriduo
1343 1713 1433 1745 ante
1466 1705 1565 1744 obi-

90 1769 174 1801 tum
214 1763 376 1803 Tiberii.
438 1763 588 1803 Deinde
620 1770 828 1817 postremo
865 1764 946 1803 hoc
986 1778 1090 1803 anno
1130 1764 1303 1814 Tiberii,
1345 1770 1428 1802 erat
1468 1763 1564 1802 Pro-

88 1820 322 1859 consulatus
363 1820 539 1873 ejusdem
578 1835 632 1861 m.
670 1824 726 1860 ita
757 1821 905 1861 diserte
933 1821 1001 1860 hic
1031 1821 1302 1873 consignatur.
1359 1820 1400 1859 Si
1429 1827 1564 1859 retro-

90 1877 232 1925 cedas,
272 1877 473 1915 secundus
510 1877 700 1916 inciderit
728 1879 769 1916 in
801 1893 948 1918 annum
978 1892 1149 1917 anxxn
1179 1878 1264 1917 Ind.
1295 1891 1379 1917 xw.
1413 1890 1565 1916 conse-

88 1939 257 1986 quenter
279 1933 405 1985 igitur
433 1935 672 1974 Consulatus
700 1936 787 1987 ipse
815 1936 965 1975 Tiberii
992 1936 1033 1974 in
1064 1950 1212 1975 annum
1241 1949 1392 1974 anxx.
1420 1934 1565 1974 Indict.

87 2004 171 2029 xm.
217 1990 334 2042 juxta
383 1992 620 2031 sententiam
664 1993 845 2031 Panvinii
896 2000 936 2031 et
979 1993 1168 2032 Auctoris
1206 1991 1406 2032 Chronici.
1466 1992 1564 2030 Nam

91 2047 200 2099 quod
236 2047 276 2086 in
317 2062 420 2087 anno
459 2062 627 2088 anxrx.
668 2049 830 2089 additur
866 2047 912 2090 'co'
949 2053 1133 2102 πρῶτον,
1173 2049 1412 2100 intelligitur
1458 2048 1564 2097 ἔτος·

90 2104 245 2157 primus
284 2108 388 2144 enim
431 2106 507 2144 fuit
539 2120 665 2145 annus
700 2107 856 2159 Imperii
887 2107 1061 2146 Tiberii:
1104 2107 1174 2159 qui
1205 2107 1387 2159 sequitur
1417 2106 1567 2157 absque

92 2161 177 2199 ullo
203 2175 370 2200 numero
399 2169 571 2213 notatus,
600 2164 755 2217 primus
783 2171 843 2203 est
871 2164 980 2202 illius
1012 2165 1268 2203 Consulatus:
1297 2177 1421 2202 annus
1454 2163 1566 2202 dein-

93 2218 143 2256 de
171 2232 338 2259 anxxi.
375 2226 435 2257 est
463 2221 686 2260 secundus:
716 2234 844 2259 annus
873 2220 1045 2272 denique
1074 2235 1254 2260 anxxn.
1285 2221 1454 2266 tertius,
1485 2233 1565 2272 quo

92 2275 126 2313 is
165 2276 357 2325 excessit,
405 2277 555 2328 quique
595 2279 635 2316 in
675 2277 921 2329 pragmatico
960 2278 1215 2319 describitur.
1275 2278 1411 2317 Altero
1443 2277 1567 2328 igitur

94 2338 187 2384 post
214 2332 357 2371 initum
388 2333 606 2384 Imperium
636 2348 739 2372 anno
770 2341 857 2373 tum
886 2334 1063 2386 primum
1093 2335 1239 2373 Consul
1262 2334 1467 2387 processit,
1500 2348 1566 2372 ex-

95 2389 228 2440 emplo
258 2390 402 2428 Justini
432 2391 672 2440 decessoris,
702 2398 748 2430 ut
778 2391 989 2443 utriusque
1020 2391 1277 2445 postmodum
1306 2392 1444 2431 Focas.
1506 2391 1566 2429 Ex

95 2446 244 2497 quibus
277 2447 523 2486 emendanda
563 2447 728 2487 videtur
768 2448 980 2501 inscriptio
1010 2449 1263 2502 Eugippiana
1294 2449 1406 2501 apud
1435 2448 1568 2487 erudi-

93 2502 290 2541 tissimum
319 2504 595 2543 Mabillonium
627 2511 666 2543 et
695 2505 896 2544 Labbeum
936 2510 1039 2552 (non
1071 2520 1120 2544 ex
1151 2506 1310 2545 duobus
1340 2504 1568 2552 codicibus,

95 2559 164 2597 sed
194 2560 314 2599 unico
345 2562 671 2613 Sangermanensi
705 2563 847 2614 eruta)
888 2576 990 2615 quae
1033 2563 1093 2602 sic
1132 2563 1236 2602 edita
1272 2569 1352 2602 est:
1396 2562 1473 2600 Sub
1513 2561 1570 2599 die

99 2615 232 2654 Iduum
263 2617 441 2657 Decembr.
479 2622 673 2672 imperante
712 2618 801 2659 DN.
835 2620 976 2659 Tiberio
1009 2620 1243 2659 Constantino
1274 2620 1440 2669 Augusto
1476 2631 1570 2655 anno

101 2686 167 2710 vn.
198 2673 241 2711 P.
275 2674 315 2714 C.
345 2676 497 2723 ejusdem
526 2677 689 2727 Augusti
720 2691 812 2715 anno
839 2691 892 2717 111.
923 2676 1121 2716 Indictione
1157 2676 1439 2728 quintadecima,
1477 2675 1567 2712 obsi-

98 2729 260 2768 dentibus
307 2730 559 2782 Langobardis
604 2733 883 2786 Neapolitanam
928 2736 1120 2773 civitatem.
1178 2731 1407 2783 Legendum
1462 2730 1567 2769 enim

97 2800 190 2823 anno
216 2801 256 2826 11.
315 2787 420 2826 Alias
458 2789 607 2842 quippe
646 2790 746 2829 haec
782 2790 997 2843 inscriptio
1037 2791 1079 2829 in
1118 2803 1263 2828 annum
1291 2801 1457 2826 anxxi.
1485 2801 1569 2826 nou

102 2842 286 2893 caderet,
329 2856 420 2882 cum
458 2847 599 2886 tertius
636 2847 788 2887 Tiberii
827 2848 1088 2899 Consulatus,
1135 2861 1206 2885 seu
1242 2844 1568 2884 Postconsulatus

101 2899 325 2954 incoeperit
365 2901 452 2942 Kal.
492 2902 576 2942 Jan.
616 2905 708 2943 anni
746 2918 926 2946 nnxxxn.
967 2905 1043 2943 nisi
1083 2917 1173 2943 cum
1211 2917 1314 2951 anno
1355 2903 1570 2943 Caesareae

1590 1532 1715 1570 V546
