1884 3262
501 193 574 233 AD
601 192 941 239 *CHRONIGON
974 194 1262 238 PASCHALE.
1557 194 1623 241 65

144 298 284 337 mundi
311 300 436 344 5506.
463 301 720 355 primumque
750 318 898 343 annum
931 303 1078 344 Christi
1099 304 1420 358 componendum
1439 318 1531 344 cum
1553 320 1624 344 an-

144 369 197 394 no
226 356 368 396 mundi
395 358 523 401 5507.

151 444 364 485 Caeterum
382 446 630 500 adjunxerat
652 448 816 489 Codicis
834 454 905 489 sui
922 451 1157 490 Rada-iani
1172 451 1432 504 marginibus
1450 454 1514 490 vir
1532 467 1622 490 erw-

202 502 436 544 ditissimus
454 508 594 545 seriem
612 515 852 546 accuratam
870 523 953 547 non
971 508 1090 547 modo
1106 523 1311 547 annorum
1327 523 1354 546 a
1366 509 1517 547 mundo
1531 523 1625 547 con-

203 559 313 611 dito,
345 561 419 600 sed
445 571 482 601 et
510 579 538 602 a
567 564 724 603 Christi
747 566 1001 616 Natiuitate,
1031 573 1068 603 et
1091 580 1119 604 a
1142 567 1474 616 Resurrectione,
1504 574 1624 618 atque

203 616 304 655 adeo
332 619 675 672 Atilioclzenorum
689 651 700 671 ‚
734 621 895 660 additis
918 630 1130 674 praeterea
1165 624 1492 674 uniuscujusque
1522 625 1625 661 anni
1662 665 1667 667 ,

207 674 343 725 chlis
358 677 480 714 lunae
499 685 536 715 et
556 678 677 716 solis.-
704 693 809 730 qaae
831 679 997 731 quidem
1009 680 1287 730 alias-passim
1296 679 1498 717 habentur
1510 679 1628 731 apud

202 732 405 783 ejusmodi
419 733 652 773 Annalium
673 742 710 772 et
725 734 1039 788 Eplzemeridum
1056 738 1284 787 scriptores.

146 787 228 826 Sed
248 796 285 826 et
313 790 487 829 subinde
510 790 655 830 iisdem
682 793 941 845 marginibus
961 800 1084 830 notas
1103 793 1309 844 quasdam
1327 793 1545 843 breviores,
1576 807 1627 830 ac

201 845 379 884 locorum
407 849 646 887 collationes
677 848 975 902 acl-scripserat,
1002 864 1048 887 ex
1080 849 1229 902 quibus·
1253 850 1413 901 aliquot
1434 852 1624 901 excerpsi-

201 916 315 953 muS,
344 917 450 955 quas
467 905 537 943 liic
556 905 808 959 exhibemus,
838 921 886 945 ne
905 906 972 944 lzis
992 907 1115 944 lector
1122 905 1370 957 fraudetur.

257 983 349 1034 Pag.
369 983 431 1025 ed.
450 987 584 1023 Bonn.
605 987 697 1028 119.
717 989 759 1028 7.
818 981 938 1026 Meto}
967 982 1011 1025 δὲ
1039 982 1110 1033 τοῖς
1137 983 1308 1038 ἡμέρας]
1339 985 1426 1024 Imo
1456 992 1516 1024 est
1544 988 1625 1039 pri·
1652 991 1683 1025 V
1707 990 1751 1027 41

143 1051 246 1079 mus,
276 1040 374 1080 Nam
390 1041 556 1081 Exodus
575 1041 743 1093 contigit
764 1056 867 1081 anno
886 1042 1035 1093 Moysis
1053 1044 1121 1084 81.
1132 1056 1235 1094 pag.
1258 1045 1353 1085 168.
1377 1045 1440 1084 10.
1459 1057 1563 1081 anno
1584 1048 1624 1086 2.

143 1101 183 1134 et
210 1096 266 1135 ita
296 1098 417 1137 sentit
444 1099 531 1151 ipse
553 1113 656 1151 pag·
684 1102 778 1140 133.
801 1099 866 1140 14.
896 1112 989 1149 ergo
1019 1097 1087 1137 hic
1116 1104 1239 1150 caput
1267 1102 1307 1140 2.
1337 1099 1471 1138 Exodi
1499 1107 1626 1140 notat.

258 1154 348 1205 Pag.
359 1155 455 1198 258.
466 1159 506 1198 2.
537 1158 585 1195 H
592 1153 710 1209 ταγή]
733 1155 858 1204 Quas-i
872 1154 1111 1209 τεταγμένον
1127 1152 1248 1207 ὄψον,
1271 1162 1316 1195 ut
1335 1170 1399 1208 ap.
1417 1156 1627 1196 Plutarch.

140 1209 185 1247 >in
214 1211 402 1264 Lycurgo
432 1219 530 1252 tom.
565 1215 602 1254 1.
631 1224 722 1265 pag.
752 1215 821 1256 82.
852 1212 891 1251 d.

255 1268 346 1318 Pag.
376 1269 474 1312 265.
531 1269 791 1321 sequentium
831 1270 982 1318 Regum
1021 1270 1311 1314 Romanorum,
1354 1282 1498 1322 nempe
1529 1271 1624 1308 Ser-

142 1323 199 1364 vii
226 1324 350 1363 Tullii
379 1332 416 1364 et
444 1326 652 1378 Tarquinii
682 1325 874 1377 Superbi,
906 1339 980 1364 nec
997 1325 1157 1364 nomina
1180 1338 1253 1363 nec
1276 1327 1368 1363 anni
1391 1326 1628 1377 exprimun-

141 1386 223 1420 tur.
282 1382 363 1421 Sed
393 1388 434 1422 et
459 1382 676 1435 plusquam
706 1385 773 1425 60.
803 1383 1045 1421 Consulatus
1074 1381 1279 1421 deficiunt.
1335 1381 1477 1434 Itaque
1514 1383 1625 1422 suffi-

143 1437 222 1477 ciet
249 1437 439 1492 deinceps
469 1453 595 1479 annos
623 1440 670 1479 U.
694 1439 736 1478 C.
766 1445 979 1490 annotare,
1010 1444 1050 1478 et
1078 1451 1288 1479 numerum
1319 1438 1624 1491 Consulatuum,

142 1494 215 1534 ubi
243 1508 311 1534 eos
340 1496 602 1547 attigerimus.

256 1552 457 1604 Pag·310.
476 1556 539 1596 18.
573 1556 751 1606 Ρωμαῖοι
768 1551 983 1606 Λρχοντες]
1012 1551 1207 1602 Intelligit
1227 1551 1427 1590 Tribunos
1449 1552 1624 1591 militum

143 1608 213 1661 qui
243 1610 373 1649 creari
403 1611 536 1663 coepti
565 1624 654 1649 ann.
678 1610 725 1651 U.
747 1609 790 1648 C.
813 1612 910 1652 310.
940 1608 1196 1661 Olympiadis
1221 1608 1287 1651 84.
1321 1613 1385 1647 a‘u.
1407 1612 1444 1650 1.
1476 1609 1625 1648 Censo-

140 1678 207 1705 res
238 1666 358 1705 etiam
386 1672 485 1706 tunc
502 1668 637 1707 creati.
662 1680 724 1706 an.
743 1666 792 1704 U.
814 1667 857 1704 C.
873 1668 971 1708 311.
1003 1664 1189 1718 Onuphr.
1211 1664 1262 1703 de
1284 1664 1485 1707 Tribunis.
1519 1666 1624 1705 Vide

142 1722 276 1774 Sigon.
302 1723 427 1763 fastos
455 1738 544 1778 pag.
566 1722 635 1767 40.
660 1737 696 1763 c.
724 1736 786 1765 an.
810 1722 856 1761 U.
874 1722 917 1761 C.
936 1725 1034 1766 309.
1071 1721 1238 1774 (Atqui
1255 1720 1332 1759 lzoc
1351 1720 1467 1759 eadit
1488 1724 1532 1760 in
1554 1737 1623 1760 an.

151 1779 197 1820 U
223 1780 267 1820 C.
286 1780 386 1825 265.
415 1795 496 1833 quo
515 1784 707 1820 Proceres
729 1780 912 1819 Romam·
928 1777 1034 1817 dicta·
1050 1779 1121 1817 hic
1136 1775 1375 1832 leguntur.)

255 1837 347 1889 Pag-
377 1840 474 1881 312.
501 1841 545 1881 2.
584 1835 756 1891 Ξέρξης]
787 1836 965 1876 Pertinet
994 1836 1046 1875 ad
1074 1835 1250 1889 primum
1274 1836 1464 1874 Xerxem.
1513 1835 1624 1885 Mox,

140 1894 216 1934 iste
245 1894 465 1946 Sogdianus
493 1894 698 1934 mensibus
724 1899 903 1942 tantum,
932 1907 1012 1931 non
1044 1894 1158 1931 annis
1182 1898 1336 1944 septem
1361 1892 1557 1942 regnavit,
1586 1899 1626 1930 et

142 1952 220 1990 alio
250 1951 341 1990 loco
369 1951 439 1990 hic
464 1952 654 2004 ponitur,
698 1963 791 1989 cum
827 1951 1068 1989 successerit
1096 1963 1178 1989 non
1207 1948 1328 1988 Dario
1356 1947 1508 1998 notho,
1551 1949 1623 1987 sed

140 2007 270 2048 Xerxi
291 2011 333 2050 2.
361 2007 444 2047 filio
473 2007 710 2048 Artaxerxis
742 2007 984 2058 Longimano
1013 2007 1129 2046 fratri
1155 2018 1240 2044 suo.

241 2065 347 2116 fag.
376 2068 474 2108 320.
501 2069 543 2108 2.
584 2063 806 2116 Αρσίοχος]
839 2063 1066 2115 Legendum
1096 2059 1236 2116 Αρσής
1254 2058 1398 2114 ”saxum

257 2122 348 2173 Pag.
376 2124 473 2166 323.
505 2124 570 2164 17.
617 2121 891 2173 Ψηφίζονται,
921 2120 1022 2173 etc.]
1052 2120 1162 2158 Infra
1184 2132 1291 2170 pag.
1323 2119 1419 2161 591.
1450 2121 1491 2159 7.

255 2179 347 2230 Pag·
375 2180 473 2222 323.
506 2180 572 2220 18.
610 2175 839 2228 Απαμέων]
874 2176 974 2215 Nam
1002 2182 1086 2215 tres
1116 2176 1311 2228 Apameae
1341 2173 1523 2212 condidit
1552 2175 1624 2212 Se-

142 2236 292 2284 leucus,
321 2249 346 2274 a
375 2234 491 2288 qu'us
520 2248 625 2273 anno
652 2233 784 2287 primo
815 2233 996 2271 creditur
1016 2232 1116 2271 haec
1135 2230 1301 2285 Epocha
1324 2230 1483 2270 deduci.
1512 2230 1619 2283 App.

142 2292 182 2330 in
204 2291 379 2344 Syriacis
402 2304 493 2344 pag.
510 2293 579 2335 66.
598 2296 638 2329 et
656 2294 722 2334 12.
753 2303 857 2329 anno
886 2289 998 2341 regni
1027 2289 1092 2328 sui
1121 2287 1348 2328 condidisse
1376 2293 1492 2327 notat
1519 2288 1623 2339 Syn-

144 2349 290 2398 cellas,
318 2349 389 2400 qui
419 2354 480 2388 est
506 2347 568 2386 illi
597 2345 858 2386 duodecimus
888 2361 909 2385 a
938 2352 1069 2386 morte
1097 2344 1332 2385 Alexandri.

254 2405 347 2456 Pag-
365 2403 463 2449 340.
481 2406 521 2448 8.
552 2407 638 2456 Ετη
667 2403 726 2455 λ.]
758 2403 983 2455 Legendum
1011 2406 1070 2457 λγ.
1100 2409 1147 2441 ut
1174 2402 1278 2440 infra
1300 2415 1404 2453 pag.
1430 2400 1526 2444 357.
1551 2403 1618 2442 18.

254 2462 345 2513 Pag.
367 2460 464 2505 346.
483 2463 522 2503 9.
565 2455 782 2513 Ιωᾶνθης]
822 2459 902 2499 Alii
931 2474 1070 2499 omnes
1097 2458 1248 2499 habent
1277 2454 1471 2509 Ιωάννης.
1529 2457 1620 2494 Eu·-

141 2518 273 2558 sebius
302 2525 434 2557 tamen
460 2517 581 2557 unico
615 2523 772 2557 tantum
808 2516 851 2555 in
881 2518 973 2556 loco
1002 2515 1212 2556 Jonatham
1241 2521 1360 2554 vocat
1394 2527 1461 2552 nu.
1495 2515 1617 2555 1913.

171 2590 192 2615 a
222 2605 230 2614 ·
262 2575 356 2617 149.
414 2589 442 2615 1.
473 2574 534 2614 ed.

141 2590 167 2629 P
195 2588 219 2627 g
253 2632 345 2682 Pag.
369 2572 463 2675 3(48.
484 2634 523 2674 9.
544 2574 592 2672 >O
610 2630 722 2683 νέος]
753 2631 935 2670 Chronic.
966 2630 1108 2680 Scalig.
1139 2628 1381 2667 barbarolat.
1406 2638 1497 2678 pag.
1517 2623 1615 2666 285.

143 2702 176 2729 e.
213 2695 252 2727 et
279 2688 482 2727 Diodorus
510 2688 671 2727 Siculus
701 2688 772 2727 lib.
793 2692 833 2731 2.
865 2686 1054 2726 Biblioth.
1076 2686 1169 2725 hist.
1189 2698 1276 2737 pag.
1299 2683 1368 2726 41.
1390 2696 1424 2720 a.
1456 2687 1495 2720 et
1526 2681 1616 2718 Vel-

142 2745 243 2783 le'ius
271 2745 513 2784 Paterculus.
541 2745 599 2784 De
628 2745 802 2784 Antonio
831 2757 920 2797 pag.
947 2743 1014 2787 47.
1045 2750 1085 2782 et
1114 2742 1340 2781 Athenaeus
1371 2738 1440 2778 lib.
1460 2738 1498 2780 4.
1527 2750 1616 2789 pag.

255 2857 346 2908 Pag·
375 2858 470 2901 354.
503 2861 569 2902 19.
601 2854 775 2912 Πρώτης
802 2853 1098 2909 ἐπινεμήσεως]
1128 2854 1235 2893 Infra
1265 2850 1354 2892 ead.
1377 2865 1479 2904 pag.
1510 2854 1549 2893 6.

201 2917 393 2953 Ghronicon
422 2919 586 2954 Paschalc
612 2920 682 2954 vol.
716 2920 763 2953 ΙΙ.
1314 2910 1340 2952 5
