1820 3276
484 218 543 262 lN
577 219 906 266 CHRONICON
938 223 1227 269 PASCHALE.
1488 225 1588 273 417

125 326 311 366 Chronici
345 326 543 369 duntaxat
575 330 705 381 dicat,
734 346 809 384 per
835 346 924 372 eum
945 334 1114 374 fluvium
1145 335 1185 374 in
1216 335 1361 375 Urbem
1393 336 1585 380 delatum.

124 384 220 437 Lyci
247 391 380 424 autem
406 386 520 425 istius
550 386 666 425 fluvii
696 389 845 427 mentio
873 397 1076 442 praeterea
1105 391 1276 432 habetur
1301 394 1408 446 apud
1437 388 1589 435 Simeo-

122 455 212 479 nem
239 440 494 492 Logothetam
527 443 569 481 in
606 443 804 483 chronico
833 446 913 486 MS.
945 448 986 485 in
1014 449 1262 499 Domitiano,
1301 450 1521 491 cedrenum
1546 453 1588 492 in

122 498 310 546 Claudio,
332 499 526 538 Codinum
549 499 597 538 de
616 501 725 552 Orig.
746 503 1090 557 constantinopol.
1110 505 1394 559 Chrysoloram
1413 508 1456 548 in
1472 510 1588 549 Com-

121 560 252 608 parat.
269 556 416 594 veteris
438 562 478 594 et
498 570 623 595 novae
646 558 811 606 Romae,
833 566 907 601 etc.

231 610 328 650 Ibid.
385 612 608 669 Λεκτικίῳ]
641 614 763 653 Addit
787 615 1012 667 cedrenus,
1042 614 1134 669 ἤτοι
1157 619 1322 673 φορείῳ.

234 668 330 718 Pag·
361 668 456 712 590.
490 673 526 712 1.
585 666 715 711 Εἶπεν
751 667 882 728 αὐτῇ]
934 673 990 712 Ita
1028 674 1232 714 (Tedrenus
1262 683 1301 715 et
1331 675 1588 729 Nicephorus

121 724 271 763 callist.
302 724 369 763 lib.
388 739 479 766 xm.
512 740 596 779 cap.
615 741 731 766 Lvm.
1265 774 1269 779 ⁴

167 808 171 816 ,
233 781 328 832 Pag.
358 781 452 824 590.
482 785 522 825 3.
583 783 663 824 Καὶ
703 786 785 824 τῶν
812 786 966 826 λοιπῶν
995 787 1295 840 συγκλητικῶν]
1336 788 1589 828 Pulcheriam

119 839 288 876 Senatus
317 844 355 876 et
381 839 558 877 omnium
579 840 776 879 Ordinum
799 854 994 882 consensu
1014 843 1230 895 Imperium
1253 844 1451 884 Marciano
1475 846 1589 885 detu-

118 895 213 933 lisse
241 894 380 933 scribit
409 896 603 947 Evagrius
632 897 701 936 lib.
730 911 775 938 11.
807 911 893 951 cap.
917 913 945 938 1.
973 900 1082 938 nulla
1103 899 1320 940 Theodosii
1340 903 1445 941 facta
1469 918 1589 942 men-

116 954 238 990 tione.

231 1007 326 1046 Ibid.
387 1005 538 1061 Εφᾶνη
566 1009 660 1063 μοι]
693 1010 860 1050 Cedren.
883 1010 1047 1064 ἐδείχθη
1070 1029 1138 1063 μοι
1158 1009 1220 1054 ὅτι
1249 1026 1292 1054 σε
1316 1015 1381 1055 δεῖ
1397 1013 1589 1068 γενέσθαι

118 1063 290 1104 Βασιλέα
311 1060 390 1117 μετ’
409 1064 488 1117 ἐμέ.
529 1066 640 1113 Quae
661 1081 785 1119 porro
806 1067 873 1106 illa
902 1068 1051 1107 suerint
1072 1069 1266 1108 Marciani
1289 1071 1455 1123 imperii
1475 1071 1588 1123 signa

116 1121 264 1173 passim
304 1121 474 1161 recitant
501 1123 752 1175 Scriptores,
803 1125 1026 1177 Procopius
1057 1126 1126 1166 lib.
1158 1140 1186 1164 1.
1238 1128 1385 1168 Persic.
1421 1142 1509 1180 cap.
1532 1143 1587 1168 1v.

115 1178 310 1228 Evagrius
339 1177 409 1216 lib.
429 1193 475 1218 11.
509 1193 591 1231 cap.
610 1193 638 1219 1.
666 1179 952 1232 Theophanes,
973 1182 1203 1234 Cedrenus,
1237 1183 1479 1235 Logotheta‚
1502 1186 1587 1223 Zo-

115 1248 255 1283 naras,
285 1235 509 1285 Manasses,
542 1236 718 1288 Glycas,
749 1243 823 1277 etc.

229 1291 324 1342 Pag.
357 1291 452 1334 590.
483 1295 522 1334 4.
581 1292 664 1333 Καὶ
685 1289 776 1345 μεθ’
795 1292 970 1347 ἡμέρας]
1002 1293 1092 1335 Δύο
1114 1296 1276 1347 supplet
1298 1296 1511 1336 cedrenus.

229 1347 323 1398 Pag.
354 1349 446 1391 590.
477 1351 516 1391 6.
575 1346 838 1402 Σπαθάριος]
879 1350 1150 1404 Chrysaphius
1181 1352 1416 1403 Eunuchus,
1449 1354 1518 1406 qui
1547 1360 1588 1393 et

122 1406 303 1456 Τζουμᾶς
339 1405 586 1458 appellatus,
626 1412 670 1444 ut
709 1413 770 1446 est
805 1407 915 1459 apud
954 1407 1210 1448 Theodorum
1250 1410 1478 1458 Lectorem,
1521 1411 1587 1449 vel

116 1463 327 1512 Ζουμνᾶς,
369 1467 416 1499 ut
443 1461 562 1500 habet
594 1462 760 1502 Cedren.
789 1469 827 1502 et
868 1464 1069 1513 Βασιλέως
1096 1464 1397 1519 ὑπερασπιστὴς
1438 1466 1587 1507 dicitur

115 1517 252 1555 Prisco
270 1517 311 1556 in
333 1518 465 1568 Legat.
483 1532 573 1570 pag.
591 1521 658 1562 37.
717 1519 816 1558 Vide
845 1520 968 1559 Notas
998 1522 1049 1560 ad
1078 1524 1256 1561 Zonarae
1277 1523 1418 1564 Annal.

227 1574 321 1625 Pag.
352 1575 448 1617 590.
476 1579 516 1618 7.
560 1572 724 1627 Πόρταν
742 1573 1047 1630 Μελαντιᾶδος]
1074 1579 1420 1633 Constantinopol.
1441 1580 1587 1620 Christ.

113 1629 180 1669 lib.
199 1644 227 1669 1.
257 1637 341 1669 sect
369 1644 437 1673 xv.
466 1645 503 1672 n.
524 1645 596 1672 xv.

223 1687 318 1738 Pag.
350 1688 445 1730 590.
476 1691 517 1730 8.
576 1686 671 1729 Από
700 1692 775 1730 τοῦ
807 1690 1053 1744 Κερκεσίου]
1085 1692 1315 1743 Legendum
1346 1693 1451 1732 forte
1485 1691 1589 1747 ἐξερ-

111 1741 247 1793 κὲτου,
278 1751 324 1782 ut
344 1744 443 1783 infra
471 1744 513 1782 in
536 1745 665 1784 Leone
685 1746 738 1784 Μ.
796 1747 897 1785 Nam
926 1761 948 1784 a
977 1748 1170 1787 militibus
1198 1749 1437 1802 praesertim
1470 1750 1586 1788 Prae-

112 1801 280 1838 torianis
307 1801 389 1839 sere
420 1814 597 1853 semper,
627 1816 706 1841 non
735 1816 832 1842 vero
863 1818 886 1841 a
911 1803 1168 1843 Factionibus
1204 1806 1459 1844 Circensibus
1489 1806 1587 1844 leva-

112 1857 243 1895 bantur
284 1857 586 1909 Imperatores,
630 1858 672 1897 id
711 1865 797 1909 est,
839 1859 880 1897 in
922 1860 1109 1912 clypeum
1144 1861 1423 1902 efferebantur.
1483 1862 1585 1901 Vide

113 1913 423 1952 Grandamicum
447 1920 564 1966 parte
588 1928 650 1954 111.
682 1914 920 1967 Chronolog.
951 1916 1097 1960 Christ.
1126 1932 1166 1971 p.
1190 1919 1285 1962 125.
1316 1919 1385 1958 ubi
1413 1919 1462 1957 de
1478 1920 1586 1959 Mar-

112 1969 215 2008 ciani
243 1970 444 2009 creatione
466 1985 516 2010 ex
539 1971 738 2010 Chronico
757 1972 949 2015 Paschali.

227 2030 320 2078 Pag.
357 2028 452 2069 590.
486 2028 550 2070 15.
611 2027 694 2069 Καὶ
720 2030 950 2081 Αδελφίου]
992 2029 1073 2078 Qui
1108 2030 1182 2068 sub
1215 2044 1388 2070 mensem
1415 2031 1580 2070 Octobr.

110 2083 287 2122 nondum
315 2089 434 2122 notus
456 2091 540 2123 erat
561 2085 930 2138 Constantinopoli,
959 2093 1005 2125 ut
1026 2087 1228 2136 colligitur
1245 2096 1299 2126 ex·
1317 2088 1469 2126 Concil.
1491 2088 1581 2126 Cal-

111 2139 374 2190 chedonensi,
416 2141 524 2191 quod
551 2141 695 2180 initum
726 2142 873 2182 dicitur
900 2143 974 2181 sub
1001 2144 1166 2183 v111.1d.
1188 2144 1355 2185 Octobr.
1386 2145 1580 2183 Consulatu

108 2197 256 2236 Domini
282 2197 476 2235 Marciani
493 2197 570 2239 ΡΡ.
587 2199 683 2249 Aug.
705 2203 739 2237 et
760 2202 824 2250 qui
839 2200 961 2252 fuerit
976 2202 1174 2239 nuntiatus.

227 2283 320 2331 Pag.
350 2279 445 2323 590.
477 2284 543 2323 16.
606 2283 695 2322 Τῶν
718 2280 847 2335 ἁγίων
871 2279 935 2334 μ’.]
970 2282 1083 2331 Quae
1104 2283 1173 2321 hic
1196 2290 1415 2322 narrantur
1432 2284 1481 2322 de
1508 2284 1580 2322 In-

111 2336 297 2375 ventione
330 2336 601 2388 Reliquiarum
631 2339 697 2376 SS.
719 2352 786 2379 xh.
808 2339 1051 2390 Martyrum,
1083 2339 1194 2378 etde
1221 2340 1317 2379 aede
1346 2355 1367 2378 a
1396 2341 1580 2379 Caesario

111 2394 199 2431 Cos.
227 2400 266 2432 et
285 2394 491 2432 Praefecto
514 2394 721 2432 Praetorio
741 2395 798 2432 ibi
815 2402 997 2434 extructa
1016 2425 1027 2445 ,
1059 2395 1248 2434 videntur
1271 2397 1481 2446 contigisse
1504 2400 1582 2435 Se-

110 2449 284 2499 bastiae,
321 2464 404 2488 non
433 2463 529 2488 vero
563 2451 932 2503 Constantinopoli,
963 2453 1117 2490 tametsi
1142 2453 1260 2491 aedes
1291 2454 1329 2494 S.
1360 2453 1505 2504 Thyrsi
1537 2454 1581 2490 in

112 2519 155 2544 ea
183 2506 284 2544 urbe
313 2506 502 2545 extiterit.
560 2507 666 2553 Nam,
687 2507 977 2547 Troadensium
1009 2522 1214 2548 murorum
1235 2509 1580 2560 Constantinopoli

112 2563 243 2611 nulla,
275 2564 382 2614 quod
402 2565 546 2609 sciam,
579 2569 686 2601 extat
702 2564 890 2603 memoria
922 2564 1028 2616 apud
1052 2565 1293 2617 Scriptores,
1324 2567 1391 2616 qui
1419 2568 1473 2603 ita
1502 2579 1578 2616 ap-

112 2619 251 2670 pellati
270 2619 420 2658 suerint
439 2620 640 2658 Sebastiae
670 2634 721 2659 ex
744 2635 938 2660 marmore
957 2621 1174 2659 Troadensi
1199 2622 1416 2669 aedificati,
1440 2635 1579 2673 quenn-

114 2674 326 2714 admodum
343 2676 539 2715 Porticus.
550 2676 788 2716 Troadensis
811 2677 1170 2731 Constantinopoli.

229 2762 323 2809 Pag.
349 2761 442 2802 590.
472 2761 541 2801 20.
600 2757 855 2815 Καισᾶριος]
896 2760 995 2809 Quis
1024 2759 1094 2799 hic
1122 2760 1328 2799 Caesarius
1360 2761 1506 2799 Consul
1539 2766 1578 2799 et

113 2814 339 2854 Praefectus
363 2814 459 2853 mihi
477 2829 558 2853 uon
579 2815 730 2867 liquet,
762 2831 853 2856 cum
870 2816 995 2856 hacce
1013 2823 1245 2869 tempestate
1266 2817 1403 2855 nullus
1428 2817 1470 2855 in
1495 2817 1577 2855 Fa-

115 2870 184 2908 stis
210 2870 287 2910 hac
305 2871 604 2910 nomenclatura
628 2873 780 2912 Consul
805 2880 1001 2914 occurrat.
1060 2874 1192 2913 Alium
1225 2873 1329 2912 enim
1359 2887 1527 2927 prorsus
1555 2889 1575 2911 a

175 2941 367 2977 Ghronicon
392 2943 559 2978 Paschale
588 2944 657 2979 vol.
681 2945 731 2983 ΙΙ.
1246 2944 1301 2985 27
