1884 3262
295 220 392 270 122
614 221 857 264 SELECTA
886 222 959 264 AD
993 222 1483 267 ILLUSTRATIONEM

405 348 451 372 α.
489 326 673 401 Ἰακωβος
699 331 723 373 6
747 327 922 384 οἷδελφδς
946 335 1022 374 τοῦ
1060 334 1207 402 κυρίου
1236 333 1306 375 καὶ
1344 350 1504 389 πρωτος
1541 333 1758 383 ἐπίσκοπος

288 384 571 455 Ἱεροσολύμων
587 384 658 428 υπ’
678 384 808 429 αυτοῦ
826 392 901 429 τοῦ
909 390 1065 460 κυρίου
1084 387 1312 444 γενόμενος

408 441 458 497 β.
509 447 695 493 Κλεοπᾶς
721 444 742 486 6
770 441 940 495 ανεψιός
967 462 1038 488 του
1046 449 1212 517 κυρίου
1233 448 1303 488 καὶ
1323 444 1515 517 δευτερος
1541 447 1760 495 ἐπίσκοπος

290 497 607 556 Ἱεροσολύμων,
648 499 694 550 ὃς
723 501 793 542 καὶ
821 499 925 543 εἶδεν
961 499 1082 545 αὐτὸν
1109 502 1206 557 μετοέ
1237 502 1280 546 τὸ
1307 501 1531 557 ἀναστῆναι
1560 501 1687 545 αὐτόν
1714 503 1759 544 ἐκ

291 561 457 626 νεκρῶν.
1769 565 1791 602 5

404 610 449 668 γ’.
499 614 695 663 Ματθίας
722 613 747 655 6
780 610 1027 670 ἀναπληρῶν
1060 614 1132 658 τόν
1166 612 1342 671 οἷριθμὸν
1371 619 1451 657 τῶν
1476 613 1633 657 δώδεκα
1661 600 1760 656 «ἰπο-

291 668 456 713 στόλων.

405 723 450 768 δ’.
494 727 691 775 Ταδδαῖος
723 726 748 768 6
767 742 844 779 την
871 725 1086 798 ἐπιστολην
1104 724 1282 795 Αὕγαρῳ
1308 724 1487 785 τοπᾶρχῃ
1510 725 1762 780 οἷποκομίσας

289 783 334 826 ἐν
351 780 515 838 Ἐδέσσῃ
535 782 603 823 καὶ
624 778 840 836 ίασαμενος
861 780 986 825 αὐτοῦ
1003 783 1049 825 το“
1071 781 1223 834 πάθος.

142 848 173 883 Ρ
196 847 266 885 427
404 836 446 882 ε’.
495 824 686 888 ’Ἀνανίας
715 839 739 882 6
766 841 962 893 βαπτίσας
993 839 1061 883 τὸν
1094 838 1211 896 ἅγιον
1239 844 1410 883 Παῦλον
1440 840 1509 882 καὶ
1538 842 1762 894 Δαμασκοῦ
1773 843 1818 879 10

211 927 213 929 -
288 895 495 964 μετέπειτα
509 893 725 950 γενόμενος
744 896 976 945 ἐπίσκοπος.

404 969 448 1001 ς.
484 952 695 1004 Στέφανος
721 952 745 995 6
772 968 1060 1008 πρωτομαρτυς
1100 951 1125 996 6
1152 950 1210 1004 εἷς
1246 970 1330 996 των
1359 953 1648 1008 ἐκλελεγμένων
1681 951 1764 995 ὖπό

289 1025 373 1052 των
390 1007 444 1064 ιβ’
463 1006 695 1052 αποστόλων
718 1010 776 1082 s‘t'g
796 1012 1018 1052 διακονίαν.
1081 1032 1083 1036 r

404 1063 446 1116 K.
488 1068 688 1116 Φίλιππος
717 1065 741 1108 6
766 1063 824 1116 εἷς
844 1070 924 1108 τῶν
953 1065 996 1117 K,
1026 1066 1052 1108 6
1081 1066 1149 1108 καὶ
1171 1068 1341 1120 Σίμωνα
1370 1066 1439 1108 καὶ
1463 1062 1534 1108 τᾶν
1563 1060 1760 1119 εὖνουχον

288 1125 506 1192 βαπτίσας,
536 1123 605 1164 καὶ
625 1123 670 1164 ἐν
698 1121 886 1195 Τραλλεσι
902 1127 975 1177 τῆς
990 1119 1122 1173 Ἀσίας
1137 1122 1312 1178 γεγονώς
1330 1124 1559 1172 ἐπίσκοπος.
1773 1127 1817 1164 15

399 1177 450 1233 η’.
486 1178 702 1247 Πρόχωρος
731 1179 752 1221 6
780 1177 839 1229 εἷς
864 1183 946 1222 τῶν
980 1177 1011 1230 K
1039 1181 1107 1222 καὶ
1139 1181 1356 1230 ἐπίσκοπος
1387 1180 1661 1233 Νικομηδείας
1689 1181 1762 1232 τῆς

287 1238 490 1286 Βιθυνίας
508 1234 732 1305 γενόμενος.

399 1290 457 1335 θ’.
497 1290 693 1362 Νικανωρ
718 1292 740 1335 6
758 1290 815 1342 εἷς
836 1297 919 1334 τῶν
938 1290 981 1344 K,
1010 1290 1053 1341 ὃς
1070 1289 1152 1333 κατ’
1175 1279 1303 1345 αῧτήν
1325 1308 1402 1362 την
1429 1291 1586 1345 ημέραν
1609 1289 1762 1333 ἀπέθα-

287 1364 358 1391 νεν
375 1346 470 1391 καθ’
490 1347 544 1419 ἣν
562 1349 586 1390 6
603 1346 717 1417 ἅγιος
734 1349 947 1403 Στέφανος
975 1348 1053 1392 σῦν
1082 1351 1288 1402 δισχιλίοις
1317 1345 1454 1397 ἅλλοις
1483 1352 1567 1390 τῶν
1592 1345 1761 1402 ἠλπικό·

286 1422 368 1448 των
391 1407 449 1455 εἰς
463 1422 535 1448 τον
554 1402 749 1460 Χριστόν.
1775 1416 1820 1452 20
1838 1428 1844 1431 ·

137 1477 169 1512 v
193 1475 263 1515 343
401 1461 437 1504 ι’.
486 1464 621 1530 Τίμων
651 1461 675 1503 6
698 1458 755 1510 εἷς
782 1465 865 1503 τῶν
885 1458 945 1512 K,
975 1460 1023 1511 ὃς
1052 1462 1270 1511 ἐπίσκοπος
1290 1458 1472 1516 Βόστρης
1491 1464 1565 1515 τῆς
1584 1457 1764 1515 Ἀραβων

287 1516 505 1588 γενόμενος
524 1515 683 1571 ἐκαύθη
702 1516 785 1560 ὖπὸ
803 1535 886 1560 των
900 1517 1115 1588 Ἑλλήνων

403 1573 468 1618 ια’.
511 1578 731 1630 Παρμενας
759 1574 782 1617 6
808 1573 866 1624 εἷς
894 1579 977 1617 τῶν
1003 1572 1039 1625 ζ’
1040 1606 1051 1627 ,
1093 1573 1137 1624 ὃς
1159 1571 1220 1616 ἐπ’
1250 1572 1394 1631 ὄψεσιν
1416 1577 1497 1616 τοῖν
1523 1560 1764 1616 οῗποστόλων

288 1631 498 1677 απέθανεν
516 1633 559 1674 ἐν
580 1636 632 1700 τῇ
650 1633 836 1673 διακονία
859 1649 1005 1676 αυτου.

403 1686 467 1744 ιβ’
525 1686 728 1738 Νικόλαος
755 1687 777 1731 6
805 1674 863 1738 εἷς
892 1693 973 1730 τῶν
1004 1686 1092 1741 ζ’,
1083 1687 1125 1737 ὃς
1156 1687 1374 1737 ἐπίσκοπος
1392 1688 1623 1742 Σαμαρείας
1653 1683 1819 1741 ysv6-25
1862 1720 1866 1728 .

288 1762 408 1801 μενος
431 1741 747 1815 ἓτεροδόξησεν
729 1761 813 1798 αμα
834 1762 889 1786 τω
910 1747 1081 1814 Σίμωνι.

399 1800 459 1857 ιγ’.
516 1802 780 1871 Ba66oel30cg‘
755 1819 776 1843 ο
800 1818 897 1854 μετα
922 1799 1093 1843 Παύλου
1123 1803 1182 1857 τῷ
1210 1797 1318 1855 λόγῳ
1339 1797 1585 1867 δεακονήσας
1602 1802 1763 1853 πρῶτος

288 1859 333 1903 ἐν
350 1858 477 1928 Ῥωμῃ
499 1857 573 1901 τὸν
590 1856 768 1913 Χριστόν
784 1856 1000 1912 ἐκήρυξεν,
1030 1859 1250 1906 ἐπίσκοπος
1270 1853 1532 1899 Μεδιολανου
1556 1856 1762 1910 μετέπειτα

285 1933 474 2015 yeyovss'g·
522 1969 698 2027 Μαρκος
710 2002 721 2022 ,
739 1969 786 2020 ὃς
803 1969 885 2012 ’ὑπὸ
903 1970 1062 2040 Πέτρου
1081 1972 1156 2012 τοῦ
1183 1966 1408 2011 οἷποστόλου
1427 1967 1646 2019 ἐπίσκοπος
1660 1965 1759 2011 Ἀλε-
1769 1978 1817 2014 30

289 2031 501 2099 ξανδρείας
515 2029 669 2083 ἐγένετο
687 2028 756 2070 καὶ
779 2025 1069 2096 ετῖαγγελιστής.

401 2083 459 2128 ιε’.
508 2089 633 2134 Σιλᾶς
651 2085 675 2127 6
696 2083 772 2126 6611
790 2087 849 2155 τῷ
873 2081 1026 2140 Παυλω
1053 2086 1110 2139 ταῖ
1127 2081 1231 2138 λόγῳ
1251 2079 1496 2157 διακονήσεις
1513 2081 1583 2124 καὶ
1610 2082 1654 2124 ἐν
1676 2085 1760 2124 Κο-

285 2146 420 2200 ρίνθῳ
448 2143 667 2191 ἐπίσκοπος
682 2139 869 2211 γεγονώς.

400 2196 473 2247 ις’
527 2202 718 2249 Λουκᾶς,
758 2196 806 2247 ο“ς
836 2214 938 2239 κατα
964 2200 1101 2239 πᾶσαν
1124 2212 1199 2266 την
1230 2199 1311 2250 γῆν
1344 2193 1389 2237 τὸ
1417 2191 1646 2250 ευαγγέλιον
1679 2192 1758 2236 6620
1816 2215 1826 2225 κ

284 2261 341 2315 τῷ
361 2253 515 2312 Παύλῳ
533 2254 740 2326 ἐκήρυξεν
1765 2259 1812 2297 35

402 2309 466 2362 ιζ’.
526 2310 751 2360 Σιλουανός
777 2309 797 2352 6
823 2308 901 2351 σῦν
926 2313 984 2366 τῷ
1001 2306 1153 2366 Παυλῳ
1178 2312 1234 2365 τῶ
1260 2304 1368 2364 λόγῳ
1389 2305 1636 2361 διακονήσεις
1658 2309 1755 2349 Θεσ·

288 2372 503 2422 σαλονίκης
521 2370 738 2417 ἐπίσκοπος
753 2367 928 2426 γέγονεν.

403 2423 467 2479 ιη’.
527 2422 741 2480 Κρήσκης,
771 2426 820 2465 οὑ
841 2423 1046 2495 μέμνηται
1076 2421 1098 2464 ὁ
1118 2418 1342 2470 απόστολος
1369 2420 1414 2462 ἐν
1436 2423 1490 2476 τῇ
1516 2417 1616 2473 πρὸς
1639 2416 1756 2472 Τιμό-

287 2489 390 2596 λθίῗιὲ
408 2481 574 2581 (Ξὶιὲζξρα
593 2482 782 2537 ἐπιστολη
794 2510 807 2532 ,
836 2477 884 2528 ο“ς
897 2479 967 2520 καὶ
988 2479 1206 2527 ἐπίσκοπος
1223 2462 1484 2530 Χαλκηδόνος
1498 2480 1572 2529 τῆς
1590 2476 1635 2518 ἐν
1655 2479 1815 2577 Fal-4⁰-

391 2556 414 2594 Υ

377 2662 411 2699 4.
442 2661 521 2697 ἴδεν
543 2661 615 2697 LP.
737 2661 772 2695 2.
804 2655 1018 2713 γενόμενος]
1051 2656 1211 2702 γεγονως
1234 2658 1275 2692 L.
1381 2657 1429 2711 =3.
1476 2655 1658 2696 Κλεωπᾶς
1679 2655 1752 2690 LP.

379 2709 434 2744 15.
477 2705 635 2752 Τρὰλεσι
658 2706 728 2740 LP.
847 2706 902 2741 18.
935 2700 956 2739 6
981 2703 1079 2739 addit
1102 2704 1140 2737 L.
1259 2705 1317 2739 20.
1349 2715 1415 2738 τον
1439 2702 1538 2737 addit
1560 2701 1600 2735 L.
1693 2703 1751 2737 21.

386 2755 513 2798 Τίμων
535 2754 565 2787 L
590 2757 626 2788 et
645 2750 889 2832 ἱιιιετρςεῑαῐὶο
913 2749 1042 2791 latina,
1069 2750 1201 2793 Σίμων
1226 2750 1267 2783 Ρ.
1366 2748 1424 2784 25.
1464 2744 1506 2789 ὃς
1527 2760 1593 2783 om.
1619 2748 1659 2781 L.

378 2801 436 2835 26.
455 2796 725 2844 {tepdaogoeL
830 2797 889 2832 27.
923 2762 1146 2842 Βαρνάβαςμ
1146 2796 1187 2829 L.
1243 2794 1296 2842 τῷ
1318 2791 1414 2839 λόγῳ
1438 2794 1536 2829 addit
1559 2794 1600 2829 L.
1691 2794 1751 2830 32.

378 2845 607 2890 διαπονήσας
633 2846 684 2886 L,
702 2843 784 2888 τῆς
807 2843 1000 2881 διακονίας
1022 2842 1063 2876 Ρ.
1155 2843 1211 2878 36.
1244 2830 1470 2896 διαπονήσας
1493 2841 1542 2884 L,
1575 2841 1642 2886 τῆς
1665 2839 1752 2875 δια-

378 2892 556 2934 novius?
659 2891 716 2928 38.
744 2887 942 2935 Κρήσκης]
977 2890 1138 2934 Κρισκης
1160 2888 1211 2930 L,
1243 2885 1397 2933 Κλήμης
1419 2887 1460 2924 Ρ.
