1820 3276
431 187 489 231 IN
528 185 856 230 CHRONICON
888 184 1178 228 PASCHALE.
1453 180 1553 228 477

86 298 340 347 Anastasius,
382 296 718 349 quemadmodum
758 296 863 335 idem
906 296 1090 348 Scriptor
1122 295 1246 334 refert
1284 294 1354 333 lib.
1382 307 1437 335 vt.
1467 308 1554 347 cap.

85 369 204 395 xx1v.
241 355 430 394 Nicolaus
469 356 625 393 Uranus
661 354 703 391 in
745 353 832 391 Vita
876 354 915 391 S.
958 353 1130 393 Danielis
1166 352 1333 405 stylitae
1365 365 1404 392 n.
1436 365 1552 392 cxcn.

85 413 339 451 Anastasium
367 425 417 450 ex
450 411 666 449 Palaestina
697 416 828 448 ortum
859 409 1012 448 scribit.

200 469 294 519 Pag.
324 472 420 511 692.
452 471 514 510 10.
574 470 661 518 Ετη
691 463 780 518 ιβ’.]
822 466 1070 518 Nicephorus
1098 466 1141 504 in
1173 464 1389 515 Chronogr.
1420 466 1554 503 Zona-

85 539 150 565 ras
180 525 222 563 in
250 525 374 572 Foca,
405 530 444 563 et
475 524 685 575 Catalogus
715 523 820 564 Patr.
854 523 1194 574 Constantinopol.
1223 522 1554 570 Leunclavianus,

85 596 210 621 annos
246 596 303 620 xx.
343 582 513 632 Cyriaco
552 581 750 620 duntaxat
788 579 1039 618 adscribunt:
1094 580 1204 630 atqui
1243 578 1291 617 ab
1329 593 1432 617 anno
1473 592 1554 631 quo

70 645 244 678 creatus
283 645 342 677 est
380 638 431 677 ad
468 652 586 678 xx1x.
629 636 794 677 Octobr.
834 650 944 675 ncv1.
984 650 1064 688 quo
1095 636 1212 685 obiit,
1250 636 1451 675 intersunt
1481 649 1554 674 an·

84 711 127 735 111
155 709 230 734 x11.

196 751 291 802 Pag.
322 754 418 794 693.
451 755 485 793 1.
546 753 580 790 Ο
607 746 736 804 γάμος
766 749 1009 802 Θεοδοσίου]
1043 750 1096 788 De
1123 763 1226 787 anno
1248 756 1287 788 et
1307 761 1441 787 mense
1462 748 1556 800 qui-

83 809 159 847 bus
204 815 314 848 actae
355 807 519 860 nuptiae
556 806 772 846 Theodosii
809 821 891 845 non
932 806 1185 845 consentiunt
1224 806 1462 858 scriptore8‚
1493 806 1553 844 uti

83 866 182 905 alias
204 866 442 904 monuimus.
503 864 666 916 Quippe
697 865 911 902 simocatta
942 864 1012 901 lib.
1044 878 1131 902 vm.
1162 877 1249 915 cap.
1280 876 1334 903 ιν.
1365 877 1468 901 anno
1496 876 1553 903 rx.

82 922 263 961 Mauricii
299 928 481 974 peractas
520 922 682 959 omnino
722 921 872 963 innuit.
915 919 1032 969 dum,
1073 927 1286 971 postquam
1317 919 1419 957 dixit
1450 933 1555 957 anno

81 993 174 1019 xxx.
214 978 397 1017 Mauricii
437 977 538 1016 nihil
578 977 683 1017 inter
722 978 919 1016 Romanos
955 983 993 1016 et
1031 976 1228 1015 Barbaros
1268 982 1423 1027 gestum
1458 989 1555 1026 esse,

83 1049 187 1074 anno
227 1049 323 1074 vero
362 1049 431 1073 xx.
489 1035 649 1073 Petrum
690 1034 856 1073 fratrem
899 1035 1084 1087 Europae
1124 1034 1273 1071 Ducem
1314 1038 1491 1072 creatum
1532 1047 1554 1071 a

82 1092 300 1137 Mauricio,
339 1091 441 1130 haec
478 1091 641 1131 scribit:
685 1107 763 1146 προ
794 1087 940 1131 τούτου
970 1094 1044 1131 τοῦ
1071 1089 1260 1131 ἐνιαυτοῦ
1291 1086 1503 1138 Θεοδόσιος
1534 1088 1558 1130 0‘

81 1151 156 1191 τοῦ
184 1147 384 1197 Βασιλέως
411 1145 517 1197 υἱὸς,
548 1148 726 1201 νυμφίος
753 1144 1021 1200 πομπεύεται,
1049 1146 1118 1187 καὶ
1146 1143 1245 1198 πρὸς
1275 1146 1445 1198 ε’ννομον
1473 1141 1556 1199 yni-

82 1221 161 1259 μον
206 1207 370 1247 δίδωσιν
414 1201 525 1259 αὐτῷ
562 1221 694 1258 πατηρ
737 1207 949 1258 Γερμανοῦ
991 1201 1035 1245 vti
1082 1201 1318 1256 θυμέτριον.
1379 1202 1556 1255 Denique

83 1262 222 1302 subdit
252 1262 392 1316 paucis
423 1247 562 1301 diebus
591 1276 611 1300 a
643 1261 816 1314 nuptiis,
845 1262 930 1314 ipsa
959 1260 1125 1313 hyeme,
1164 1261 1378 1311 Byzantios
1408 1259 1459 1298 ob
1490 1273 1555 1297 an-

82 1333 212 1358 nonae
250 1318 484 1383 gravitatem
514 1319 617 1357 same
656 1319 880 1366 laborasse,
922 1318 1066 1369 dieque
1099 1318 1145 1368 (a
1176 1316 1353 1368 nuptiis)
1385 1315 1558 1381 quadra-

82 1377 230 1428 gesimo
269 1377 427 1428 elapso,
463 1376 552 1427 ipso
582 1375 733 1414 Natalis
762 1348 918 1414 Domini
949 1375 1091 1424 Festo,
1137 1373 1372 1413 seditionem
1401 1373 1445 1411 in
1476 1373 1557 1411 Im-

81 1439 311 1486 peratorem
342 1448 363 1471 a
393 1432 510 1485 plebe
541 1433 765 1471 excitatam.
832 1432 904 1470 Cui
936 1431 1097 1483 quidem
1127 1430 1323 1483 temporis
1350 1429 1556 1469 characte-

80 1491 204 1530 rismo
235 1490 449 1530 concinere
476 1490 637 1528 videtur
664 1487 941 1540 Theophanes,
971 1488 1147 1527 scribens
1176 1501 1310 1526 mense
1338 1486 1556 1532 Novembri

82 1547 225 1586 Indict.
240 1561 280 1587 v.
312 1553 430 1594 (anno
460 1546 625 1599 Imperii
654 1545 741 1598 xx.)
775 1546 1009 1584 Mauricium
1041 1544 1227 1583 Germani
1258 1544 1419 1583 Patricii
1448 1544 1554 1583 filiae

82 1603 352 1643 Theodosium
381 1603 510 1643 filium
540 1603 760 1656 copulasse,
792 1603 991 1655 nuptiales
1022 1616 1190 1640 coronas
1218 1602 1449 1654 imponente
1479 1601 1554 1653 Cy.

81 1662 191 1701 riaco
230 1659 473 1699 Patriarcha.
533 1661 593 1699 Ex
635 1660 780 1712 quibus
814 1658 949 1710 colligi
988 1665 1121 1712 potest
1149 1665 1332 1711 peractas
1361 1658 1451 1697 illas
1480 1670 1554 1697 nu-

80 1718 186 1770 ptias
214 1717 287 1757 sub
317 1731 385 1758 xv.
416 1717 632 1756 Novembr.
663 1730 767 1755 anno
800 1715 948 1754 Christi
978 1715 1134 1767 vulgari
1155 1729 1239 1755 nc1.
1300 1716 1350 1754 Et
1371 1728 1466 1754 sane
1485 1728 1554 1754 xv.

81 1774 191 1814 hunc
220 1774 368 1813 mensis
397 1774 502 1812 diem
534 1774 712 1813 indicare
743 1773 907 1811 videtur
938 1774 1091 1812 Auctor
1121 1771 1330 1811 Chronici:
1375 1772 1471 1810 dum
1502 1771 1556 1810 ait

82 1831 261 1871 solennia
302 1831 378 1869 ista
418 1831 646 1883 nuptiarum
685 1837 844 1883 peracta
882 1843 956 1883 per
992 1843 1066 1868 v11.
1097 1829 1181 1868 dies
1211 1830 1407 1880 integros,
1448 1843 1469 1867 a
1499 1843 1555 1867 xx.

81 1901 210 1941 usque
240 1887 291 1926 ad
321 1901 389 1926 xv.
419 1889 564 1927 mensis
593 1888 722 1936 diem,
765 1901 846 1939 quo
882 1887 1039 1927 fortean
1068 1886 1227 1924 tandem
1257 1886 1554 1925 matrimonium

82 1951 266 1985 exactum
304 1945 455 1997 suerit,
496 1945 661 1985 caeteris
701 1944 842 1983 diebus
882 1945 923 1982 in
952 1957 1122 1996 pompae
1161 1949 1376 1996 apparatus
1404 1943 1556 1981 insum-

108 2002 172 2042 tis.

79 2016 107 2056 P
195 2058 289 2109 Pag.
319 2061 416 2102 693.
445 2061 483 2102 8.
542 2057 626 2098 Καὶ
662 2058 859 2106 Τπατείας
909 2059 985 2098 τοῦ
1031 2052 1157 2097 αὐτοῦ
1199 2053 1392 2108 εὐσεβοῦς
1432 2054 1552 2108 ἡμῶν
1576 2064 1608 2099 V
1630 2063 1700 2101 549

82 2110 294 2156 Δεσπότου
330 2112 376 2156 τό
410 2111 626 2168 δεύτερον]
665 2115 807 2154 Nescio
848 2128 923 2153 cur
950 2113 1060 2152 hune
1089 2113 1376 2151 Mauricianum
1408 2112 1555 2151 chara-

83 2172 314 2211 cterismum
357 2172 536 2211 omiserit
573 2172 892 2211 accuratissimus
929 2169 1151 2223 Hypaticae
1190 2169 1393 2221 diguitatis
1431 2170 1555 2209 Inter-

82 2242 197 2282 pres:
237 2235 275 2268 et
305 2242 430 2280 quare
458 2235 545 2267 tum
575 2229 738 2267 demum
769 2243 791 2266 a
820 2241 953 2267 mense
989 2227 1094 2266 Julio
1125 2226 1177 2264 ad
1205 2240 1380 2265 mensem
1411 2227 1553 2265 lanua-

82 2285 187 2324 rium
214 2286 426 2324 Consulem
458 2298 544 2324 sese
569 2285 736 2335 iterum,
766 2299 836 2324 seu
856 2284 1064 2332 secundum,
1093 2283 1258 2322 inscribi
1285 2283 1428 2322 Edicto
1458 2297 1553 2335 pro-

82 2342 214 2394 posito
243 2341 468 2381 decreverit
495 2341 737 2380 Mauricius:
768 2354 900 2394 neque
929 2341 1034 2380 enim
1062 2340 1162 2379 haec
1190 2340 1312 2380 verba
1343 2340 1394 2379 ad
1424 2340 1554 2379 Theo·

83 2399 240 2438 dosium
278 2398 402 2437 filium
444 2398 653 2438 referenda
694 2399 929 2438 censuerim.
986 2397 1048 2436 An
1084 2397 1208 2449 igitur
1236 2397 1345 2449 quod
1377 2411 1419 2435 ea
1448 2404 1551 2435 tem-

82 2462 236 2508 pestate
264 2469 423 2495 rursum
453 2461 498 2507 ut
529 2455 678 2494 Consul
706 2455 968 2507 processerit,
1008 2468 1099 2493 cum
1129 2468 1213 2494 sese
1243 2454 1435 2493 Consules
1464 2459 1551 2491 tum

82 2512 362 2563 indigstarent,
401 2512 559 2565 quoties
585 2519 631 2550 ut
661 2512 850 2551 Consules
878 2513 920 2551 in
951 2511 1157 2564 publicum
1186 2525 1333 2564 pompa
1373 2509 1551 2557 solemni,

84 2569 312 2622 sparsisque
340 2569 383 2607 in
411 2569 611 2622 populum
639 2569 879 2618 missilibus,
909 2569 1102 2623 ejusmodi
1136 2581 1346 2621 processus
1376 2570 1549 2617 agerent.

85 2625 212 2664 Annis
242 2625 343 2664 enim
374 2626 461 2665 aliis
489 2639 629 2665 revera
661 2626 854 2665 Consules
894 2640 972 2664 non
1001 2626 1344 2673 inscribebantur,
1390 2635 1481 2660 cum
1507 2624 1551 2661 in

85 2682 233 2722 tabulis
269 2681 443 2733 publicis
475 2683 555 2721 acti
592 2683 832 2722 Consulatus
873 2683 1068 2722 duntaxat
1105 2681 1294 2721 memoria
1324 2684 1551 2718 servaretur

86 2745 126 2778 et
153 2738 449 2778 inscriberetur.
508 2740 635 2779 Semel
674 2740 800 2789 enim,
845 2754 918 2778 nec
946 2739 1122 2793 pluries,
1165 2736 1352 2775 Consules
1381 2749 1550 2787 proces-

84 2794 184 2835 sisse
210 2795 498 2847 Imperatores,
539 2810 590 2835 ex
618 2809 700 2850 quo
729 2811 750 2836 a
778 2797 999 2838 Justiniano
1032 2796 1242 2846 ablegatus
1273 2798 1331 2831 est
1363 2792 1551 2831 Consula-

84 2857 173 2903 tus,
201 2864 368 2904 prorsus
391 2851 572 2904 legimus.
