1884 3262
543 193 812 239 cflflomcl
838 196 1144 240 PAscHALIS.
1487 191 1585 245 153

101 306 198 348 538.
225 303 351 343 Paulo
380 303 430 343 ΙΙ.
459 311 499 343 et
527 305 721 344 Varrone.

103 363 199 404 539.
228 360 353 399 Fabio
388 361 564 401 Maximo
595 364 636 401 et
665 362 838 402 Grecho.
1526 371 1661 401 Gracho.

103 418 199 461 540.
228 417 352 456 Fabio
381 418 556 458 Maximo
578 419 630 460 II.
661 425 702 459 et
731 421 933 463 Marcello.
1526 429 1689 458 omittitur.

102 475 200 518 541.
229 474 406 514 Maximo
435 482 478 515 et
497 475 700 516 Graccho.
1529 487 1691 516 omittitur.

101 530 199 575 542.
225 531 402 572 Pulchro
431 539 471 572 et
498 533 658 573 Flacco.
1530 543 1634 572 Flam.

100 586 200 631 543.
233 589 361 628 Galva
391 596 431 629 et
461 591 712 633 centumalo.

70 684 73 692 ,
101 644 199 688 544.
229 646 409 698 Lebyino
440 654 480 687 et
503 648 704 688 Marcello.
897 667 900 671 ·
1533 657 1676 688 laebumo.

102 699 200 745 545.
230 703 354 742 Fabio
385 710 426 743 et
449 705 608 744 Flacco.

101 757 198 802 546.
227 760 418 800 Marcello
448 768 488 801 et
517 762 715 814 Crispino.

102 815 199 858 547.
229 817 388 856 Nerone
418 824 458 857 et
486 819 725 860 Salinatore.

100 870 199 915 548.
229 874 391 913 Metello
423 881 464 915 et
491 877 643 916 Filone.

101 929 199 972 549.
232 931 420 984 Scipione
451 938 491 985 et
518 934 661 972 Crasso
691 933 828 973 divite.

100 983 198 1029 550.
227 988 425 1040 Caethego
455 996 494 1029 et
523 990 734 1030 Tuditano.

100 1040 196 1084 551.
226 1045 424 1097 Caepione
454 1054 494 1086 et
522 1048 705 1087 Servilio.

98 1099 196 1142 552.
226 1103 384 1142 Nerone
415 1110 456 1142 et
486 1105 670 1144 Servilio.

97 1154 194 1199 553.
227 1160 395 1198 Lentulo
425 1168 464 1200 et
493 1163 631 1200 Paeto

99 1211 196 1256 554.
229 1217 355 1256 Galba
384 1217 435 1255 ΙΙ.
467 1226 507 1258 et
530 1219 657 1258 Cotta.

98 1268 195 1313 555.
225 1274 395 1312 Lentulo
426 1282 466 1314 et
494 1276 696 1328 Tappulo.
1534 1291 1665 1329 capulo.

99 1326 197 1370 556.
225 1331 420 1369 Flaminio
451 1339 492 1371 et
521 1333 630 1371 Peto.
1535 1347 1714 1377 Flaminino.

99 1390 196 1434 557.
229 1387 407 1438 Cethego
438 1395 478 1428 et
501 1389 619 1430 Rufo.

99 1447 196 1491 558.
226 1444 456 1498 Porphyrio
489 1452 529 1485 et
557 1446 761 1486 Marcello.
1443 1471 1445 1473 ·
1536 1460 1680 1491 Porflrio.

99 1504 197 1548 559.
226 1502 345 1541 Festo
375 1507 415 1540 et
443 1503 602 1542 Flacco.

98 1561 195 1605 560.
225 1558 416 1611 Scipione
445 1560 636 1599 Africano
669 1566 709 1600 et
737 1562 887 1615 Longo.
1043 1576 1045 1579 ’
1536 1575 1714 1613 cipionet

99 1619 196 1661 561.
230 1616 421 1655 Merrulla
451 1623 491 1656 et
519 1618 681 1657 Hermo.
1536 1632 1680 1661 Men-uua.

59 1663 62 1671 ’
98 1674 198 1718 562.
228 1672 427 1712 Flaminio
458 1681 498 1714 et
527 1674 807 1718 Ahenobarbo.
1535 1677 1786 1741 Flfflffi'ssss’asstm

100 1731 197 1775 563.
227 1729 444 1769 Glabrione
475 1737 514 1771 et
542 1731 699 1774 Nasica.

99 1789 196 1832 564.
228 1787 414 1839 Scipione
444 1795 483 1827 et
510 1789 653 1831 Lellio.

98 1844 194 1889 565.
224 1844 446 1884 Wulscone
475 1852 515 1884 et
543 1846 762 1889 Nobiliore.

99 1901 194 1946 566.
226 1901 450 1940 Salinatore
476 1909 515 1941 et
543 1903 726 1944 Messala.
1537 1885 1624 1958 0011:
1636 1884 1814 1961 &gauzlae

98 1960 195 2003 567.
227 1958 383 2010 Lepido
414 1965 454 1998 et
481 1960 689 2000 Flaminio.
1534 1975 1718 2006 Flaminino.

99 2014 195 2060 568.
228 2015 373 2054 Albino
404 2023 444 2055 et
477 2016 680 2070 Philippo.

99 2074 195 2115 569.
225 2071 400 2112 Pulchro
431 2080 471 2113 et
500 2075 716 2114 Tuditano.

103 2132 201 2173 570.
232 2129 409 2168 Pulchro
434 2131 485 2169 ΙΙ.
518 2137 558 2170 et
587 2132 755 2172 Licinio.

100 2187 197 2229 571.
229 2187 426 2225 Labaeme
456 2193 496 2226 et
525 2188 733 2230 Marcello.

100 2242 195 2286 572.
225 2243 453 2296 Pamphilio
484 2251 524 2283 et
552 2246 688 2284 Paulo.

40 2310 43 2311 ’
100 2302 197 2342 573.
228 2300 402 2352 Cethego
433 2308 472 2340 et
497 2302 738 2354 Pamphilio.

99 2357 197 2400 574.
224 2357 373 2396 Albino
404 2365 445 2397 et
471 2359 627 2400 Pisone.

100 2412 196 2456 575.
223 2415 436 2467 Acindyno
468 2422 507 2454 et
526 2416 685 2457 Flacco.
1538 2435 1695 2466 Acend...

99 2469 197 2514 576.
228 2471 356 2510 Bruto
388 2479 428 2512 et
456 2473 645 2514 Vulsone.

100 2526 199 2569 577.
229 2527 405 2568 Pulchro
434 2535 474 2568 et
504 2529 702 2571 Graccho,
1536 2537 1620 2565 Grac
1621 2537 1671 2566 110

100 2585 198 2627 578.
231 2585 420 2638 Scipione
450 2593 489 2626 et
518 2588 669 2627 Petico.
1533 2574 1713 2647 Peg-{⁰35⁶

101 2641 197 2682 579.
227 2642 379 2694 Lepido
410 2643 457 2685 H.
489 2650 530 2683 et
557 2645 765 2686 Scaebola.
1538 2662 1621 2692 Cabo
1622 2664 1664 2693 la.

102 2697 198 2739 580.
226 2700 354 2737 Albino
383 2708 420 2738 et
449 2705 630 2743 Scaevola.

103 2751 199 2794 581.
234 2755 381 2794 Albino
411 2763 452 2796 et
481 2758 639 2798 Benate.
1534 2767 1703 2796 Benenato.

102 2809 201 2852 582.
230 2811 380 2852 Lenate
408 2819 449 2852 et
477 2814 603 2854 Aelio.
1533 2824 1660 2854 Levate.

105 2865 203 2909 583.
236 2868 378 2909 Crasso
409 2875 451 2910 et
477 2871 627 2924 Longo.
1535 2885 1656 2916 erasse.
