1820 3276
102 443 134 477 V
156 441 226 479 469

252 203 353 255 350
567 173 635 248 f
814 201 1136 251 NOTAE

255 321 409 358 sulatus
438 318 540 356 male
569 317 751 370 rejicitur
779 323 872 370 post
904 315 1321 359 ann.cc1111.Vide
1349 318 1461 356 Joan.
1482 311 1722 355 Bollandum

254 378 298 415 in
333 376 474 414 iisdem
506 375 725 425 prolegom.

373 432 470 482 Pag.
502 435 598 475 502
628 434 697 474 20.
757 426 935 484 Γάλλου]
961 429 1128 469 matiani
1157 412 1267 468 Fasti
1300 435 1339 468 et
1367 435 1482 469 vetus
1512 395 1723 482 Inscriptio

249 489 365 541 >apud
394 488 629 527 Panvinium
658 488 813 527 addunt
841 494 977 527 notam
1006 486 1139 526 iterati
1170 486 1429 525 Consulatus.
1458 487 1506 525 de
1525 500 1606 539 quo
1630 485 1725 539 qui-

256 546 347 585 dem
377 546 596 584 Consulatu
627 545 733 597 Galli
762 551 802 584 et
837 544 1043 584 Volusiani
1083 542 1314 582 consulendi
1353 543 1643 595 papebrochius
1682 543 1725 581 in

256 602 476 656 prolegom.
516 602 567 640 ad
607 602 732 641 vitam
772 603 811 643 S.
839 601 980 641 Isidori
1022 615 1062 639 n.
1089 613 1128 640 v.
1167 600 1309 651 Pagius
1349 599 1391 638 in
1421 597 1644 651 Prolegom.
1674 598 1726 639 ad

259 659 422 698 Dissert.
454 659 604 711 Hypat.
633 672 675 699 11.
707 671 794 698 vm
823 665 865 698 et
894 657 1131 697 Pearsonius
1170 657 1211 694 in
1249 656 1725 709 Annalib.Cyprianici1.

372 716 466 766 Pag.
491 717 588 759 503.
632 719 667 757 1.
737 714 820 756 Καὶ
851 713 1072 768 Μαξίμου]
1120 712 1222 751 Vide
1263 712 1432 752 eundem
1471 713 1727 753 Pearsonium

256 771 336 811 hoc
367 786 484 813 anno.

371 830 466 880 Pag.
497 829 593 872 503.
625 832 665 872 2.
727 830 762 868 Ο
788 823 982 880 Ιουνίωρ]
1031 825 1248 878 Exemplar
1288 825 1512 864 casauboni
1543 821 1727 879 Ιούννωρ

256 886 476 939 praetulit,
507 893 553 925 ut
583 898 704 937 supra
734 885 972 925 monuimus.
1013 883 1135 932 Quod
1165 893 1289 935 porro
1319 883 1386 920 hic
1407 889 1544 921 narrat
1574 884 1729 922 Auctor

219 955 222 960 ’
257 942 447 981 chronici
473 942 524 981 de
554 942 683 981 Morte
716 940 893 994 Philippi
922 941 1021 993 Imp.
1042 939 1206 978 caeteris
1226 940 1498 992 Scliptmibus
1519 945 1728 992 repugnat,

255 999 417 1039 tametsi
453 999 625 1038 invicem
664 998 823 1036 minime
863 998 982 1036 etiam
1022 996 1286 1035 consentiant.
1354 997 1534 1035 Zosimus
1563 997 1729 1049 quippe,

256 1056 462 1095 Gedrenus
494 1063 533 1095 et
562 1057 736 1094 Zonaras
766 1061 980 1106 unumque
1009 1048 1278 1118 Philippum
1266 1068 1308 1091 111
1330 1054 1413 1091 acie
1437 1053 1603 1105 periisse
1626 1053 1729 1091 scri·-

257 1113 379 1163 bunt,
420 1119 460 1152 et
488 1119 702 1164 utrumque
732 1108 910 1149 occisum
950 1109 1198 1163 Capitolinus
1236 1111 1279 1148 in
1311 1110 1534 1150 Gordiano:
1575 1115 1729 1163 patrem

259 1170 464 1218 Veronae,
517 1169 644 1208 filium
681 1178 779 1207 vero
819 1169 968 1206 Romae
998 1178 1019 1205 a
1050 1166 1290 1206 satellitibus
1327 1166 1611 1218 interemptum
1645 1167 1732 1204 Eu—

259 1227 439 1278 tropius,
478 1233 519 1265 et
561 1239 614 1264 ex
653 1238 700 1263 eo
738 1225 933 1263 Eusebius
971 1223 1015 1262 in
1044 1223 1191 1262 Chron.
1222 1223 1348 1262 filium
1379 1223 1551 1275 denique
1581 1224 1731 1262 Romae

261 1284 315 1322 ad
344 1283 483 1322 Castra
514 1281 714 1321 Praetoria
744 1287 915 1332 uterque
954 1281 1115 1331 Victor,
1153 1276 1221 1325 vel
1257 1276 1301 1318 in
1337 1280 1472 1318 Hortis
1507 1279 1732 1318 Tiberianis

260 1338 512 1392 Nicepholus
543 1338 881 1390 Constantinopol.
921 1337 965 1376 in
1003 1336 1194 1376 Chronol.
1230 1337 1329 1375 adeo
1368 1343 1414 1375 ut
1442 1337 1638 1376 incertum
1667 1337 1732 1386 sit,

260 1397 368 1436 unde
398 1410 499 1447 quae
528 1395 608 1434 hoc
638 1396 729 1434 loco
760 1401 896 1434 narrat
925 1396 1111 1464 Scriptor
1137 1393 1346 1443 Chronici,
1375 1393 1571 1434 hauserit.

375 1452 473 1504 Pag.
504 1454 598 1496 503.
627 1453 666 1495 4-
724 1448 1020 1504 Μηρόκλαστος
1049 1444 1226 1502 ἐγενετο]
1278 1447 1324 1489 Id
1355 1451 1562 1490 Gordiano
1587 1449 1733 1489 tribuit
1803 1479 1810 1486 ,

262 1510 459 1562 Georgius
489 1506 711 1549 Monachus
741 1509 783 1547 in
816 1508 1017 1547 Chronico
1047 1504 1127 1547 MS.

378 1570 470 1617 Pag
500 1567 595 1611 508-
634 1569 674 1609 6.
735 1569 841 1615 Ετος
876 1561 942 1618 α’.]
990 1564 1091 1606 Vide
1131 1563 1337 1603 Patavium
1374 1563 1428 1603 ad.
1464 1561 1749 1616 Epiphaniam⁷

260 1636 351 1678 pag
378 1623 477 1731 {2³3ng-
501 1678 595 1723 503.
627 1681 666 1722 8-
725 1678 897 1728 Δεκίου,
928 1677 1022 1730 etc]
1053 1678 1268 1729 perperam
1296 1676 1365 1716 hic
1394 1676 1644 1716 Consulatus
1661 1675 1735 1714 in-

261 1744 398 1777 trusus
429 1737 527 1784 suit,
571 1739 640 1788 qui
670 1735 723 1775 ad
753 1745 901 1774 annum
932 1745 1032 1776 cem.
1067 1734 1213 1775 referri
1242 1734 1403 1785 debuit,
1442 1741 1490 1774 ut
1518 1741 1641 1786 supra
1667 1732 1735 1771 in—

261 1793 471 1900 ῃυὶωιίῑζιξ
501 1849 597 1893 503.
630 1853 670 1893 9.
728 1851 921 1904 Διωγμου
941 1847 1041 1891 κατά
1064 1847 1340 1904 Χριστιανῶν]
1374 1848 1428 1886 De
1452 1846 1736 1886 Pon-secutione

260 1907 584 1947 Christianorum
632 1906 706 1945 sub
749 1907 871 1945 Decio
909 1906 989 1956 egit
1029 1920 1125 1958 prae
1162 1905 1329 1944 caeteris
1374 1910 1466 1957 post
1503 1903 1735 1952 Beronium‚

262 1962 460 2004 Henricus
492 1963 618 2001 Dodw
609 1964 722 2001 ellus
753 1962 796 2000 in
827 1962 991 2001 Dissert.
1022 1962 1262 2016 Cyprianica
1289 1972 1350 2001 xr.
1383 1971 1518 2000 n.1.11.
1553 1966 1593 1999 et
1623 1967 1737 2011 seqq.

380 2021 597 2071 Pag.503.
631 2024 695 2063 10
757 2016 1009 2073 Φλαβιᾱνος,
1041 2020 1135 2073 etc.]
1166 2021 1227 2060 Ex
1250 2012 1422 2058 Eusebio
1451 2017 1521 2058 lib.
1543 2026 1599 2057 vn
1633 2016 1735 2055 Hiot.

263 2076 373 2118 Eccl.
403 2091 490 2130 cap.
519 2086 666 2115 xxxlx.

380 2137 474 2184 Pag
503 2137 597 2177 503
630 2135 697 2175 13.
759 2126 962 2184 Φλάβιος]
997 2130 1152 2184 Φάβιος
1180 2131 1323 2171 Euseb.

380 2193 475 2241 Pag
506 2191 704 2233 503.17.
762 2185 987 2259 Λεόντιος]
1016 2189 1130 2228 Vixit
1159 2189 1229 2228 ille
1259 2188 1331 2227 sub
1351 2186 1506 2226 tuliano
1530 2186 1736 2238 Apostau.

381 2247 599 2297 Pag.503.
632 2247 697 2289 18.
758 2239 889 2295 Οὗτος
910 2240 1076 2295 Δέκιος,
1108 2241 1201 2299 εἴα]
1251 2243 1467 2284 Historiam
1498 2242 1603 2282 hano
1641 2256 1737 2282 nar-

113 2312 146 2348 V
171 2307 242 2349 470
267 2308 332 2343 rat
363 2303 559 2342 Eusebius
588 2303 658 2342 lib.
689 2316 745 2344 v1.
775 2302 876 2341 Hist.
905 2303 1013 2344 Eccl.
1040 2317 1126 2356 cap.
1156 2316 1299 2345 xxxlv.
1345 2301 1415 2340 ubi
1445 2295 1640 2354 Babylam
1663 2307 1738 2338 no-

265 2360 411 2411 minat,
440 2370 562 2412 quam
591 2355 752 2411 quidem
786 2359 913 2398 eidem
943 2359 1064 2398 Decio
1086 2358 1275 2399 adscribit
1294 2358 1604 2410 Chrysostomus
1623 2355 1735 2395 Orat.

266 2417 318 2456 de
347 2417 388 2455 S.
418 2415 591 2468 Babyla‚
635 2416 892 2468 Imperatoris
935 2418 1058 2455 tacito
1099 2416 1274 2456 nomine.
1342 2413 1633 2464 Philostorgius
1664 2407 1736 2454 lib.

267 2487 340 2513 vn.
373 2487 460 2526 cap.
488 2485 578 2511 vm.
609 2472 894 2511 Numerianum
926 2474 1017 2511 Cari
1045 2473 1196 2521 filium,
1224 2473 1291 2511 vel
1319 2471 1483 2510 Decium
1516 2469 1638 2508 fuisse
1668 2468 1737 2519 ait,

267 2543 433 2583 remque
462 2527 600 2582 paullo
631 2542 747 2567 secus
776 2530 923 2580 refert,
953 2535 1000 2569 ut
1030 2535 1070 2569 et
1099 2529 1295 2580 Georgius
1324 2525 1535 2580 syncellus
1567 2538 1609 2579 p.
1640 2528 1737 2569 863.

269 2591 310 2626 et
337 2588 434 2630 386.
464 2585 606 2624 suidas
641 2586 682 2624 in
711 2585 896 2638 Babyla,
940 2592 981 2626 et
1024 2584 1277 2639 Nicephorus
1316 2585 1415 2624 Call.
1455 2583 1524 2623 lib.
1554 2592 1609 2622 vx.
1649 2595 1737 2635 cap.

268 2653 418 2683 xxxm.
473 2642 575 2682 Vide
602 2642 705 2681 infra
735 2642 786 2680 ad
815 2655 903 2681 ann.
931 2655 991 2681 111.
1021 2643 1124 2681 Cari.

387 2699 480 2751 Pag·
510 2700 604 2743 503
634 2702 699 2743 20
759 2696 1027 2752 Χριστιανοὺς
1063 2692 1214 2750 ὄντας]
1271 2697 1470 2736 Eusebius
1503 2692 1736 2749 Philippum

270 2756 425 2809 pariter
453 2757 628 2810 primum
656 2755 834 2794 omnium
865 2768 915 2794 ex
942 2753 1255 2808 imperatoribus
1294 2754 1559 2793 Christianum
1591 2754 1736 2792 suisset

270 2813 423 2864 illoque
447 2827 524 2853 una
555 2825 645 2852 cum
674 2812 755 2851 filio
785 2811 1026 2863 interfecto,
1071 2813 1122 2852 ob
1159 2812 1295 2851 odium
1332 2825 1470 2851 eorum
1499 2810 1664 2851 Decium
1693 2808 1734 2848 in

272 2868 519 2911 Christianos
547 2869 865 2933 persecutionem
892 2870 1063 2910 movisse
1092 2869 1244 2911 scribit.
1301 2868 1534 2922 Anonymus
1564 2866 1736 2907 Valesia-
