1884 3262
587 704 1059 756 EPISTOLA

96 816 542 891 STEPHANI
580 816 956 896 BALUZII
995 819 1556 896 TUTELENSIS

370 955 456 993 AD
502 954 733 995 VIRUM
770 957 1284 996 CLARISSIMUM

155 1053 703 1110 EUSEBIUM
752 1054 1498 1115 RENAUDOTUM

230 1176 295 1211 DE
317 1177 431 1214 VITA
455 1179 522 1214 ΕΤ
543 1180 717 1215 MORTE
744 1178 921 1214 CAROLI
949 1179 1218 1215 DUFRESNII
1241 1181 1420 1221 CANGII.

93 1383 333 1456 Extinctus
362 1416 425 1456 his
454 1418 591 1457 diebus
614 1419 764 1457 amicus
784 1426 918 1458 noster
937 1432 1114 1457 summus
1140 1419 1306 1461 Carolus
1325 1421 1559 1476 Dzffresnius

97 1471 335 1527 cangiusl)
375 1474 416 1512 id
445 1489 466 1512 a
494 1476 610 1514 nobis
640 1476 787 1526 exigit,
822 1474 966 1514 Eusebi
1003 1474 1231 1526 carissime,
1270 1485 1316 1516 ut
1349 1480 1561 1518 amicitiam

94 1536 291 1578 nostram,
325 1544 441 1581 quam
463 1531 496 1568 si
517 1545 610 1571 vera
630 1533 727 1580 fuit,
757 1532 817 1569 uti
837 1537 945 1569 certe
974 1531 1070 1579 suit,
1100 1531 1251 1571 firmam
1271 1540 1310 1572 et
1326 1542 1559 1586 perpetuam

93 1592 298 1638 praestare
328 1587 364 1624 ei
394 1587 623 1637 debuimus,
653 1589 846 1637 integram
879 1600 968 1637 erga
1000 1587 1235 1627 defunctum
1266 1604 1559 1643 conservemus,

96 1648 135 1680 et
162 1642 410 1694 pro'nostra
440 1644 547 1682 virili
580 1644 828 1683 elaboremus
861 1649 908 1681 ut
935 1643 1149 1695 posteritas
1177 1645 1280 1684 scire
1312 1648 1441 1698 possit
1471 1649 1559 1700 quis

95 1698 218 1737 fuerit
246 1698 309 1737 vir
336 1699 404 1738 ille
432 1700 545 1752 cujus
572 1714 680 1739 nunc
710 1701 859 1739 exitum
890 1700 1093 1738 deflemus.
1161 1701 1300 1754 Itaque
1330 1716 1420 1742 cum
1455 1704 1560 1743 iuter

94 1769 170 1793 nos
197 1755 245 1793 de
273 1768 316 1793 ea
343 1770 388 1794 re
418 1757 758 1809 colloqueremur,
798 1763 944 1808 tuque,
980 1762 1027 1794 ut
1056 1758 1227 1808 assoles,
1263 1758 1397 1798 virum
1423 1761 1559 1799 multis

95 1811 282 1850 laudibus
316 1812 546 1862 extulisses,
586 1827 657 1864 ego
690 1827 787 1852 vero
831 1813 1018 1851 dixissem
1049 1813 1271 1853 decrevisse
1305 1830 1368 1854 me
1409 1817 1563 1867 aliquid

97 1868 272 1906 scribere
300 1867 348 1906 de
374 1870 455 1908 vita
489 1869 591 1922 ejus,
625 1869 693 1922 qui
718 1870 830 1908 illum
862 1883 943 1907 non
970 1869 1098 1907 solum
1128 1870 1311 1922 publice,
1347 1878 1394 1911 ut
1426 1873 1562 1912 verbis

96 1931 188 1963 utar
214 1924 352 1975 Plinii,
392 1925 462 1964 sed
494 1926 610 1964 etiam
646 1926 854 1978 privatim,
899 1932 1091 1977 quantum
1119 1927 1366 1977 admirabar,
1406 1935 1560 1968 tantum

99 1981 330 2032 diligebam,
367 1988 413 2019 tu
441 1996 520 2020 non
556 1983 683 2020 solum
717 1983 891 2021 laudasti
927 1983 1136 2021 consilium
1173 1983 1272 2021 illud
1304 1998 1460 2033 meum,
1491 1986 1561 2023 sed

99 2039 215 2075 etiam
242 2036 426 2075 hortatus
454 2052 494 2076 es
523 2045 569 2075 ut
591 2039 633 2076 id
667 2039 956 2090 quamprimum
991 2039 1200 2079 efficerem.
1267 2041 1391 2078 Pareo
1417 2041 1559 2079 lubens

98 2093 315 2133 hortationi
336 2100 441 2132 tuae.
499 2093 607 2132 Haec
625 2108 717 2144 ergo
741 2102 832 2133 sunt
849 2109 951 2146 quae
970 2095 1072 2133 scire
1091 2102 1272 2146 posteros
1287 2097 1394 2135 volo.
1447 2132 1450 2135 .

214 2150 336 2188 Ortus
359 2157 418 2188 est
441 2148 628 2198 Carolus,
657 2151 718 2188 uti
739 2151 965 2189 domesticis
991 2152 1188 2190 memoriis
1215 2159 1462 2204 compertum
1491 2152 1562 2191 ha-

99 2206 261 2254 bemus,
292 2221 342 2245 ex
359 2207 521 2258 antiqua
538 2212 576 2245 et
596 2206 720 2244 nobili
737 2214 850 2257 gente
869 2207 1167 2246 Dufresniorum
1187 2208 1294 2259 apud
1316 2209 1563 2247 Samarobri-

101 2276 192 2302 vam
212 2263 494 2302 Ambianorum
523 2263 776 2301 clarissimam
809 2264 1009 2302 civitatem
1036 2264 1078 2301 in
1098 2264 1305 2316 provincia
1323 2265 1478 2316 Belgica
1498 2279 1562 2304 se-

104 2320 258 2367 cunda3
289 2333 411 2371 eaque
438 2333 531 2370 gens
561 2315 795 2358 clarioribus
822 2319 1046 2371 quibusque
1071 2319 1247 2372 ejusdem
1274 2321 1382 2359 urbis
1412 2335 1457 2359 ac
1479 2322 1562 2360 cir-

105 2377 349 2429 cumpositae
370 2376 542 2427 regionis
562 2376 722 2414 familiis
742 2377 888 2414 inserta
919 2383 977 2415 est
1005 2390 1079 2428 per
1103 2376 1299 2415 connubia
1328 2384 1367 2416 et
1392 2378 1563 2416 affinita-

103 2439 179 2472 tes.
237 2434 323 2471 Non
344 2433 584 2472 immorabor
609 2433 654 2470 in
673 2432 927 2471 recensendis
947 2431 1083 2471 Caroli
1106 2433 1341 2485 majoribus,
1375 2448 1464 2472 cum
1490 2448 1562 2472 ne-

107 2503 183 2540 que
208 2491 485 2540 ‘genealogiam
516 2497 652 2528 texere
679 2490 824 2536 velim,
866 2503 938 2527 nec
964 2490 1058 2526 satis
1093 2490 1162 2528 otii
1196 2490 1294 2527 mihi
1329 2504 1563 2528 concessum

107 2546 159 2583 sit
179 2546 227 2583 ad
250 2547 538 2584 excurrentium
559 2560 631 2598 per
649 2547 875 2583 memoriam
895 2559 1042 2583 eorum.
1100 2546 1182 2583 Illis
1202 2548 1349 2584 virtute
1371 2561 1460 2593 sua,
1492 2546 1563 2583 ab—

108 2602 158 2639 sit
175 2603 298 2640 verbo
321 2603 494 2652 invidia,
525 2603 729 2655 praeluxit
751 2600 938 2652 Carolus5
970 2601 1019 2639 ad
1040 2615 1156 2651 quem
1183 2603 1394 2650 festinans,
1425 2602 1472 2640 de
1492 2616 1562 2653 pa-

107 2664 169 2696 tre
187 2672 313 2710 pauca
342 2659 485 2699 dicam.
544 2659 633 2698 Fuit
660 2659 694 2696 is
722 2657 948 2697 Ludovicus
973 2658 1205 2697 Dufresnius
1233 2657 1441 2709 Toparcha
1469 2658 1561 2696 Fri-

157 2837 198 2882 ¹)
219 2837 359 2872 Charles
380 2837 425 2871 du
441 2837 572 2872 Fresne
588 2837 759 2882 Seigneur
779 2836 825 2870 du
844 2836 973 2881 Gange.

1579 700 1678 737 1³49

1578 746 1611 780 V
1636 746 1681 782 43
