1820 3276
259 207 358 254 398
568 179 571 183 ’
828 207 1152 252 NOTAE

376 317 616 359 Chilmeadius
654 316 764 357 haud
802 318 958 359 felicior
996 319 1111 359 fuit·
1097 334 1140 359 in
1168 320 1304 359 Latina
1334 320 1496 361 Malelae
1527 321 1726 371 versione,

261 377 330 428 qui
360 377 442 414 fere
471 375 521 413 ad
552 375 720 415 verbum
763 376 931 415 eundem
970 377 1102 416 locum
1142 377 1282 426 habet,
1323 391 1441 430 quem
1477 379 1517 416 in
1559 379 1729 418 Chronico

260 433 455 483 legimus,
490 427 656 484 excepta
686 445 787 471 voce
815 434 1039 483 Βαλανίου,
1074 447 1193 485 quam
1221 435 1373 484 omisit,
1403 441 1443 473 et
1468 435 1636 474 verbum
1666 439 1729 475 λε-

260 487 456 543 γόμενον,
493 489 604 539 quod
633 495 725 528 ante
759 492 1031 530 ΤΡΙΛΙΘΟΝ
1053 490 1244 537 inseruit,
1282 505 1370 529 nam
1400 491 1516 530 etiam
1545 492 1646 530 dicit
1676 491 1728 529 de

260 544 488 585 Theodosio
495 544 571 612 ¹),
607 544 793 587 κατέλυσε
834 544 877 586 δὲ
905 545 973 587 καὶ
1001 544 1047 588 vti
1083 545 1202 600 Ἱερον
1238 544 1529 596 Ἡλιουπόλεως
1554 564 1599 590 το
1629 546 1729 618 μέγα

261 603 330 643 καὶ
366 597 605 655 περιβόητον
643 617 688 642 το
718 598 932 656 λεγόμενον
977 605 1263 651 ΤΡΙΛΙΘΟΝ,
1300 603 1369 644 καὶ
1406 604 1593 656 ἐποίησεν
1629 601 1729 644 αὐτὰ

257 655 494 711 Ἐκκλησίαν
525 661 802 712 Χριστιανοῖς,
833 666 905 699 etc.
937 660 1044 712 quod
1076 661 1318 699 Chalmeadius
1345 661 1399 700 ita
1429 662 1567 700 Latine
1596 661 1729 700 reddi-

261 717 341 756 dit·
386 716 478 767 quod
506 728 588 753 vero
615 715 798 767 Heliopoli
824 721 924 767 erat,
959 715 1173 755 Trilithum
1201 722 1386 766 vocatum,
1423 720 1549 768 ingens
1575 717 1667 756 illud
1695 721 1730 755 et

261 774 592 819 celebratissimum5
634 772 814 825 Templum
843 787 975 826 quoque
1003 774 1282 823 Damascenum,
1312 776 1456 826 aliaque
1479 775 1662 827 plurima,
1690 776 1731 812 in

261 831 446 869 Ecclesia-s·
473 842 660 878 conversa,
691 828 904 869 Christum&
931 832 1089 869 donavit.

372 887 428 925 Ut
463 885 692 925 brevissime
730 887 930 926 confutem
971 901 1109 926 omnes
1141 886 1213 926 has
1250 886 1415 926 miseras
1455 887 1662 926 versiones
1691 891 1731 926 et

263 942 579 992 emendationes,
611 943 710 981 sciat
733 944 854 982 modo
881 945 1047 994 Lector,
1075 957 1212 983 veram
1241 943 1549 996 explicationem
1580 956 1732 982 eruen-

263 1001 356 1039 dam
385 1013 469 1039 esse
501 1013 576 1052 ope
604 999 893 1039 hodiernorum
922 1001 1111 1040 itinerum
1140 1000 1407 1054 scriptorum,
1450 1007 1489 1039 et
1516 1001 1560 1039 in
1590 999 1732 1053 primis

262 1057 515 1097 Maundrellii.
575 1057 749 1107 Diligens
785 1057 854 1096 hic
891 1063 931 1096 et
966 1058 1046 1097 fide
1076 1058 1218 1108 dignus
1248 1057 1477 1108 Theologus
1503 1057 1734 1109 magnificas

263 1115 401 1154 ruinas
430 1113 586 1165 Templi
612 1114 839 1163 Balbeciani,
867 1114 952 1153 sive
980 1115 1213 1166 Heliopoleos,
1242 1113 1496 1165 describens,
1526 1113 1733 1166 sequentia

265 1171 544 1210 observatione
573 1170 691 1222 digna
721 1171 849 1210 verba
873 1170 994 1210 habet
1015 1170 1078 1223 ²).

377 1227 621 1278 „Templum
661 1233 719 1266 est
750 1227 990 1279 quadratum
1021 1228 1237 1278 oblongum
1265 1229 1334 1270 32.
1368 1226 1524 1266 cubitos
1555 1222 1733 1293 (yards)

262 1285 401 1333 latum,
431 1290 470 1322 et
497 1283 778 1335 64.10n‹rum‚
807 1298 978 1336 quoium
1012 1287 1076 1327 18.
1107 1283 1409 1349 occupabantur
1435 1297 1508 1336 per
1530 1279 1735 1337 Πρόνοιαν,

263 1341 348 1380 sive
386 1313 686 1389 Vestibulum,t>
701 1340 810 1393 quod
846 1342 927 1393 jam
963 1340 1036 1379 sub
1065 1341 1191 1380 ruinis
1217 1341 1342 1394 jacet,
1382 1353 1474 1379 cum
1513 1340 1736 1389 columnae,

264 1410 368 1450 quae
397 1396 440 1435 id
470 1398 741 1448 sustinebant,
780 1404 923 1450 ruptae
952 1397 1042 1436 sint.
1102 1398 1257 1450 Corpus
1285 1398 1442 1449 templi,
1483 1396 1593 1448 quod
1625 1409 1734 1435 nunc
1789 1402 1792 1410 ⁴

265 1454 468 1503 subsistit,
499 1454 710 1505 magnifica
738 1456 898 1506 porticu
927 1452 1124 1506 cingitur,
1163 1460 1203 1493 et
1230 1453 1396 1493 fulcitur
1426 1453 1623 1493 columnis
1654 1453 1735 1491 Co-

263 1510 428 1551 rinthici
469 1511 640 1562 ordinis,
687 1525 855 1564 quarum
887 1511 1086 1551 Diameter
1105 1509 1147 1564 3)
1179 1517 1239 1551 est
1266 1524 1337 1550 sex
1366 1510 1514 1563 pedum
1544 1516 1585 1549 et
1611 1509 1736 1549 trium

264 1568 482 1622 pollicum,
513 1568 684 1607 altitudo
715 1582 850 1607 earum
881 1575 940 1607 est
970 1569 1131 1607 circiter
1162 1567 1219 1611 45
1249 1567 1417 1620 pedum,
1457 1566 1736 1616 UNAQUAE—

265 1625 372 1674 QUE
413 1625 680 1664 CONSISTIT
719 1626 900 1664 TRIBUS
944 1625 1245 1664 LAPIDIBUS“
1283 1630 1359 1664 etc.
1438 1623 1514 1664 Hic
1548 1625 1736 1663 videmus

262 1695 403 1722 veram
433 1682 650 1731 rationem,
690 1695 763 1722 cur
792 1682 1002 1735 Templum
1044 1696 1065 1720 a
1094 1681 1269 1732 regionis
1296 1680 1439 1720 incolis
1467 1687 1654 1720 vocatum
1686 1680 1739 1719 sit

270 1739 454 1778 Trilitlwn
483 1745 553 1778 aut
582 1742 693 1778 trium
722 1739 893 1792 lapidum.
951 1740 1050 1778 Nam
1090 1752 1182 1777 cum
1212 1743 1294 1777 tam
1323 1738 1633 1777 alteelevatum
1669 1750 1738 1777 es-
1802 1755 1808 1767 ¹

265 1801 348 1845 set,
386 1801 433 1833 ut
469 1796 631 1847 triginta
663 1796 811 1848 gradus
848 1796 1173 1848 requirerentur,
1213 1801 1425 1847 antequam
1451 1795 1558 1834 illud
1585 1794 1739 1834 intrare

264 1857 452 1905 possent,
494 1858 534 1891 et
569 1852 666 1891 foris
694 1853 764 1891 illa
792 1853 999 1905 magnifica
1030 1854 1175 1892 Portica
1204 1852 1380 1890 cinctum
1409 1857 1537 1900 esset,
1575 1853 1739 1904 Specta-

191 1956 196 1959 *
265 1914 375 1949 tores
412 1909 594 1948 cominus
629 1915 669 1948 et
707 1909 861 1948 eminus
900 1916 1053 1949 tantum
1093 1908 1164 1948 has
1195 1908 1384 1961 pulchras
1413 1909 1644 1955 columnas,
1683 1920 1738 1947 ex

265 1967 383 2004 tribus
422 1966 601 2017 lapidibus
645 1972 891 2016 constantes,
930 1966 1133 2005 videbant.
1204 1966 1253 2003 Et
1291 1964 1393 2004 nihil
1429 1971 1595 2018 praeter,
1627 1963 1738 2003 hunc

267 2023 545 2061 columnarum
584 2023 768 2061 ordinem
805 2023 889 2062 sive
929 2023 1110 2062 Particum
1151 2021 1272 2075 hujus
1314 2022 1456 2075 templi
1482 2021 1666 2061 videmus
1693 2021 1740 2059 in

267 2079 602 2130 Numismatibus,
640 2093 744 2132 quae
777 2080 892 2119 nobis
920 2080 1058 2119 lateris
1087 2085 1242 2118 tantum
1272 2085 1476 2132 aspectum
1506 2077 1738 2117 ostendunt.

381 2135 486 2176 Hinc
514 2150 609 2188 ergo
638 2143 815 2184 tantum,
846 2144 885 2176 et
911 2150 996 2176 non
1025 2151 1048 2175 a
1079 2135 1368 2188 compositione
1396 2135 1520 2175 totius
1548 2134 1739 2184 Fabam,

268 2200 307 2233 et
351 2193 535 2232 omnibus
572 2192 754 2246 partibus
794 2193 971 2247 Templi,
1018 2193 1161 2233 Graeci
1189 2206 1334 2233 nomen
1367 2193 1645 2234 ΤΡΙΛΙΘΟΝ
1666 2190 1739 2235 ἆο-

317 2361 370 2406 1)
415 2361 508 2396 Hist.
532 2362 609 2397 Lib.
634 2362 732 2398 xm.
755 2363 797 2399 P.
804 2375 806 2380 ’
822 2364 878 2400 11.
901 2365 960 2400 89.

314 2419 365 2463 2)
411 2419 565 2465 Journey
587 2420 675 2455 from
697 2420 830 2466 Aleppo
855 2425 891 2455 to
914 2420 1116 2464 Jerusalem,
1138 2431 1176 2466 p.
1201 2421 1280 2457 186.
1301 2421 1336 2456 2.
1361 2418 1457 2453 Edit·
1481 2420 1579 2454 Anno
1601 2419 1705 2455 1721-

313 2477 365 2522 8)
413 2476 640 2530 Perspicuum
666 2479 723 2510 est
751 2478 932 2512 Auctorem
965 2478 1056 2524 loqui
1082 2478 1125 2512 de
1149 2477 1281 2512 ambitu
1302 2482 1340 2511 et
1361 2487 1427 2510 non
1457 2476 1502 2510 de
1525 2475 1739 2511 Geometrtoo

359 2523 559 2563 Diametrm
582 2521 661 2567 qui
694 2535 769 2558 cum
792 2524 1016 2569 proportione
1038 2524 1084 2559 ad
1109 2524 1276 2560 ambitum
1298 2521 1345 2556 sit
1366 2520 1506 2557 circiter
1527 2527 1567 2557 ut
1590 2524 1609 2559 1
1635 2522 1679 2557 ad
1701 2524 1738 2564 8,

364 2569 427 2604 has
451 2568 622 2603 columnas
646 2569 868 2615 prodigiosae
893 2570 1063 2605 crassitiei
1086 2571 1239 2612 faceret,
1272 2568 1345 2602 scil.
1372 2567 1449 2612 plus
1473 2579 1572 2613 quam
1597 2567 1739 2605 οοιιᾱε-

363 2615 429 2649 cim
453 2615 588 2660 pedum,
612 2619 734 2648 contra
758 2626 872 2649 omnes
896 2616 1044 2660 regulas,
1069 2620 1105 2649 et
1126 2615 1235 2660 ipsam
1257 2612 1500 2658 longitudinem
1518 2614 1619 2658 hujus
1634 2613 1740 2649 Tem-

364 2661 434 2716 pli,
458 2661 672 2705 designatam
697 2661 739 2694 ab
759 2662 932 2702 Auctore,
967 2672 1040 2695 cum
1062 2661 1328 2695 intercolumniis
1351 2664 1410 2693 aut
1433 2659 1598 2693 distantia
1624 2671 1740 2694 earum
1763 2690 1766 2695 1

363 2711 454 2743 inter
477 2718 524 2740 se.
574 2706 622 2740 Et
644 2711 755 2740 tamen
779 2707 897 2741 eadem
922 2706 1142 2742 hallucinatio
1166 2705 1483 2740 animadvertitur·
1474 2717 1508 2739 m
1533 2705 1740 2760 descriptio-

364 2765 409 2788 ne
434 2753 488 2786 La
514 2752 658 2796 Requh‘,
690 2752 773 2786 licet
804 2764 876 2786 cum
909 2752 1140 2786 ostentatione
1163 2751 1314 2797 propriis
1339 2751 1598 2786 Architectura-2
1621 2751 1738 2785 verbis

364 2799 666 2840 utatur3‘1'outes
697 2810 751 2832 ces
782 2799 948 2831 colomnes
981 2799 1168 2838 ensemble,
1201 2798 1284 2832 dont
1317 2798 1353 2831 la
1376 2798 1528 2832 hauteur
1550 2802 1601 2832 est
1623 2797 1667 2831 dc
1693 2797 1740 2832 52

390 2845 481 2925 ieiis,
471 2850 566 2926 Egit‘
579 2845 612 2880 le
644 2844 812 2881 diametro
835 2845 878 2880 de
901 2844 971 2886 sir,
1003 2849 1071 2879 etc.
1118 2843 1260 2890 Voyage
1283 2843 1327 2878 de
1350 2843 1454 2891 Syrie
1476 2843 1523 2878 Τ.
1546 2843 1574 2881 1.
1598 2855 1634 2890 p.
1661 2843 1739 2878 109.

403 2903 421 2926 ο
