1820 3276
280 190 382 238 410
843 194 1164 237 NOTAE

278 302 355 341 niis
392 315 463 341 seu
502 301 885 354 supplicationibus,
931 317 1052 343 curru
1091 303 1182 344 vehi
1219 303 1426 351 solerent,
1476 311 1524 344 ut
1554 304 1741 358 pluribus

279 359 486 398 docuimus
518 359 559 397 in
591 359 764 412 Discept.
792 359 843 397 de
870 360 1246 402 Hebdomo.n.1v.

392 416 610 466 Pag·573-
643 420 679 458 1.
742 414 918 469 Οὖρσον]
943 418 1064 470 Cujus
1084 417 1231 457 mentio
1250 416 1291 455 in
1312 417 1404 467 Leg.
1422 431 1450 456 1.
1474 417 1572 456 cod.
1585 417 1739 457 Theod.

275 472 326 511 de
354 472 502 512 Decur.
533 478 571 511 et
601 473 739 511 Silent.
774 474 863 524 Leg.
897 488 1042 516 chxx.
1083 475 1132 514 de
1174 473 1384 513 Decurion.
1413 479 1454 512 et
1494 475 1583 526 Leg.
1611 489 1660 515 11.
1690 473 1741 514 de

274 528 491 569 Frumento
521 529 617 570 Urb.
648 530 989 583 Constantinopol.

127 587 158 621 P
179 585 249 624 573
389 588 483 635 Pag.
515 585 609 628 573.
639 585 677 626 4.
738 582 1026 640 Αὕρηλιανοῦ]
1056 586 1163 625 Idem
1194 586 1264 638 qui
1293 598 1381 624 cum
1402 585 1624 625 Stilichone
1650 586 1741 626 Cos.

272 641 373 690 fuit,
408 641 549 693 bisque
578 643 805 681 Praefectus
831 644 1057 694 Praetorio,
1089 650 1136 681 ut
1155 641 1222 681 hic
1240 642 1468 691 indicatur,
1499 656 1546 681 ac
1565 642 1739 695 primum

272 711 376 737 anno
407 711 516 738 cccc.
545 712 596 739 ex
625 699 728 750 Lege
755 712 812 740 1v.
843 700 941 741 Cod.
971 699 1124 738 Theod.
1164 698 1215 738 de
1252 698 1377 749 Legit.
1419 698 1586 740 Haered.
1619 704 1658 738 et
1687 711 1739 738 ex

271 755 361 805 Leg.
391 768 422 793 1.
479 755 594 794 Unde
623 755 763 794 liberi=
805 756 947 796 deinde
975 756 1055 795 hoc
1085 769 1190 794 anno
1223 768 1381 794 ccccxv.
1440 755 1521 793 Sed
1550 761 1590 796 et
1618 756 1738 794 tertio

268 810 566 851 Praefecturam
605 812 809 852 Praetorio
849 814 1014 864 gessisse
1054 810 1207 851 indicat
1246 812 1497 864 Epigramma
1525 825 1631 851 ινιτ.
1669 811 1739 852 lib.

269 867 526 908 1v.Anthol.
568 882 739 920 cap.1v.
784 869 902 911 ·Vide
941 870 1249 921 Philostorgium
1289 869 1357 909 lib.
1389 882 1444 910 lx.
1484 881 1661 922 cap.v1.
1699 874 1739 908 et

269 924 427 977 Synesii
457 925 667 977 Epistolas.

388 984 481 1031 Pag
514 983 607 1023 573
639 984 678 1023 9
738 984 967 1035 Πορφυροῦ
998 981 1161 1034 κίονος]
1208 980 1738 1034 Constantinopol.Ch1-ist.

270 1035 342 1077 lib.
371 1051 400 1076 1.
430 1044 526 1077 sect.
556 1051 676 1078 xxm.
706 1051 744 1079 n.
775 1052 818 1076 vt

389 1096 480 1144 Pag.
514 1094 609 1136 574.
644 1098 680 1136 1.
737 1091 830 1135 Από
847 1092 1095 1147 Ηρακλείας]
1123 1094 1179 1132 Eo
1209 1107 1344 1133 mense
1363 1093 1580 1134 Heracleae
1613 1094 1737 1145 egisse

271 1147 543 1189 Theodosium
582 1157 754 1190 testatur
792 1150 909 1189 etiam
946 1151 1031 1190 Lex
1058 1164 1117 1190 XI.
1157 1150 1254 1189 Cod.
1293 1149 1443 1190 Theod.
1485 1151 1536 1191 de
1580 1151 1738 1204 Indulg.
1768 1179 1777 1183 -

269 1204 393 1247 debit.

120 1268 151 1301 V
175 1264 246 1304 504
384 1262 482 1312 Pag.
509 1261 606 1305 574.
635 1266 676 1306 6.
737 1261 1071 1314 Κωνσταντίνου]
1102 1260 1208 1301 Fasti
1227 1261 1431 1312 Vossiani,
1459 1261 1528 1303 καὶ
1546 1259 1738 1304 Κώσταν-

266 1333 346 1367 τος.
405 1318 484 1360 Sed
512 1319 586 1369 leg.
618 1333 670 1358 ex
697 1319 828 1358 Fastis
860 1320 1063 1368 omnibus,
1095 1319 1393 1359 Κωνσταντίου.

383 1375 480 1426 Pag·
512 1375 607 1418 574.
637 1380 676 1418 7.
720 1374 938 1429 ΓΣεισμὸς]
968 1375 1168 1426 Insignem
1189 1382 1321 1414 terrae
1342 1380 1495 1414 motum
1516 1389 1620 1414 anno
1642 1382 1739 1428 poet

267 1431 435 1483 eclipsin
460 1432 591 1480 Solis,
622 1446 725 1484 quae
755 1447 861 1471 anno
890 1447 930 1471 x.
961 1431 1175 1471 Theodosii
1214 1432 1303 1470 Jun.
1335 1431 1502 1481 accidit,
1544 1432 1740 1472 adscribit

266 1487 557 1539 Philostorgius
585 1489 655 1527 lib.
686 1503 760 1529 x11.
791 1503 879 1541 cap.
911 1503 995 1527 vm.
1026 1489 1198 1542 proinde
1231 1502 1333 1527 anno
1361 1502 1421 1528 Χῖ.
1453 1488 1631 1541 ejusdem
1658 1492 1739 1531 Au-

265 1545 397 1596 gusti,
428 1545 615 1584 Monaxio
646 1552 685 1585 et
715 1545 875 1585 Plintha
905 1546 1014 1586 Coss.
1053 1559 1132 1597 quo
1164 1545 1282 1585 etiam
1322 1545 1466 1584 multas
1495 1545 1739 1585 Palaestinae

266 1601 447 1640 civitates
480 1609 607 1641 terrae
638 1609 749 1642 motu
789 1604 985 1655 collapsas
1019 1602 1160 1642 scribit
1188 1602 1444 1641 Marcellinus
1477 1601 1638 1650 Comes,
1669 1602 1737 1642 cui

267 1659 493 1698 consentire
530 1659 692 1698 videtur
727 1659 898 1698 Idatius:
937 1660 1011 1698 His
1042 1659 1137 1699 Coss.
1167 1659 1326 1698 Sanctus
1354 1659 1505 1699 Ioannes
1529 1659 1739 1710 Hierosoly-

265 1729 400 1754 morum
429 1716 632 1767 Episcopus
645 1747 657 1765 ,
697 1719 760 1767 qui
785 1730 915 1769 supra,
950 1716 1155 1767 Epistolam
1179 1717 1309 1766 dirigit
1339 1729 1405 1766 per
1424 1715 1612 1754 Ecclesias
1645 1717 1739 1754 orbis

267 1775 464 1822 terrarum,
507 1786 597 1823 quae
629 1774 778 1812 habetur
806 1774 849 1812 cle
879 1775 995 1823 signis
1028 1774 1284 1824 terroribusque
1315 1772 1488 1811 divinitus
1510 1775 1737 1824 perpetratis.

263 1827 342 1866 Ubi
371 1842 446 1880 per
474 1833 642 1878 terrores,
672 1836 804 1869 terrae
834 1836 966 1870 motus
996 1829 1109 1868 innui
1139 1829 1258 1868 docet
1287 1827 1563 1880 Chrysostomi
1590 1829 1739 1867 Homi-

263 1884 319 1924 lia
348 1885 403 1932 εἰς
432 1883 529 1933 τούς
561 1882 739 1938 φόβους,
778 1886 884 1925 edita
915 1901 936 1924 a
965 1886 1222 1935 combefisio,
1258 1890 1305 1924 ut
1342 1885 1448 1924 infra
1479 1885 1736 1924 observamus
1816 1884 1820 1889 “

265 1941 316 1979 ad
345 1954 435 1993 pag.
467 1945 563 1984 317.
620 1944 742 1982 Extat
770 1943 811 1981 in
843 1941 1091 1993 Euchologio
1122 1917 1246 1981 Goaii
1273 1955 1362 1994 pag.
1390 1944 1487 1984 786.
1514 1957 1653 1982 κανων
1678 1943 1737 1990 εἰς

265 1994 398 2049 φόβον
439 2001 618 2065 σεισμοῦ.
675 1998 925 2067 Nicephorus
966 2000 1164 2050 Gregoras
1203 1998 1272 2037 lib.
1309 2011 1352 2037 11.
1398 1997 1498 2038 Hist.
1543 2012 1631 2052 cap.
1660 2012 1735 2039 vn.

265 2051 415 2121 ὥσπερ
425 2050 500 2107 γάρ
528 2055 630 2095 εἰσιν
657 2051 834 2123 οὐράνια
873 2053 947 2108 μὲν
986 2056 1152 2108 δείματα
1183 2050 1342 2095 θεόθεν
1378 2058 1462 2102 τοῖς
1497 2050 1736 2108 ἀνθρώποις

265 2106 520 2161 ἐπισειόμενοι
540 2107 754 2160 πολλάκις,
793 2111 1005 2180 κεραυνοὶ,
1036 2111 1104 2154 καὶ
1124 2113 1371 2180 πρηστῆρες,
1402 2110 1471 2152 καὶ
1489 2110 1619 2151 ’ὑετῶν
1634 2115 1734 2164 πλῆ-

264 2171 363 2216 θος,
394 2167 547 2221 ἐπίγεια
569 2166 613 2208 δὲ
632 2168 806 2221 σεισμοι,
836 2169 906 2212 καὶ
927 2164 1110 2222 ῥήγματα
1130 2171 1226 2223 γῆς,
1258 2164 1371 2220 οἶέρια
1395 2165 1439 2208 δὲ
1457 2170 1642 2217 τυφῶνες
1663 2167 1752 2220 καὶ,

263 2224 475 2273 tati-amq,
505 2231 582 2269 etc.
639 2225 744 2264 Vide
774 2232 912 2265 notata
937 2225 989 2264 ad
1018 2239 1105 2278 pag.
1136 2228 1231 2267 310.
1290 2224 1342 2264 At
1375 2237 1466 2264 cum
1494 2224 1601 2263 idem
1623 2225 1734 2264 Mar-

263 2279 432 2318 cellinus
455 2310 466 2329 ‚
517 2281 656 2319 eodem
698 2296 803 2321 anno
841 2296 923 2335 quo
969 2283 1123 2321 Auctor
1153 2280 1339 2320 chronici
1362 2312 1374 2330 ,
1411 2281 1574 2320 alterius
1603 2287 1734 2321 terrae

261 2342 396 2374 motus
418 2337 662 2387 meminerit,
693 2353 773 2390 quo
797 2340 951 2391 Cybera
970 2339 1086 2378 Asiae
1109 2338 1274 2383 civitas,
1309 2337 1591 2389 aliquantaque
1611 2351 1734 2390 prae-

260 2392 326 2431 dia
356 2391 536 2432 demersa
567 2401 682 2443 sunt,
730 2395 781 2434 de
809 2397 886 2435 isto
923 2396 1089 2435 videtur
1125 2394 1409 2445 intelligendus
1445 2394 1552 2433 idem
1582 2394 1733 2434 Auctor

261 2448 465 2488 Chronici.
524 2449 697 2489 Alterius
728 2458 858 2492 terrae
891 2459 1023 2491 motus
1063 2452 1138 2492 sub
1178 2451 1316 2490 eodem
1345 2451 1520 2501 Augusto
1551 2451 1752 2489 mentio-x

258 2519 351 2544 nem
374 2512 497 2557 agunt
525 2506 687 2545 Menace
716 2522 830 2547 xxw.
856 2509 1060 2548 Decembr.
1118 2510 1217 2547 Prae
1247 2506 1410 2546 caeteris
1439 2512 1572 2546 autem
1599 2513 1732 2546 terrae

256 2562 434 2602 motibus
464 2562 536 2614 qui
566 2562 792 2603 Theodosio
820 2565 983 2604 Juniore
1001 2567 1220 2618 imperante
1235 2563 1439 2612 accidere,
1468 2562 1538 2602 ille
1555 2563 1730 2603 maxime

256 2618 422 2670 insignis
452 2618 643 2668 habetur,
675 2620 743 2672 qui
775 2634 878 2659 anno
909 2622 1021 2660 illius
1049 2636 1147 2660 xxx.
1182 2626 1354 2672 quatuor
1376 2619 1568 2659 mensium
1599 2620 1730 2672 spatio

224 2720 228 2721 ⁷
257 2675 398 2715 urbem
428 2676 658 2726 concussit,
689 2676 758 2728 qui
787 2677 821 2715 is
852 2678 1016 2716 videtur
1046 2678 1115 2728 qm·
1143 2689 1296 2727 magnus
1315 2676 1540 2728 appellatur
1561 2691 1582 2714 a
1605 2677 1728 2716 Geor-

257 2731 324 2782 gio
356 2732 604 2785 Pachymere
630 2732 699 2773 lib.
728 2747 784 2774 nt.
817 2747 900 2786 cap.
932 2747 1001 2773 xv.
1043 2734 1094 2773 de
1133 2746 1215 2785 quo
1256 2731 1543 2785 Theophanes,
1573 2733 1728 2773 Cedre-

256 2801 355 2838 nus,
386 2795 425 2829 et
452 2789 531 2831 alii.

1816 2941 1820 2957 ,.
1818 2926 1820 2930 .
1818 2910 1820 2916 .
1816 2882 1820 2900 -.
1815 2847 1820 2873 ..-
1815 2778 1820 2838 ..ῳ
1812 2386 1820 2767 mm—.=——-—=-——.
1816 2282 1820 2371 -.-..-.-
1817 2257 1820 2270 μ
1818 2191 1820 2198 ,
