1884 3262
581 202 850 248 CHRONIGI
882 200 1188 246 PASCHALIS.
1517 196 1621 244 223

151 315 282 370 Moysi
319 330 340 354 a
379 313 635 368 serpentibus
672 314 917 354 sanabantur
955 329 977 352 a
1004 312 1168 353 venenis
1207 307 1405 351 intuendo
1434 322 1623 361 magnum

152 377 463 414 Sacramentum.
523 371 632 419 Quid
661 377 720 411 est
748 371 941 410 intuendo
971 370 1103 410 sanari
1135 384 1156 407 a
1187 373 1369 420 serpente
1386 395 1398 416 ,
1429 366 1506 405 nisi
1525 380 1625 405 cre-

151 430 284 482 dendo
313 430 356 469 in
387 435 592 469 mortuum
623 427 845 476 Christum,
893 428 1025 466 sanari
1059 442 1081 466 a
1110 432 1239 465 morte
1268 430 1548 477 peccatorum,
1576 427 1625 461 ut

151 488 390 527 liberaretur
417 486 593 539 populus
623 485 672 524 ab
693 485 878 538 Aegypto
908 498 982 537 per
1011 485 1166 535 virgam
1196 484 1236 520 in
1267 488 1485 534 sexpentem
1517 494 1626 519 con-

152 558 309 584 versam
340 550 380 583 et
421 556 566 595 agnum
604 542 647 580 in
681 541 835 581 Pascha
866 542 1065 591 occisum,
1107 540 1186 579 hoc
1221 545 1302 588 est,
1346 537 1553 576 Christum
1580 536 1626 575 in

152 608 334 642 mortem.
391 601 452 640 Ita
488 599 684 645 liberatur
721 605 851 645 totum
887 598 1107 637 humanum
1144 609 1267 649 genus
1296 611 1318 633 a
1347 594 1498 638 Pascha
1527 595 1628 634 Pas-

152 658 298 706 sionis3
329 657 399 710 qui
427 663 487 695 est
516 670 638 696 verus
667 669 828 709 serpens
857 655 1043 694 occidens
1073 660 1297 706 serpentem
1327 652 1556 702 diabolum,
1585 656 1627 690 et

150 715 349 754 devorans
394 714 527 765 virgas
567 726 774 764 magorum
817 719 858 751 et
894 711 1228 765 philosophorum
1270 715 1309 748 et
1347 709 1625 747 ministrorum

150 772 314 811 diaboli.
373 771 483 819 Quid
513 777 647 809 autem
676 783 871 809 conversa
898 769 1011 820 virga
1040 769 1083 807 in
1113 773 1362 820 serpentem,
1392 772 1432 805 et
1460 765 1625 818 praeci-

150 829 288 882 piente
326 828 408 866 Deo
454 841 539 866 eam
578 833 735 876 tenere,
785 826 951 878 expavit
987 826 1146 877 Moyses
1184 830 1224 862 et
1263 823 1384 873 fugit3
1435 822 1626 873 quoniam

148 884 415 926 mortificatus
456 889 516 923 est
554 883 736 923 Christus
757 913 769 933 ,
819 889 1072 935 expaverunt
1119 888 1160 920 et
1198 881 1388 931 fugerunt
1425 879 1624 932 discipuli.

148 943 327 982 Caudam
357 939 637 994 adprehende,
666 939 892 993 posteriora
922 938 1199 992 adprehende,
1241 944 1280 977 et
1308 942 1356 975 ut
1383 936 1511 987 illud,
1541 951 1625 989 po-

145 1000 319 1041 sterion
348 1011 434 1038 mea
464 997 633 1038 videbis.
690 998 824 1040 Primo
853 997 986 1036 factus
1019 1003 1079 1036 est
1107 995 1291 1035 Christus
1322 1007 1502 1047 serpens.
1543 992 1625 1032 Sed

147 1057 278 1097 ‚cauda
307 1061 463 1096 retenta
491 1055 598 1094 facta
627 1060 688 1094 est
717 1055 842 1106 virga.
899 1054 1032 1093 Primo
1070 1055 1227 1093 occisus
1265 1057 1346 1100 est,
1380 1058 1523 1104 postea
1550 1064 1622 1096 re-

147 1116 336 1155 surrexit.
394 1113 531 1152 Gauda
567 1118 745 1161 retenta,
782 1111 893 1150 visus
926 1117 987 1151 est
1018 1109 1202 1163 Cephae,
1245 1107 1390 1148 deinde
1418 1109 1532 1147 visus
1561 1113 1622 1146 est

144 1184 204 1211 Χῖ.
262 1172 312 1211 Et
338 1169 419 1222 jam
448 1169 491 1208 in
521 1169 650 1209 cauda
687 1168 935 1220 significatur
971 1168 1170 1220 serpentis
1194 1167 1286 1206 finis
1315 1166 1484 1216 saeculi,
1524 1165 1621 1217 quia

143 1228 369 1268 mortalitas
407 1227 563 1278 generis
600 1225 768 1264 humani
804 1225 982 1264 ambulat
1017 1239 1091 1277 per
1123 1231 1296 1264 mortem
1325 1223 1487 1262 diabolo
1516 1223 1621 1261 inla-

143 1291 245 1335 tam3
288 1284 359 1325 sed
399 1284 442 1322 in
479 1284 557 1324 fine
595 1283 765 1332 saeculi,
815 1283 918 1321 sicut
947 1297 969 1321 a
1002 1281 1129 1321 cauda
1166 1281 1346 1321 redimus
1374 1281 1427 1319 ad
1458 1294 1621 1319 manum

143 1341 239 1391 Dei,
292 1348 332 1382 et
375 1340 574 1381 efficimur
613 1340 832 1378 stabilitum
872 1353 1039 1391 regnum
1074 1339 1158 1378 Dei.
1226 1339 1318 1377 Post
1356 1337 1459 1388 haec
1488 1344 1622 1376 autem
1676 1372 1681 1376 ,

142 1398 277 1438 omnia
317 1398 492 1438 breviter
530 1398 741 1446 dicamus,
791 1397 904 1448 quod
943 1410 1147 1448 nunquam
1183 1397 1334 1434 factum
1373 1400 1434 1434 est
1467 1394 1622 1433 Pascha

142 1456 253 1508 apud
279 1455 452 1497 ‚ludaeos
482 1448 572 1493 ante
595 1468 672 1494 111.
702 1453 791 1492 Kal.
824 1453 1000 1505 Aprilis3
1052 1453 1147 1504 quis
1183 1453 1281 1491 luna
1316 1457 1426 1490 natas
1447 1451 1492 1489 iu
1529 1465 1623 1491 v111.

140 1512 238 1554 Idus
267 1512 420 1561 Martii,
453 1525 561 1550 xnu.
592 1517 654 1551 est
681 1510 724 1550 in
751 1525 826 1550 ΧΠ.
854 1511 944 1551 Kal.
974 1510 1136 1562 Aprilis.
1175 1509 1357 1548 Observa
1376 1508 1502 1559 igitur
1524 1522 1624 1548 cur-

141 1583 232 1611 sum
268 1569 451 1610 lunarem
486 1569 607 1622 juxta
644 1567 823 1620 regulam
862 1567 1110 1606 Graecorum
1157 1580 1270 1606 more
1314 1566 1623 1617 Aegyptiorum,

142 1633 183 1666 et
218 1640 301 1667 non
339 1625 555 1667 secundum
595 1631 780 1677 epactas,
823 1624 867 1663 id
895 1631 975 1675 est,
1013 1624 1260 1677 adjectiones
1295 1623 1477 1661 lunares:
1528 1623 1624 1674 quia

141 1683 198 1725 ibi
235 1684 471 1736 pervenitur
509 1698 533 1722 a
568 1695 646 1721 1111.
686 1682 784 1720 luna
821 1681 871 1720 ad
912 1695 998 1720 xvx.
1042 1680 1111 1720 hic
1145 1687 1280 1720 autem
1317 1679 1368 1718 ad
1406 1693 1477 1720 xv.
1504 1679 1625 1733 juxta

144 1741 473 1794 compositionem
510 1739 664 1791 Josepi,
714 1738 783 1791 qui
820 1738 975 1791 primus
1018 1737 1236 1777 conscribit
1273 1736 1469 1776 circulum
1508 1751 1550 1778 x.
1585 1743 1626 1776 et

143 1811 235 1839 vlu.
262 1811 481 1847 annorum,
515 1796 740 1846 Athanasii,
771 1795 1008 1848 Theophili,
1039 1795 1204 1848 Cyrilli,
1233 1792 1505 1846 *Diony-viique
1525 1793 1626 1832 En·-

142 1857 233 1905 gui,
273 1867 401 1906 usque
430 1855 524 1893 dum
554 1853 718 1906 scripsit
746 1852 951 1892 Victorius
990 1853 1133 1892 Hilarii
1170 1853 1302 1905 Papae
1328 1850 1440 1890 urbis
1471 1852 1627 1890 Romae

142 1911 347 1964 Episcopi.
406 1912 522 1951 Tunc
558 1915 817 1951 cessaverunt
856 1910 1120 1950 Alexandrini
1159 1910 1431 1964 disputatores
1470 1914 1509 1948 et
1536 1907 1623 1947 An-

142 1968 295 2010 tioceni
324 1969 500 2009 circulos
527 1975 622 2022 post
650 1968 752 2007 alios
780 1967 1048 2009 conscribere.
1071 1974 1073 1977 “

221 2137 234 2152 ⁸
268 2138 375 2179 Forte
396 2143 453 2179 est
475 2138 656 2184 glossema.
