1884 3262
327 247 391 292 70
804 234 990 276 BALUZ
1012 232 1053 275 Π
1086 231 1365 274 EPISTOLA

328 369 416 394 rum
433 353 579 393 firmae.
637 351 737 389 Nam
757 362 850 388 mox
867 348 1028 397 bellum,
1058 353 1097 386 et
1114 346 1216 385 illud
1238 344 1398 397 quidem
1416 357 1576 383 saevum
1596 348 1635 382 et
1658 349 1787 391 atrox,

328 425 415 450 xw.
448 410 534 448 Kal.
568 406 788 459 Septembr.
845 404 1049 446 Intellexit
1077 403 1142 442 vir
1166 402 1344 455 prudens
1373 402 1577 439 imminere
1597 399 1671 438 sibi
1690 401 1791 437 fata-

331 468 410 506 lem
433 479 480 503 ac
507 477 735 515 supremum
764 462 878 501 diem.
933 461 1070 511 Itaque
1096 458 1306 498 transactis
1331 458 1436 497 inter
1457 469 1595 496 manus
1614 455 1793 494 medico-

333 537 424 562 rum
445 521 598 571 aliquot
628 519 767 558 diebus
796 531 887 556 cum
913 516 1073 555 summis
1102 515 1330 564 doloribus,
1360 527 1599 565 quamquam
1619 511 1795 550 nondum
1825 502 1834 514 ⁸

334 580 587 629 desperatus,
621 575 802 614 accersiri
822 574 1067 613 sacerdotem
1094 572 1233 625 jussit,
1265 571 1379 621 eique
1406 584 1477 608 sua
1498 575 1662 622 peccata
1688 572 1801 606 erro-‘

334 647 477 685 resque
500 645 594 670 suos
622 632 778 683 placide
806 631 1016 681 sedateque
1043 628 1269 676 consessus,
1300 640 1411 664 sacra
1443 640 1484 665 se
1510 624 1698 679 Corporis
1721 624 1798 660 Do-

334 690 431 728 mini
463 688 588 727 nostri
615 687 704 727 Jesu
735 686 879 727 Christi
906 685 1182 724 communione
1211 683 1357 722 muniri
1384 682 1614 735 postulavit.
1678 678 1799 727 Quod

336 748 371 785 ei
403 746 536 783 datum
570 758 629 782 111.
658 744 748 782 Kal.
776 743 976 781 Octobris.
1035 742 1280 779 Gravescere
1305 739 1467 777 interim
1487 736 1672 776 valetudo
1695 732 1800 790 ejus3

338 809 377 841 et
395 801 612 840 inordinati
644 799 802 852 quidam
827 798 1062 849 horridique
1088 797 1237 847 rigores
1258 795 1408 834 indicio
1438 795 1550 833 fuere
1577 793 1802 832 abscessum

340 858 484 897 alicubi
500 857 642 904 latere,
673 856 743 908 qui
769 868 864 893 mox
894 854 1167 907 deprehensus
1193 857 1251 891 est
1271 851 1310 889 in
1335 851 1496 901 regione
1521 862 1673 888 renum.
1730 847 1804 885 His

341 914 507 953 accessit
538 909 660 952 febris
689 911 878 951 continua
908 910 1062 962 duplici
1098 908 1286 948 tertianae
1316 906 1682 946 vehementissimae
1706 916 1805 942 con-

339 972 499 1023 juncta,
538 975 577 1008 et
615 969 696 1006 sitis
725 967 880 1007 ardens.
949 967 1056 1004 Inter
1095 964 1196 1003 haec
1232 970 1361 1002 tamen
1389 963 1562 1002 tormina
1590 975 1637 1000 ac
1668 965 1806 999 noctes

340 1031 540 1065 insomnes
573 1038 792 1075 gravesque
819 1029 857 1062 et
898 1023 978 1061 alvi
1010 1021 1253 1074 profluvium
1282 1020 1548 1067 dirissimum,
1584 1031 1676 1056 nam
1704 1016 1806 1054 haec

345 1096 505 1135 quoque
536 1082 638 1120 mala
668 1081 753 1119 aliis
778 1087 999 1127 accessere,
1037 1077 1202 1116 retinuit
1231 1079 1488 1115 constantiam
1528 1075 1687 1125 dignam
1718 1072 1809 1111 viro

344 1139 454 1178 sorti.
513 1138 679 1175 Miratus
713 1150 838 1186 esses,
869 1135 903 1174 si
933 1135 1199 1182 interfuisses»,
1230 1146 1306 1183 qua
1336 1133 1523 1185 patientia
1553 1130 1657 1169 hanc
1684 1129 1811 1181 ipsam

343 1194 613 1233 valetudinem
644 1193 854 1242 toleravit,
891 1197 937 1229 ut
965 1191 1095 1229 dolori
1127 1189 1336 1236 restiterit,
1377 1195 1423 1227 ut
1453 1188 1727 1227 incredibilem
1755 1185 1812 1223 fe-

344 1252 479 1289 brium
497 1251 680 1288 ardorem
698 1249 885 1287 immotus
916 1253 1160 1299 opertusque
1186 1245 1468 1293 transmiserit,
1499 1251 1546 1283 ut
1567 1256 1731 1282 uxorem
1760 1240 1814 1279 li—

344 1307 543 1358 berosque
572 1305 742 1343 afflictos
773 1304 998 1342 consolatus
1025 1303 1096 1351 sit,
1129 1301 1378 1341 moriendum
1411 1313 1494 1340 esse
1523 1300 1679 1339 cunctis
1697 1297 1816 1337 dicti-

347 1369 458 1411 tans,
490 1368 529 1400 et
556 1362 629 1400 sibi
659 1367 785 1400 actam
818 1362 974 1410 longam
1003 1364 1191 1405 aetatem,
1221 1357 1270 1395 ad
1302 1371 1420 1409 quam
1450 1357 1567 1407 pauci
1600 1354 1816 1396 admodum

347 1419 615 1471 pervenirent.
674 1417 832 1455 Amicos
851 1417 980 1465 etiam,
1011 1428 1100 1454 cum
1125 1415 1282 1453 dolores
1298 1413 1562 1463 remittebant,
1593 1412 1818 1459 admittenti,

351 1477 529 1513 suaviter
559 1481 599 1513 et
628 1473 793 1512 comiter
824 1478 870 1511 ut
901 1479 1016 1511 antea
1044 1471 1292 1523 excipiebat,
1334 1470 1443 1508 nulla
1468 1470 1592 1508 ferme
1621 1467 1821 1507 mentione

352 1531 548 1569 malorum
580 1543 764 1579 suorum,
794 1535 997 1581 tamquam
1022 1534 1227 1567 vereretur
1253 1527 1318 1566 vir
1349 1527 1521 1578 optimus
1561 1539 1609 1565 ne
1633 1526 1714 1564 illis
1737 1537 1821 1562 mo·

353 1587 506 1626 lestiam
537 1586 743 1624 exhiberet
774 1599 847 1636 per
873 1584 1284 1623 commemorationem
1313 1597 1463 1622 eorum.
1529 1582 1576 1620 In
1607 1582 1677 1620 illa
1703 1579 1823 1618 animi

353 1643 641 1694 tranquillitate
669 1655 716 1679 ac
742 1642 974 1690 securitate,
1005 1655 1097 1679 sana
1128 1654 1283 1691 semper
1301 1646 1454 1690 mente,
1483 1639 1599 1678 etiam
1623 1650 1750 1689 usque
1772 1635 1824 1674 ad

356 1707 574 1737 extremum
603 1697 843 1748 anhelitum,
875 1711 964 1736 cum
991 1698 1147 1736 videret
1175 1697 1312 1735 adesse
1342 1696 1418 1734 sibi
1448 1708 1676 1748 supremum
1706 1693 1824 1742 diem,

354 1755 503 1792 viatico
531 1768 572 1793 se
601 1755 793 1792 instruxit
829 1760 868 1792 et
895 1760 1071 1792 extrema
1102 1753 1292 1791 unctione
1329 1766 1415 1791 XVI.
1453 1753 1541 1790 Kal.
1574 1749 1824 1789 Novembris.

356 1811 452 1849 Post
474 1824 574 1861 quae
599 1809 717 1848 uxori
749 1823 796 1847 ac
830 1810 964 1848 liberis
992 1810 1240 1858 valedicens,
1270 1815 1470 1859 tamquam
1501 1807 1740 1856 moriturus,
1771 1805 1826 1844 eis

357 1866 676 1904 benedictionem
706 1879 814 1903 suam
847 1873 1099 1918 peramanter
1129 1865 1343 1916 impertiit,
1382 1877 1528 1916 eosque
1565 1863 1828 1915 amplexatus,

362 1923 414 1961 ad
436 1929 653 1960 extremum
675 1921 857 1959 hortatus
884 1929 943 1961 est
969 1923 1029 1960 uti
1058 1927 1150 1973 post
1167 1927 1336 1959 mortem
1360 1934 1472 1959 suam
1494 1919 1708 1959 concordia
1724 1918 1830 1956 inter

360 1979 470 2031 ipsos
499 1985 600 2017 esset
631 1984 824 2030 perpetua
855 1978 1190 2029 quemadmodum
1215 1991 1256 2015 se
1286 1977 1381 2015 vivo
1411 1978 1555 2016 suerat.
1621 1977 1730 2014 Inter
1755 1973 1829 2013 has

365 2035 623 2085 cogitationes
651 2041 689 2072 et
722 2047 785 2072 eas
817 2048 915 2086 quae
932 2034 1156 2073 Christiano
1176 2033 1328 2071 homini
1350 2034 1391 2071 in
1419 2040 1587 2072 mentem
1608 2032 1747 2071 venire
1765 2044 1832 2068 so-

362 2091 448 2129 lent
480 2104 568 2129 cum
595 2090 796 2142 proficisci
827 2098 941 2142 parat
968 2091 1016 2129 ad
1051 2091 1194 2139 Deum,
1227 2103 1316 2128 cum
1350 2090 1509 2128 dolores
1536 2102 1691 2140 semper
1719 2100 1829 2125 acres

365 2153 494 2185 essent
530 2154 568 2185 et
592 2146 867 2195 vehementes,
906 2147 1198 2199 deficerentque
1231 2147 1358 2196 vires,
1403 2147 1563 2198 placida
1601 2149 1832 2196 compostus
1874 2144 1875 2147 ’

363 2216 462 2254 pace
481 2203 635 2254 quievit
664 2217 705 2243 x.
724 2204 813 2241 Kal.
834 2204 1046 2244 Novembr.
1074 2204 1178 2242 circa
1197 2202 1336 2241 horam
1367 2209 1518 2241 sextam
1545 2201 1831 2253 vespertinam;

366 2265 405 2296 et
426 2272 515 2298 vm.
532 2260 621 2299 Kal.
641 2260 820 2311 sepultus
847 2266 905 2297 est
925 2261 965 2297 in
989 2260 1168 2298 Ecclesia
1197 2259 1324 2297 sancti
1346 2259 1548 2308 Gervasii,
1579 2270 1719 2308 magno
1737 2270 1832 2294 con-

366 2327 486 2352 cursu
507 2329 643 2354 eorum
667 2316 736 2366 qui
754 2315 876 2353 dediti
899 2323 992 2354 sunt
1021 2317 1162 2354 studiis
1191 2316 1410 2354 literarum.
1468 2317 1626 2353 Annum
1647 2319 1834 2353 octavum

369 2376 407 2408 et
423 2372 753 2422 septuagesimum
771 2373 893 2410 ferme
912 2373 1088 2423 explevit
1116 2373 1156 2410 in
1189 2373 1378 2410 altissima
1403 2372 1717 2423 tranquillitate,
1746 2369 1835 2422 pari

369 2429 633 2468 veneratione.
702 2429 832 2467 Firma
866 2434 904 2466 et·
934 2430 1168 2480 incorrupta
1195 2429 1421 2467 valetudine
1446 2442 1520 2480 per
1550 2427 1835 2479 quinquaginta

373 2489 413 2521 et
432 2485 606 2535 quinque
625 2491 846 2535 postremos
877 2498 1000 2523 annos
1018 2485 1124 2524 vitae
1152 2498 1248 2523 suae
1278 2498 1373 2523 usus
1394 2491 1453 2524 est
1475 2483 1602 2522 donec
1625 2484 1658 2522 is
1674 2482 1835 2522 morbus

374 2551 462 2577 eum
495 2540 707 2591 corripuit.
774 2541 936 2579 Liberos
969 2555 1021 2580 ex
1060 2554 1182 2579 uxore
1207 2541 1348 2580 habuit
1384 2541 1544 2579 omnino
1570 2540 1726 2589 decem,
1765 2551 1835 2577 sex

373 2597 590 2645 masculos,
622 2596 783 2634 feminas
805 2604 988 2647 quatuor.
1050 2599 1106 2636 Ex
1130 2597 1191 2635 his
1211 2597 1331 2636 hodie
1353 2602 1566 2649 supersunt
1588 2609 1716 2634 mares
1738 2595 1834 2640 duo,

246 2655 276 2689 P
299 2657 345 2692 52
373 2651 539 2691 feminae
565 2652 745 2691 totidem.
812 2653 1020 2704 Philippus
1053 2662 1149 2692 natu
1175 2654 1303 2706 major
1333 2660 1391 2692 est
1421 2653 1610 2691 Franciae
1637 2652 1838 2700 Quaestor

377 2708 483 2760 apud
509 2709 707 2747 Pictavos.
764 2708 894 2757 Alter,
929 2710 993 2747 cui
1019 2710 1231 2747 Francisco
1261 2724 1405 2748 nomen
1441 2716 1521 2758 est,
1551 2709 1728 2746 nondum
1761 2708 1837 2746 ele-

378 2767 434 2815 git
459 2766 565 2804 vitae
594 2771 754 2804 statum.
813 2764 1024 2803 catharina
1052 2772 1091 2804 et
1116 2766 1263 2804 Joanna
1293 2766 1406 2818 juxta
1437 2771 1602 2803 matrem
1630 2771 1668 2803 et
1695 2765 1836 2803 fratres

377 2827 485 2862 sunt.
544 2821 663 2869 Quod
684 2822 717 2859 si
735 2821 913 2860 habitum
936 2835 1092 2873 quoque
1121 2822 1204 2875 ejus
1223 2822 1374 2874 posteri
1395 2835 1559 2861 noscere
1581 2821 1727 2870 velint,
1756 2826 1836 2858 sta-

252 2884 282 2916 V
310 2883 355 2921 46
379 2884 468 2915 tura
499 2878 574 2915 fuit
602 2879 723 2929 paulo
757 2878 859 2917 insra
890 2878 1147 2927 mediocrem,
1188 2879 1317 2931 capite
1344 2885 1460 2930 apto,
1502 2878 1626 2917 oculis
1661 2876 1837 2917 venustis

1858 131 1877 183 *52:³1
1851 0 1877 126 &affl
