1884 3262
519 215 578 258 nv
614 199 946 259 cfflzoMCON
970 213 1261 259 PASCHALE.
1542 210 1645 258 239

162 329 302 381 giones
330 326 475 380 saphet
503 331 687 365 recenset
716 324 823 364 idem
847 325 1002 365 Auctor
1030 326 1220 393 Ecloges:
1250 308 1419 376 Μηδία,
1446 323 1647 375 Αλβανία,

89 412 92 414 -
161 388 280 439 Αμαζ
279 384 388 434 ονὶς,
418 385 602 436 Αρμενία
629 398 671 423 τε
697 398 820 435 μικρα
843 382 911 423 καὶ
943 378 1114 436 μεγαλη,
1147 382 1445 432 Καππαδοκία,
1471 383 1646 431 Παφλα-

159 444 301 498 γονία,
331 442 530 491 Γαλατία,
562 439 732 493 Κολχὶς,
763 437 974 493 Βοσπόρη,
996 443 1209 490 Μαιῶτις,
1231 438 1402 492 Δερβὶς,
1423 437 1642 490 Σαρματὶς,

165 499 405 553 Ταυριανὶς,
435 497 685 551 Βασταρνὶς,
717 498 905 544 Σκυθία,
939 493 1099 548 Θρακη,
1121 497 1390 546 Μακεδονία,
1419 496 1643 548 Δαλματία,

161 557 393 605 Μολοσσις,
426 557 647 605 Θεσσαλία,
666 553 845 606 Λοκρὶς,
862 554 1060 602 Βοιωτία,
1080 554 1278 602 Αἰτωλία,
1302 550 1472 605 Animi,
1495 553 1643 605 Αχαΐα,

159 610 385 666 Πελλήνη,
424 611 454 666 ἦ
491 610 720 664 καλουμένη
761 607 1111 661 Πελοπόννησος,
1153 612 1361 662 Αοκαδία,
1401 614 1492 650 Ηπε
1496 613 1645 662 ιρῶτις,

159 670 583 723 1λλυρὶς,Λυχνίτις,
620 665 824 722 Αδριακη
865 663 937 718 αφ’
961 683 1023 715 οῖς
1059 664 1104 708 τὸ
1134 667 1305 721 πέλαγος
1345 684 1390 709 το
1419 663 1645 722 Αδραϊκόν.

158 730 225 767 Sic
255 729 376 767 etiam
409 728 602 778 Geoigius
632 724 852 764 Monachus
878 725 921 763 in
952 724 1098 763 Chron.
1129 725 1210 763 MS.

275 785 371 836 Pag.
401 785 470 827 48.
515 789 555 827 9.
613 780 886 836 Μαστουσία]
934 782 993 821 lta
1031 783 1207 834 Syncell.
1251 780 1422 833 Logoth.
1475 780 1644 820 Cedren.

158 843 260 882 Vide
290 842 419 883 Ortel.
448 842 490 879 in
521 841 737 881 Matusium.

271 900 368 938 Ibid.
415 894 527 938 Καθ’
544 897 691 950 Ηλιον]
722 897 789 935 Sic
814 896 953 947 legunt
975 895 1206 948 Syncellus,
1242 896 1405 944 Logolh.
1424 903 1463 935 et
1493 896 1644 935 Chron.

158 957 488 996 Alexandrinum.
550 957 611 994 Ex
643 954 791 1006 quibus
821 953 1093 993 emendandus
1126 954 1354 1000 Cedrenus,
1387 954 1495 1005 apud
1526 968 1646 1005 quem

158 1028 371 1067 perperam
382 1013 576 1064 legitur,
606 1028 708 1052 κατα
734 1014 867 1058 Ιλιον,
898 1011 1056 1049 tametsi
1085 1011 1141 1048 ita
1171 1010 1359 1049 videatur
1379 1011 1523 1062 legisse
1542 1011 1645 1064 Hip-

158 1072 350 1124 polytus‚
381 1071 469 1110 Ma.
467 1071 695 1118 tus-aditam,
724 1082 801 1121 pro
831 1068 1007 1107 Mastusa
1024 1068 1074 1106 ad
1095 1068 1203 1106 Ilion.

274 1128 573 1179 Pag.48.1o.
633 1122 848 1178 Αδριοὲβη]
896 1125 1208 1164 Emendaximus
1236 1122 1447 1178 Αδριακη,
1481 1131 1529 1164 ut
1566 1126 1647 1165 ha-

158 1186 255 1224 bent
296 1185 393 1224 Cod.
425 1185 552 1224 vatic.
580 1185 860 1237 Hippolytus,
899 1183 1140 1235 Syncellus,
1183 1184 1336 1222 Auctor
1367 1184 1565 1235 Ecloges,
1603 1190 1643 1223 et
1667 1187 1699 1221 V
1722 1188 1793 1224 399

158 1243 328 1294 Lo'goth.
386 1243 528 1290 Mna,
557 1241 709 1281 Chron.
740 1241 943 1279 Alexand.

274 1301 371 1350 Pag.
403 1299 469 1342 48
503 1302 568 1340 1-1.
626 1295 893 1353 Αδριατικόν]
927 1297 1024 1336 Cod.
1053 1297 1184 1336 Vatic.
1214 1294 1434 1350 Λδριακόν.

272 1358 368 1407 Pag.
398 1360 469 1399 48-
503 1359 568 1398 12.
629 1352 870 1408 Θουσκηνη]
898 1354 960 1392 Ita
987 1354 1226 1406 Logotheta:
1266 1355 1443 1407 syncell.
1476 1357 1647 1396 Θουσκι-

155 1431 233 1468 νη,
268 1415 440 1452 ΤΙια-ςεια.

271 1471 469 1522 Pag.48.
503 1471 568 1512 13
628 1466 810 1522 Κολχὶς]
851 1467 1308 1519 Cod.Vatic.Koa.zo1'.

271 1526 568 1579 Pag.48.14.
629 1526 941 1579 Σπανογαλλία]
982 1525 1184 1564 Celtzberia.
1215 1527 1451 1578 An‹›nymus
1482 1526 1645 1564 Raven-

154 1600 226 1625 nas
256 1599 328 1624 seu
357 1583 644 1636 Langobardus
674 1583 718 1621 in
753 1581 1006 1635 Geographia
1046 1579 1182 1634 nuper
1211 1583 1345 1631 edita,
1395 1583 1646 1635 Spanovasco-

153 1647 237 1682 niae
267 1657 347 1680 nou
379 1642 499 1681 semel
528 1640 722 1680 meminit.

269 1701 365 1739 lbid.
423 1697 698 1752 Βοσπορινοὶ,
729 1697 941 1750 Μαιῶτις]
977 1697 1098 1736 *Haec
1127 1696 1292 1735 nomina
1324 1698 1543 1749 depravata
1582 1698 1647 1736 le-

155 1764 307 1809 guntur
337 1758 449 1809 apud
477 1757 769 1809 Hippolytum:
798 1755 1046 1806 Bosphorum,
1070 1754 1304 1793 Mediaemis.

230 1836 233 1838 ·
270 1814 369 1864 Pag.
399 1815 466 1857 48'.
499 1815 565 1856 15.
601 1811 868 1865 Ταυριαννὶς]
900 1812 1065 1864 Hippol.
1104 1812 1294 1850 Tauriana

270 1871 368 1921 Pag-
399 1872 569 1913 48.17.
628 1869 711 1910 Καὶ
742 1868 936 1920 Βοιωτὶς]
981 1870 1130 1907 Desunt
1158 1869 1200 1906 in
1233 1869 1330 1909 Cod.
1361 1868 1489 1909 Vatic.

268 1928 366 1978 Pag.
396 1928 566 1970 48.18.
625 1925 834 1979 Ακαρνία]
864 1927 923 1964 lta
954 1926 1224 1979 Hippolytus,
1255 1927 1467 1977 Syncellus
1501 1932 1542 1965 et
1560 1926 1644 1965 Lo-

157 1984 342 2038 gotheta:
373 1985 444 2024 sed
476 1985 551 2035 leg.
581 1985 843 2039 Ακαρνανία,
882 1990 926 2022 ut
955 1989 1014 2022 est
1043 1982 1152 2035 apud
1185 1983 1420 2022 Cedrenum.

273 2042 369 2092 Pag
399 2041 466 2089 49.
505 2045 542 2083 1.
600 2039 810 2094 Κύφηρα]
834 2036 1035 2094 Κύθηρα,
1067 2042 1222 2078 Auctor
1242 2041 1364 2091 Eclog
1345 2054 1425 2079 ⁰:es
1456 2037 1645 2093 Κύθειρα

157 2100 429 2152 Hippolytus,
461 2099 692 2151 Syncellus,
727 2096 971 2148 Logotheta,
1008 2103 1048 2136 et
1075 2098 1278 2136 Cedrenus
1309 2099 1467 2149 legunt.

274 2157 372 2207 Pag.
401 2156 470 2197 49.
508 2161 546 2199 2.
609 2153 831 2210 Κόρουρα]
880 2151 1070 2208 Κέρκυρα
1124 2154 1219 2205 legit
1261 2150 1414 2193 Auctor
1450 2155 1645 2206 Ecloges:

160 2209 352 2265 Κόρκυρα
391 2212 639 2265 Hippolytus
679 2220 718 2252 et
759 2211 988 2251 Chronicon
1027 2211 1363 2250 Alexandrinum.
1425 2212 1540 2251 Hanc
1579 2211 1646 2251 alii

158 2271 360 2310 omittunt.

274 2328 371 2378 Pag.
402 2326 472 2368 49.
503 2329 542 2368 6.
600 2323 696 2378 Χοῖμ.
719 2324 786 2376 δὲ,
818 2324 910 2377 etc.]
950 2324 1060 2363 Haec
1092 2323 1284 2376 perioche
1317 2326 1431 2364 abest
1459 2326 1508 2364 ab
1539 2325 1640 2379 Epi-

157 2383 329 2436 phanio,
362 2383 432 2435 qui
461 2396 626 2422 rursum
653 2383 798 2436 incipit
827 2383 876 2420 ab
906 2381 970 2420 his
992 2382 1183 2432 vocibus,
1212 2381 1298 2423 ὐἱοὶ
1325 2381 1442 2434 Χοέμ,
1464 2389 1541 2423 etc.
1571 2383 1640 2422 ubi

157 2448 292 2480 tamen
323 2441 517 2493 quaedam
548 2441 625 2479 alia
656 2440 841 2493 Scriptor
876 2438 1067 2479 Chronici
1094 2439 1357 2482 intermiscet
1388 2441 1538 2492 Ecloge
1560 2441 1640 2479 MS.

159 2498 233 2547 ἕως
257 2499 461 2552 Γαδείρων
489 2515 538 2538 τα
567 2495 671 2550 πρὸς
699 2495 834 2538 νότον.

185 2611 212 2649 h
273 2556 369 2606 Pag.
402 2557 471 2599 49.
503 2559 545 2599 9.
608 2554 740 2596 Φυλαὶ
768 2551 855 2607 λα’]
892 2553 1206 2595 xxx11.habent
1235 2554 1430 2594 Eusebius
1466 2560 1507 2593 et
1538 2553 1640 2606 Epi·

156 2626 184 2664 p
215 2613 345 2652 anius.

272 2669 370 2720 Pag
399 2669 466 2712 49
499 2672 562 2712 10.
624 2669 682 2718 E}
725 2663 777 2709 οὗ
815 2667 1049 2721 Αἰθίοπες]
1089 2669 1296 2707 Zonaras:
1338 2667 1382 2708 ἐκ
1422 2681 1496 2719 μεν
1530 2646 1643 2714 Χοῦς

159 2700 383 2767 Κοὶσαῖοι·
416 2727 622 2774 Αἰθίοπες
653 2720 769 2767 οὗτοί
798 2725 886 2766 εἶσι.

273 2783 370 2833 Pag
399 2782 568 2826 49.11
629 2777 760 2831 Ουτος
787 2782 811 2823 ὁ“
841 2782 1060 2835 Μεσραιμ]
1114 2783 1172 2821 De
1211 2795 1292 2832 quo
1332 2779 1552 2819 cotelerius
1590 2779 1641 2818 ad

157 2837 228 2877 lib.
257 2853 319 2878 lv.
346 2839 555 2891 Recognit.
589 2854 677 2893 cap.
705 2853 840 2881 xxvxi.
870 2841 1052 2879 zonarae
1086 2839 1269 2892 Μεσρεὶν
1300 2837 1461 2876 dicitur.
