1884 3262
454 240 513 283 IN
548 240 878 285 CHRONICON
909 241 1198 285 PASCHALE.
1479 238 1578 288 345

111 350 274 390 Libonis
294 351 420 391 refert
445 351 627 391 Zosimus
646 352 714 391 lib.
735 367 781 392 11.
802 353 872 392 ubi
902 353 988 393 fuse
1017 353 1067 392 de
1092 353 1143 392 iis
1168 352 1262 404 agit.
1319 352 1421 393 Vide
1441 353 1579 393 Hora-

109 409 206 448 tium
229 408 270 446 in
291 409 466 448 carmine
482 410 698 458 saeculari,
726 417 766 449 et
787 410 873 462 ejus
892 412 1242 449 commentatores.

225 468 318 516 Pag.
347 466 443 508 499.
477 467 517 509 5.
578 462 831 519 Νικόπολις]
872 468 932 506 Ex
959 466 1112 506 Chron.
1137 467 1321 518 Eusebii,
1351 466 1423 505 ubi
1445 468 1579 506 Scali-

108 535 189 574 ger.
249 522 351 562 Vide
381 529 589 575 praeterea
609 523 852 562 Willelmum
879 525 1044 576 Tyrium
1072 525 1143 564 lib.
1163 538 1237 564 vn.
1254 538 1340 576 cap.
1364 538 1480 565 xx1v.

224 582 317 630 Pag.
347 579 443 622 499.
474 584 514 623 7.
570 580 840 635 Αφρικανοῦ]
871 581 1087 620 Historiam
1117 581 1369 634 is,perduxit
1397 581 1449 620 ad
1467 588 1579 622 tem-

26 685 32 689 ·
107 650 208 688 pora
229 636 442 687 Antonini,
476 644 521 676 ut
549 638 689 676 scribit
722 638 914 688 Georgius
944 639 1154 690 Syncellus
1184 653 1271 691 pag.
1293 641 1384 680 107.
1413 646 1453 677 et
1481 643 1580 683 212.

108 693 231 746 (illius
249 707 390 746 nempe
416 695 484 747 qui
507 695 787 746 Heliogabalus
819 695 950 734 dictus
982 702 1064 745 est,
1093 702 1141 734 ut
1162 695 1298 734 insra'
1284 709 1328 734 m
1350 694 1428 734 hoc
1446 695 1579 734 Chro-

105 750 198 789 nico
219 750 413 801 habetur,
443 758 483 790 et
499 753 606 803 apud
627 752 954 807 Hieronymum
941 766 985 790 in
1005 753 1109 791 libro
1129 752 1180 792 de
1199 753 1474 805 Scriptoribus
1491 754 1580 792 Ec—

108 808 299 859 clesiast.)
331 821 448 860 quem
483 811 600 848 etiam
619 813 788 850 Κεστων
810 810 1027 848 Auctorem
1047 810 1166 860 facit,
1195 810 1258 848 uti
1285 824 1408 862 supra
1435 810 1578 850 obser-

107 865 314 915 vavimus,
342 865 392 904 de
417 879 497 917 quo
526 866 581 905 ita
615 867 843 906 chronicon
869 869 949 906 MS.
977 867 1026 905 ab
1047 867 1201 906 Adamo
1232 866 1284 906 ad
1306 868 1478 906 Leonem
1503 869 1579 906 Sa-

104 922 280 974 pientem
298 896 339 960 in
360 923 532 962 Maximo
556 930 595 962 et
616 924 804 962 Balbino:
798 922 1073 996 ἡΑφρικιωνὸς
1091 923 1112 964 ὅ
1132 922 1387 994 συγγραφευς
1414 924 1580 978 ἐγνωρί-

106 982 202 1028 ζετο.
234 979 320 1018 Et
309 993 348 1017 m
370 968 511 1018 Decio.
533 980 598 1020 ἐπὶ
618 977 764 1023 τούτου
783 975 840 1034 ἦν
862 979 1033 1034 Κλήμης
1052 978 1338 1035 ὁΣτρομα-εευς
1359 997 1427 1022 και
1446 986 1581 1035 Λφρι-

105 1032 242 1084 κανός.
302 1036 416 1075 Adde
449 1038 679 1077 Freculfum
713 1045 768 1077 to.
800 1052 846 1080 11
880 1039 950 1078 lib.
979 1053 1040 1077 111.
1075 1052 1164 1090 cap.
1198 1052 1256 1078 1v.
1313 1039 1394 1077 Sed
1417 1038 1467 1078 de
1498 1039 1580 1078 hoc

104 1093 295 1132 Africano
323 1094 447 1133 multa
468 1109 704 1146 congessere
725 1096 902 1146 Scaliger
925 1095 976 1133 ad
1007 1096 1162 1134 Graeca
1186 1095 1347 1135 Eusebii
1371 1109 1462 1148 pag.
1483 1096 1579 1139 414.

105 1157 146 1189 et
179 1150 231 1189 ad
254 1149 480 1190 Chronicon
510 1166 598 1204 pag.
619 1155 716 1195 232.
760 1153 1020 1192 casaubonus
1052 1153 1102 1192 ad
1130 1153 1364 1192 Suetonium
1398 1153 1440 1191 in
1473 1154 1580 1192 Julio

105 1214 200 1246 sect.
218 1221 334 1247 xxx1.
364 1209 631 1248 Bellarminus
658 1211 707 1249 de
737 1210 1014 1262 Scriptoribus
1043 1210 1196 1251 Eccles.
1233 1217 1272 1250 et
1303 1210 1360 1248 ibi
1382 1210 1578 1261 Labbeus,

104 1265 343 1304 Possevinus
365 1266 406 1304 in
428 1266 660 1319 Apparatu,
691 1267 926 1306 Herwartus
948 1268 992 1305 in
1022 1267 1263 1318 Chronolog,
1291 1281 1378 1319 cap.
1401 1281 1578 1306 ccxxxv.

103 1322 271 1361 Vossius
300 1323 350 1361 de
378 1323 568 1362 Historic.
600 1324 740 1365 Graec.
770 1324 839 1362 lib.
872 1338 918 1362 11.
959 1325 1149 1362 Petavius
1176 1324 1246 1363 lib.
1265 1338 1357 1363 vlu.
1398 1324 1581 1363 Auctarii

103 1392 189 1431 cap.
212 1374 258 1419 11.
280 1379 470 1418 'Valesius
491 1379 541 1418 ad
563 1380 662 1419 Hist.
684 1381 791 1419 Eccl.
822 1381 984 1421 Eusebii
1006 1381 1076 1420 lib.
1098 1394 1152 1423 vx.
1172 1394 1259 1434 cap.
1284 1394 1401 1420 xxxi.
1423 1382 1580 1420 Goarus

102 1436 153 1475 ad
174 1437 427 1488 Syncellum,
459 1443 498 1476 et
518 1437 597 1476 alii.

216 1493 308 1544 Pag·
340 1495 437 1536 499.
469 1497 507 1536 8.
572 1493 833 1549 Φλαβιανοῦ]
866 1495 973 1533 Fasti
994 1494 1188 1545 matiani,
1209 1494 1375 1534 Fabiano
1392 1500 1425 1534 et
1447 1496 1581 1547 Crispo.

103 1550 279 1600 Caeteri‚
310 1557 349 1590 et
368 1551 655 1604 inscriptiones
673 1552 874 1590 Julianum
891 1559 1051 1591 vocant.
1082 1552 1184 1591 Vide
1208 1553 1411 1591 Norisium
1430 1567 1467 1605 p.
1484 1551 1580 1595 134.

217 1608 312 1658 Pag-
343 1608 438 1651 499.
470 1613 511 1652 9.
571 1608 658 1649 Επὶ
686 1606 842 1650 τούτων
875 1613 955 1650 τῶν
981 1605 1182 1661 Τπᾶτων]
1216 1609 1342 1648 Immo
1364 1623 1467 1648 anno
1487 1609 1581 1648 Chr.

103 1678 253 1705 ccxxn.
277 1679 333 1706 VI.
357 1666 511 1715 Martii,
543 1679 623 1718 quo
645 1666 876 1705 Alexander
902 1668 1075 1705 Severus
1107 1667 1328 1719 Imperium
1355 1674 1415 1705 est
1445 1667 1584 1719 auspi-

103 1728 244 1771 catus,
274 1729 321 1760 ut
345 1723 474 1771 Scalig
456 1737 541 1771 ‹¹‚er
571 1722 816 1773 Bucherius,
848 1723 1054 1773 Petavius‚
1086 1729 1125 1762 et
1147 1724 1214 1763 alii
1235 1724 1410 1763 docuere
1437 1738 1485 1763 ex
1507 1725 1583 1763 Ca-

104 1792 210 1817 none
232 1778 413 1818 Paschali
433 1752 612 1832 Hipp²01y
614 1781 655 1818 ti.

218 1836 439 1887 Pag.499.
473 1841 537 1879 10.
602 1835 687 1879 Τπο
705 1840 778 1878 τοῦ
796 1837 904 1878 ἰδίου
928 1838 1162 1893 συγγενοῦς]
1184 1837 1460 1878 Alexandrum
1482 1851 1581 1876 con-

103 1891 307 1931 sobrinum
336 1893 541 1945 intelligit,
582 1908 699 1946 quem
737 1908 827 1933 cum
869 1895 1055 1935 occidere
1086 1897 1351 1941 decrevisset,
1394 1910 1415 1933 a
1445 1895 1582 1933 militi-

102 1949 176 1988 bus
207 1957 246 1988 et
283 1950 549 1990 praetorianis
588 1952 695 1990 facta
734 1952 1057 2004 conspiratione,
1094 1954 1146 1992 ad
1179 1952 1428 1992 liberandam
1458 1954 1582 1991 Rem-

104 2007 331 2059 publicam,
362 2008 533 2060 ipsemet
563 2010 719 2047 occisus
751 2017 820 2050 est.
852 2010 1057 2061 Lamprid.

1616 1610 1735 1648 v466

218 2065 314 2115 Pag
335 2065 536 2108 4-99.13.
599 2066 883 2119 Φουσκιανοῦ]
932 2066 998 2105 Sic
1039 2066 1149 2105 Fasti
1190 2065 1383 2105 [datianiz
1426 2038 1496 2105 sed
1528 2080 1581 2105 ex
1629 2098 1631 2101 .

104 2122 354 2171 Savillianis,
387 2123 595 2175 Prosperi,
626 2124 846 2176 Rescriptis
887 2124 1130 2172 Alexandri,
1174 2129 1213 2161 et
1242 2123 1582 2174 Inscriptionibus

103 2178 179 2229 leg.
213 2175 403 2220 Φούσκου
431 2195 475 2221 το
508 2177 556 2220 δ’.
613 2181 673 2219 Ita
703 2195 845 2232 nempe
876 2181 1062 2233 Scriptor
1093 2180 1302 2230 Chronici,
1333 2186 1485 2218 utnon
1509 2194 1582 2218 se-

102 2235 180 2273 mel
222 2250 460 2287 monemus,
507 2237 707 2290 ejusmodi
750 2237 1051 2277 teiminationes
1098 2236 1270 2276 vocibus
1323 2237 1580 2289 appellativis

103 2291 250 2331 addere
281 2293 392 2332 solet.

218 2350 313 2401 Pag.
343 2350 441 2394 499.
474 2353 538 2392 16.
597 2351 802 2402 Αλβίνου]
851 2352 941 2401 Leg.
971 2350 1196 2403 Βαλβίνου,
1241 2350 1338 2389 licet
1378 2352 1433 2389 ita
1470 2351 1580 2389 Fasti

103 2406 272 2445 Idatiani
301 2408 542 2460 praeferant.
603 2409 805 2459 Prosper,
834 2408 1063 2457 Victorius,
1090 2408 1282 2458 Senator,
1312 2413 1351 2445 et
1367 2408 1582 2460 ,Marianus

104 2463 308 2515 duplicem
348 2465 609 2504 Consulatum
641 2478 692 2503 ex
721 2463 800 2502 hoc
828 2465 951 2503 unico
986 2477 1196 2517 perperam
1238 2464 1465 2503 confecere:
1510 2465 1581 2503 ubi

104 2521 309 2559 Anm'anum
338 2526 372 2560 et
406 2521 637 2562 Maximum:
693 2521 837 2560 deinde
866 2523 1034 2560 Albinum
1070 2525 1103 2559 et
1136 2521 1344 2560 Maximum
1382 2522 1579 2570 scribunt,

105 2590 197 2615 cum
226 2592 328 2616 unus
357 2578 545 2632 idemque
573 2579 643 2629 sit,
675 2579 853 2630 alterque
886 2579 1030 2617 Clodius
1044 2578 1240 2627 Balbinm,
1264 2578 1368 2617 alter
1387 2579 1583 2630 Pupienus,

109 2635 343 2684 cognomine
375 2635 591 2686 Maximus,
639 2636 772 2687 inquit
807 2635 1081 2688 Capitolinus,
1121 2635 1374 2686 appellentur
1404 2636 1474 2686 qui
1502 2636 1583 2673 Im·

109 2697 314 2741 perator-es
344 2707 365 2729 a
403 2694 553 2732 Senatu
591 2693 707 2731 electi
746 2693 909 2731 fuerunt
950 2699 1042 2745 post
1077 2691 1324 2730 Gordianum
1364 2692 1582 2739 Seniorem,

111 2752 156 2784 ut
183 2754 241 2786 est
268 2748 375 2800 apud
406 2751 576 2789 eundem
607 2749 878 2802 Capitolinum
919 2757 959 2788 et
992 2748 1266 2788 Herodianum
1295 2748 1366 2787 lib.
1397 2763 1470 2788 v11.
1507 2749 1583 2788 Sa-

110 2804 228 2841 binum
255 2819 332 2856 pro
369 2807 538 2845 Balbino
568 2821 780 2874 perperam
812 2807 991 2846 scribunt
1032 2806 1142 2844 Fasti
1172 2805 1393 2843 Savilliani.

226 2861 320 2911 Pag-
350 2862 445 2904 499
478 2866 543 2906 18-
601 2860 757 2912 Αλεξάι
750 2864 859 2916 δρου
880 2879 925 2904 το
943 2859 989 2917 γ’.
981 2863 1007 2915 .]
1035 2862 1289 2914 Lampridius
1318 2861 1368 2900 de
1397 2861 1583 2901 Alexan-

111 2914 208 2955 dro:
240 2917 470 2959 Consulatum
495 2924 551 2959 ter
576 2922 660 2959 iniit
676 2924 826 2960 tantum
862 2921 1106 2969 ordinarium,
1135 2933 1179 2958 ac
1203 2921 1319 2971 primo
1340 2920 1497 2960 nundino
1516 2921 1587 2959 sibi
