1884 3262
309 235 339 280 4
842 225 1237 273 EPISTOLA.

311 358 522 389 GENTIUM
548 344 719 386 Rmm
748 342 907 384 Remu
931 341 1162 385 FnANcmr
1192 352 1379 383 cunnum
1399 337 1509 381 dixit
1532 349 1769 380 Exclamas-

312 412 405 456 RE?
440 412 531 456 Cur
564 411 661 469 ipsa
702 409 865 454 deinde
896 409 1109 463 Graecia,
1151 407 1269 452 unde
1303 406 1396 450 hoc
1431 408 1544 465 opus
1575 406 1621 448 in
1655 403 1771 448 Gal-

311 481 388 523 lias
422 480 544 523 Tuas
581 478 840 532 advectum,
887 477 1009 535 quod
1048 492 1163 521 nunc
1199 480 1387 535 apparet
1415 474 1459 516 in
1493 473 1597 516 Tuo
1627 471 1773 515 nomi-

309 563 385 599 ne3
426 562 504 591 cur
542 546 662 604 ipsa,
702 545 908 603 inquam,
952 560 1041 588 non
1086 544 1299 604 cujusvis,
1337 548 1410 584 aut
1457 556 1481 584 e
1519 540 1774 599 promiscua

149 620 250 652 Anna
313 615 472 674 plebe,
510 620 583 656 aut
611 629 635 656 e
670 628 813 673 grege
844 613 1144 672 Scriptorum,
1181 611 1261 655 sed
1289 610 1422 669 ipsius
1449 609 1604 651 Annae
1632 607 1773 651 Com-

95 664 453 744 Css'fessillzff'nenae
481 696 558 725 ore
585 681 761 740 Regem
791 681 1026 735 Franciae,
1069 685 1233 739 quanto
1275 685 1421 721 autem
1447 677 1534 720 illis
1559 673 1774 734 tempori-

312 752 395 794 bus
422 756 465 793 te
493 749 741 792 minorem?
776 750 953 792 Rue-EM
982 755 1128 793 tamen
1169 763 1261 791 esse
1289 747 1490 798 Rmum,
1525 756 1775 787 MAJom-:M—

313 832 402 873 qun
440 831 643 860 ommssus
676 832 755 872 9111
787 831 869 860 SUB
907 831 1058 860 canno
1087 831 1223 870 SUNT,
1266 814 1310 856 in
1346 812 1560 856 Alexiade
1595 809 1777 870 praedi-

313 885 438 930 cavit.
510 885 630 940 Quid
667 884 788 928 aliud
824 900 958 942 quam
985 890 1220 943 perspecta
1254 881 1496 926 Francicae
1530 878 1776 938 Majestatis

313 953 504 1012 dignitas
550 954 874 1009 auctoritasque
913 953 1111 1011 impulit,
1159 957 1208 995 ut
1247 965 1347 995 cum
1392 964 1444 992 ea
1484 954 1595 992 esset
1630 947 1776 991 Alexii

314 1020 531 1066 Comneni
557 1020 747 1081 Augusti
770 1021 875 1075 filia,
906 1020 1289 1079 lmperatorioque
1319 1016 1547 1076 sanguine,
1583 1030 1635 1060 ac
1658 1014 1777 1059 Cae-

315 1104 439 1133 sarea
489 1088 619 1132 etiam
670 1088 969 1147 appellatione
1019 1088 1204 1142 nobilis,
1250 1086 1449 1145 palmam
1493 1082 1778 1128 nihilominus

314 1157 490 1215 Regiae
529 1156 869 1215 praerogativae
906 1157 1060 1200 nostris
1089 1154 1368 1213 Principibus
1403 1153 1519 1197 ultro
1550 1149 1779 1195 deferret?

317 1224 410 1268 Cur
440 1224 582 1268 Alexii
611 1230 766 1283 postea
794 1239 958 1282 nepos,
1002 1230 1046 1268 et
1089 1223 1209 1267 idem
1239 1223 1488 1280 imperator
1528 1217 1780 1264 Constanti-

314 1291 598 1350 nopolitanus
650 1291 835 1335 Manuel
889 1292 1165 1347 Comnenus,
1221 1305 1323 1335 cum
1369 1288 1428 1332 ad
1474 1287 1779 1332 Alexandrum

106 1361 208 1405 Apud
241 1360 550 1404 Ba-Summum
581 1359 845 1403 Pontificem
884 1359 1050 1402 litteras
1084 1358 1233 1412 daret,
1269 1356 1550 1400 Ludovicum
1578 1355 1779 1399 Franco-

135 1418 282 1486 r‘i'i'g‘fin
316 1443 415 1471 rum
444 1428 621 1485 Regem
650 1427 1104 1470 Pnorouommssnur
1134 1429 1434 1485 cognomento
1466 1423 1671 1478 donavit,
1700 1421 1782 1466 nisi

317 1494 453 1553 Regii
483 1495 656 1554 generis
691 1494 920 1538 nobilitate
957 1500 1001 1538 et
1029 1499 1264 1548 vetustate,
1307 1491 1492 1551 perinde
1527 1496 1659 1549 atque
1689 1490 1782 1534 Im-

317 1563 430 1623 perii
461 1562 751 1620 amplitudine
789 1562 970 1607 caeteris
1008 1562 1125 1605 orbis
1160 1560 1436 1618 Principibus
1475 1559 1614 1618 longe
1648 1572 1783 1618 prae-

319 1637 432 1674 stare
453 1645 553 1674 eum
573 1630 695 1673 idem
717 1629 1008 1689 agnosceret?
1036 1628 1174 1684 Quod
1195 1628 1230 1671 si
1250 1628 1470 1687 prioribus
1490 1627 1575 1670 illis
1596 1626 1646 1669 hi
1666 1625 1782 1669 tituli

313 1699 417 1759 jure
465 1699 621 1741 merito
660 1697 872 1756 adscripti
911 1697 1061 1752 fuere,
1117 1702 1281 1754 quanto
1322 1695 1497 1754 potiore
1546 1694 1655 1738 Tibi
1705 1694 1782 1736 uni

322 1766 507 1810 universi
548 1771 827 1825 competunt,
879 1766 955 1822 qui
993 1780 1163 1823 sparsas
1203 1765 1248 1808 in
1290 1763 1468 1823 singulis
1508 1763 1690 1806 virtutes
1727 1775 1782 1806 ac

322 1834 473 1891 dotes,
517 1848 624 1890 quas
653 1839 801 1878 vetera
834 1834 1072 1877 Annalium
1104 1838 1387 1876 monumenta
1419 1835 1782 1885 commemorant,

323 1902 532 1947 collectas
567 1903 612 1945 in
649 1902 720 1946 Te
756 1916 843 1946 uno
882 1900 1215 1961 repraesentas?
1265 1899 1402 1954 Quod
1438 1899 1572 1958 igitur
1604 1899 1783 1942 Rmmu

323 1970 550 2013 Maxnvms
593 1970 717 2013 audis
749 1970 915 2027 ubique
951 1985 1004 2014 ac
1048 1969 1228 2025 diceris,
1269 1968 1372 2011 licet
1399 1982 1534 2026 aegre
1566 1966 1681 2010 ferat
1712 1966 1784 2008 in-

323 2043 427 2082 nata
453 2037 732 2081 Mammam
759 2038 896 2082 Tuan
935 2037 1206 2091 moderatio,
1243 2051 1331 2080 non
1364 2041 1430 2079 est
1459 2041 1607 2079 tamen
1634 2035 1782 2092 impe—

323 2110 489 2149 tratura
518 2121 543 2148 a
565 2106 691 2151 nobis
719 2106 823 2163 quin
852 2106 914 2151 sic
942 2107 1196 2156 sentiamus3
1238 2119 1328 2148 non
1361 2103 1526 2162 poterit
1561 2102 1681 2146 hanc
1712 2101 1783 2144 af-

324 2174 442 2217 ferre
476 2174 566 2217 vim
616 2174 767 2219 animis
805 2173 1075 2233 judiciisque
1116 2174 1294 2217 nostris:
1347 2187 1449 2216 cum
1481 2171 1554 2214 vix
1597 2170 1784 2228 quisque

325 2248 523 2285 nostrum
557 2242 613 2285 ab
651 2243 749 2301 ipso
780 2243 932 2286 Rssors
967 2243 1141 2286 REGUM
1179 2241 1306 2284 titulo
1338 2239 1548 2284 abstineat
1590 2244 1633 2282 et
1667 2243 1784 2282 tem-

326 2314 481 2368 peret,·
525 2309 601 2366 qui
636 2316 800 2367 quanto
839 2317 987 2354 tamen
1021 2310 1064 2353 in
1090 2309 1162 2353 Te
1189 2308 1331 2352 verius
1371 2323 1505 2364 quam
1538 2307 1583 2349 in
1615 2300 1785 2365 priscos

325 2376 594 2421 Parthorum
615 2383 658 2421 et
677 2379 907 2422 Persarum
926 2377 1078 2437 Reges
1098 2377 1193 2436 ipse
1215 2376 1460 2430 conveniat,
1492 2375 1613 2420 hunc
1632 2374 1667 2418 si
1689 2373 1786 2419 cui-

328 2445 448 2503 piam
463 2446 644 2489 caeteris
663 2445 910 2505 adjungere
923 2447 1088 2490 animus
1101 2445 1244 2500 fuerit,
1269 2459 1369 2489 cum
1386 2444 1590 2502 Regibus
1602 2442 1786 2487 caeteris

329 2527 419 2571 non
447 2513 583 2558 semel
604 2514 682 2557 sed
700 2515 887 2573 saepius,
919 2515 1077 2572 quibus
1104 2518 1217 2556 stare
1236 2526 1312 2555 eos
1335 2517 1563 2570 oporteret
1583 2525 1636 2556 ac
1646 2510 1784 2570 juva-

329 2588 411 2634 ret,
436 2581 562 2640 leges
589 2582 916 2640 perscripseris,
946 2597 1056 2626 unus
1077 2580 1187 2625 belli
1209 2595 1371 2638 nempe
1392 2594 1445 2624 ac
1463 2579 1586 2638 pacis
1615 2579 1661 2622 in
1692 2577 1786 2621 hoc

333 2649 443 2693 orbe
459 2649 630 2693 arbiter.
660 2650 871 2704 Quamvis
894 2655 1040 2694 autem
1056 2665 1108 2694 ea
1119 2649 1171 2692 sit
1180 2648 1310 2691 animi
1321 2647 1412 2691 Tui
1425 2645 1702 2706 magnitudo,
1715 2647 1787 2689 ni·-

333 2716 399 2759 hil
420 2724 468 2760 ut
491 2717 682 2762 moliaris
701 2719 846 2762 famae
866 2718 1094 2775 laudisque
1112 2716 1359 2775 captandae
1380 2715 1500 2774 apud
1522 2729 1678 2758 omnes·
1693 2719 1788 2758 stu-

335 2784 434 2829 dio:
464 2785 540 2829 sed
564 2787 650 2830 suis
668 2786 739 2831 Te
758 2786 979 2831 illecebris
997 2786 1130 2830 virtus
1148 2785 1246 2844 ipsa
1262 2783 1438 2828 traxerit
1457 2783 1515 2828 ad
1534 2797 1687 2828 verum
1705 2781 1788 2826 de-
