1884 3262
655 229 1068 275 PRAEFATIO.
1541 238 1604 284 17

131 356 220 382 men
236 357 317 382 non
337 343 430 382 inde
450 344 631 396 sequitur
652 345 868 397 Georgium
896 347 1068 386 Pisidem
1082 377 1094 398 ‚
1124 348 1234 400 quod
1257 349 1397 389 eodem
1418 349 1605 388 Heraclio

128 400 347 452 imperante
366 400 535 450 vixerit,
567 400 753 441 Chronici
778 409 980 442 auctorem
1000 403 1141 443 haberi
1162 406 1330 456 debere,
1361 406 1470 458 quod
1487 407 1604 444 101111-

128 469 201 495 nes
232 457 427 508 Georgius
452 457 746 510 Herwartusl)
774 459 938 498 videtur
970 461 1237 515 existimasse,
1266 463 1378 502 nulla
1400 462 1478 501 alia
1502 476 1602 501 con-

127 514 281 565 jectura
302 527 419 566 quam
431 527 481 552 ex
498 515 633 554 verbis
655 514 799 555 Suidae
818 516 920 555 male
940 516 1168 558 intellectis.

239 626 313 665 XI.
372 627 424 667 Ut
443 633 489 666 ut
503 634 574 677 est,
606 641 680 667 cur
701 627 1013 668 Alexandrinum
1037 629 1264 669 chronicon
1284 632 1417 684 potius
1434 632 1657 682 ‹matun-,An
1682 639 1776 673 Con-

127 683 237 721 nulla
257 682 403 734 urgens
421 684 537 722 reddi
552 691 688 737 potest
712 686 827 736 ratio,
855 686 985 738 inquit
999 700 1179 739 nuperus
1196 686 1430 743 scriptor2)
1443 718 1454 738 ,
1482 685 1821 739 idem‚spantinopo-

128 752 206 790 que
236 739 512 790 doctissimus,
545 755 635 780 cum
663 741 765 780 nihil
792 742 924 781 minus
954 756 1072 795 quam
1098 743 1413 783 Alexandrinum
1442 745 1511 793 sit,
1542 732 1821 810 ni-¹¹t²¹³,¹¹¹¹!'¹³f’'

124 794 264 847 hilque
296 809 506 835 commune
526 796 671 836 habeat
709 812 800 836 cum
830 799 1189 838 Alexandrinorum
1217 801 1461 839 rationibus:
1501 787 1820 857 adeogfftfnpoe'

125 858 172 890 ut
192 852 336 891 mirum
355 853 426 901 sit,
457 866 530 892 cur
548 854 727 894 Raderus
751 854 878 893 hocce
902 855 1045 895 lemma
1070 855 1269 895 chronico
1294 857 1486 896 indiderit
1518 873 1539 896 a
1559 872 1603 898 se

125 907 256 958 edito,
289 909 410 947 Musis
438 909 596 960 invitis,
638 925 685 950 ac
724 912 1029 951 reclamantibus
1057 920 1388 965 quotquot·sunt
1423 914 1603 965 eruditis,

123 965 281 1004 tametsi
319 965 430 1004 haud
467 967 584 1006 aliter
614 967 809 1007 hactenus
843 968 1049 1008 laudatum
1084 970 1157 1020 sit,
1189 983 1238 1009 ex
1272 984 1352 1021 quo
1378 970 1602 1010 Raderiana

123 1021 199 1060 ista
227 1021 351 1060 editio
380 1023 553 1075 prodiit,
583 1038 662 1075 quo
689 1025 839 1063 notiori
869 1026 1018 1064 nomini
1050 1040 1095 1064 ac
1120 1032 1285 1078 recepto
1317 1027 1407 1065 usui
1430 1027 1603 1066 servire-

123 1084 205 1116 tur.
238 1077 344 1117 Hinc
359 1079 531 1119 Jacobus
561 1080 852 1121 Gotthofredus
872 1083 915 1120 in
936 1082 1049 1121 Notis
1067 1082 1118 1122 ad
1134 1082 1458 1134 Philostorgium‚
1481 1081 1603 1123 Chro-

123 1135 241 1173 nicon
268 1133 376 1188 quod
405 1134 522 1175 hodie
551 1135 697 1177 dicitur
721 1136 1051 1178 Alexandrinum
1082 1153 1240 1192 semper
1262 1140 1418 1179 laudat:
1448 1147 1486 1179 et
1506 1140 1602 1179 scite

123 1190 306 1242 quidem,
339 1206 430 1230 cum
453 1199 545 1232 ante
564 1195 826 1234 Raderianam
848 1195 1062 1234 editionem
1083 1197 1169 1235 aliis
1189 1203 1342 1236 extaret
1360 1203 1399 1235 et
1420 1196 1603 1235 laudare-

122 1252 189 1285 tur
206 1247 360 1298 titulis,
388 1249 607 1303 iisdemque
627 1252 756 1290 minus
786 1252 903 1291 etia-m
931 1253 1107 1303 idoneis,
1139 1253 1236 1292 licet
1256 1254 1352 1292 alias
1372 1253 1518 1305 potiori
1538 1253 1603 1291 sui

121 1309 239 1355 parte
269 1304 534 1346 decurtatum,
602 1308 691 1346 Non
721 1309 885 1347 defuere
915 1309 1069 1348 interea
1097 1310 1166 1361 qui
1198 1310 1603 1362 Constantinopolita-

123 1373 218 1399 num
234 1361 337 1399 illud
359 1364 555 1414 appellari
576 1376 695 1414 posse
725 1372 988 1412 censuerunt,
1022 1373 1140 1417 atque
1159 1368 1202 1404 in
1222 1367 1271 1405 iis
1289 1367 1455 1405 Joannes
1476 1367 1603 1404 Leun-

123 1417 277 1455 clavius
295 1414 365 1470 3),
397 1431 477 1468 quo
506 1418 598 1456 loco
618 1419 800 1457 Edictum
822 1420 1029 1458 Justiniani
1051 1422 1309 1473 Imperatoris
1331 1423 1424 1461 fidei
1447 1423 1602 1461 confes-

122 1473 272 1511 sionem
304 1474 512 1512 continens
541 1476 696 1527 primus
733 1475 878 1526 edidit,
908 1477 1132 1528 praemissis
1148 1478 1291 1516 iisdem
1311 1479 1466 1528 verbis,
1499 1492 1601 1530 quae

120 1528 242 1568 habet
270 1528 395 1568 hocce
420 1530 646 1570 Chronicon
674 1532 862 1571 Paschale
898 1532 947 1571 ad
977 1547 1126 1571 annum
1151 1547 1250 1576 xxv.
1281 1534 1509 1582 Justiniani‚
1551 1549 1602 1573 ex

120 1585 323 1624 veteribus
343 1586 587 1637 Annalibus,
618 1602 716 1642 quos
742 1587 929 1643 quidam,
960 1590 1020 1628 uti
1044 1590 1201 1640 subdit,
1235 1588 1601 1643 Constantinopoli-⁴

120 1652 235 1680 tanos
262 1641 490 1694 appellant,
528 1644 762 1696 descriptis,
807 1645 907 1683 adeo
939 1651 984 1684 ut
1019 1661 1095 1699 par
1126 1647 1178 1685 sit
1212 1648 1440 1686 existimare
1474 1647 1600 1686 hocce

120 1698 270 1738 vidisse
289 1699 538 1751 Chronicon,
568 1707 674 1739 etex
693 1715 738 1739 eo
764 1701 939 1752 idipsum
973 1703 1231 1754 exscripsisse
1262 1704 1469 1753 Edictum,
1499 1711 1601 1742 tam-

123 1754 199 1795 etsi
218 1769 269 1793 ex
288 1755 365 1793 alio
389 1770 507 1807 quam
527 1757 778 1809 Augustanae
797 1758 1068 1798 Bibliothecae
1101 1760 1265 1800 Codice:
1297 1761 1406 1812 quod
1426 1761 1490 1799 vel
1508 1760 1602 1799 inde

119 1811 369 1864 percipitur,
409 1813 518 1863 quod
550 1814 595 1852 in
625 1828 671 1853 eo
701 1828 782 1866 quo
820 1828 913 1854 usus
945 1822 1004 1854 est
1037 1817 1240 1866 Raderus,
1279 1817 1321 1855 in
1350 1817 1492 1855 Edicto
1520 1817 1599 1856 isto

120 1866 429 1923 Justinianeo4)
476 1883 642 1921 magnus
670 1869 806 1910 hiatus
829 1872 1055 1924 reperiatur
1084 1874 1127 1912 in
1161 1874 1252 1912 loco
1282 1874 1353 1925 qui
1383 1875 1424 1911 in
1455 1873 1602 1913 Codice

119 1924 337 1975 Vaticano,
368 1931 408 1963 et
436 1927 543 1979 apud
572 1928 853 1966 Leunclavium
889 1929 1044 1980 integer
1080 1930 1343 1979 describitur,
1374 1943 1424 1968 ex
1456 1930 1601 1982 quibus

121 1981 326 2020 defectum
356 1981 554 2022 Editionis
583 1984 829 2024 Raderianae
865 1985 906 2023 in
936 1986 1011 2024 hac
1036 1987 1158 2039 Regia
1196 1987 1492 2039 supplevimus,
1531 1987 1599 2025 ad-

118 2037 258 2091 juncta
285 2038 432 2077 veteris
459 2041 693 2092 Interpretis
721 2042 909 2082 versione
931 2043 1084 2084 Latina.
1142 2044 1223 2082 Sed
1250 2050 1289 2082 et
1320 2044 1362 2081 in
1389 2043 1487 2081 locis
1514 2044 1602 2081 aliis

121 2095 296 2147 ejusdem
326 2094 461 2134 Edicti
490 2096 672 2135 diversae
698 2099 900 2137 interdum
929 2100 1122 2139 lectiones
1151 2106 1391 2148 occurrunt,
1429 2099 1528 2137 adeo
1555 2106 1602 2138 ut

118 2151 209 2204 jure
236 2151 420 2191 dubitare
447 2153 568 2192 liceat
596 2168 646 2191 an
676 2155 891 2206 Exemplar
922 2156 1197 2207 Augustanum
1225 2170 1276 2195 ex
1303 2156 1496 2195 Vaticano
1530 2155 1599 2194 de-

121 2209 315 2261 scriptum
336 2208 471 2248 fuerit.
527 2210 575 2248 In
591 2210 727 2249 eadem
746 2214 1103 2263 porro-sententia,
1135 2213 1268 2264 quoad
1288 2213 1449 2251 titulum
1470 2211 1597 2251 Chro-

121 2264 200 2303 11ἰοί
212 2295 225 2315 ,
256 2271 444 2304 versatur
463 2266 527 2306 vir
544 2267 832 2307 eruditissimus
854 2269 994 2309 Daniel
1014 2269 1310 2323 Papebrochius
1326 2268 1387 2320 ⁵).
1568 2271 1570 2273 ’

607 2392 615 2400 .
700 2392 707 2400 .
748 2393 756 2401 .
799 2393 808 2401 .
1018 2394 1027 2402 .
1057 2394 1066 2402 .
1354 2393 1364 2402 .
1503 2394 1511 2401 .
1569 2394 1576 2401 .
1612 2362 1804 2397 Chronicon

234 2389 324 2428 XII.
381 2390 527 2430 Verum
550 2405 730 2444 quisquis
745 2400 859 2431 istlus
881 2393 1068 2432 Chronici
1092 2400 1235 2433 auctor
1262 2395 1404 2443 fuerit,
1435 2401 1597 2446 scripsit
1608 2408 1774 2443 Paschals

121 2445 188 2485 ille
212 2459 294 2484 non
315 2452 395 2485 tam
415 2447 658 2499 Chronicon,
689 2463 808 2501 quam
830 2451 1071 2503 Computum
1096 2450 1334 2501 Paschalem,
1364 2457 1410 2489 ut
1432 2450 1820 2547 ipsemetdzzffilgzzio-

1610 2548 1726 2582 batur.

168 2673 207 2739 ζ)
230 2673 271 2707 In
295 2674 459 2709 Chronol.
492 2672 671 2754 qap-⁸15¹&
693 2676 773 2711 203.
796 2675 876 2712 214.
899 2676 979 2712 325.
1001 2676 1082 2713 236.

169 2720 212 2831 33
234 2720 849 2821 5353223‘33‘223222‘528301·

169 2812 215 2901 ⁵3
236 2811 439 2938 iiffihffi'g.
457 2812 526 2893 egd-
541 2812 679 2893 vligdesll·
692 2858 842 2905 Georgii
864 2871 899 2894 n.
927 2860 986 2896 27.
1021 2863 1058 2894 et
1073 2865 1075 2867 '
1090 2859 1126 2894 in
1159 2858 1356 2906 Propylaeo
1390 2859 1435 2894 ad
1470 2859 1601 2895 Maium

215 2913 250 2946 p.
323 2928 333 2937 .

182 2954 376 2989 Chronicon
407 2955 579 2990 paschale
607 2958 676 2991 vol.
708 2957 756 2992 ΙΙ.
1297 2956 1325 2995 2
