1884 3262
285 194 384 241 170
609 193 854 238 SELECTA
879 193 952 235 AD
988 191 1480 236 ILLUSTRATIONEM

532 305 632 357 fecto
653 317 691 343 v.
713 317 747 345 c,
783 302 994 342 Vindalonio
1014 302 1169 354 Magno.
1206 302 1264 342 Et
1281 305 1359 355 ipso
1377 314 1470 343 armo
1491 303 1584 342 diem
1604 303 1759 355 functus

547 361 814 400 Valentinianus
831 362 946 399 senior
961 373 1032 399 xv.
1051 360 1139 399 Kal.
1157 360 1318 399 Decemb.
1346 362 1386 399 in
1416 361 1562 399 castello
1588 361 1760 411 Virgitio-

488 442 490 445 v
539 431 603 467 ne,
640 421 674 456 et
705 418 844 457 leuatus
869 421 920 456 est
955 417 1224 457 Valentinianus
1251 417 1380 455 Iunior
1409 417 1506 468 Aug.
1525 419 1634 469 filius
1665 419 1756 468 Aug.

543 474 787 514 Valentiniani
809 475 856 513 ab
888 476 1045 514 exercitu
1076 477 1117 513 in
1143 474 1320 513 tribunali
1347 474 1405 512 die
1424 486 1468 512 x.
1492 475 1579 514 Kal.
1597 474 1759 514 Decemb.

538 533 578 571 in
598 534 746 571 civitate
764 532 908 570 Acinco.
1125 578 1137 581 -

368 592 463 633 376.
493 589 661 627 Valente
681 588 781 640 Aug.
803 588 850 629 V.
877 593 917 626 et
932 586 1216 627 Valentiniano
1235 586 1400 625 Juniore
1421 586 1617 638 Augusto.

504 646 578 685 H1s
601 646 743 686 conss.
762 647 853 684 victi
883 649 918 684 et
943 645 1086 696 expulsi
1110 648 1193 683 sunt
1214 644 1328 682 Gothi
1342 658 1367 682 a
1386 648 1490 693 gente
1514 644 1698 692 Unorum,
1725 649 1760 683 et

537 705 692 755 suscepti
716 706 798 742 sunt
825 704 864 740 in
887 702 1068 741 Romania
1087 715 1155 753 pro
1181 701 1444 749 misericordia,
1477 702 1640 750 jussione
1663 701 1761 752 Aug.

550 760 719 799 Valentis.
776 759 832 798 Et
855 761 932 810 ipso
961 771 1053 797 anno
1090 760 1253 797 introivit
1283 770 1408 809 corpus
1437 758 1600 834 Augusti
1632 757 1759 798 Valen

539 819 676 856 tiniani
691 815 1045 867 Constantinopolim,
1073 828 1114 855 v.
1133 815 1219 854 Kal.
1240 815 1350 854 Janu.
1390 814 1393 815 ⁷

372 875 467 917 377.
499 874 690 913 Gratiano
719 874 788 913 [V.
817 878 856 912 et
886 871 1141 911 Merobaude.

498 931 571 970 H1s
600 931 741 969 Couss.
779 943 866 979 gens
893 930 1088 968 Gothorum
1102 958 1115 978 ,
1150 930 1216 979 qai
1242 941 1310 980 pro
1340 928 1584 967 misericordia
1609 930 1764 979 suscepti

540 992 644 1036 sunt,
673 987 931 1026 rebellaverunt
958 986 1128 1025 adversus
1147 986 1350 1035 Romanos,
1379 985 1430 1024 ad
1448 998 1533 1036 quos
1555 998 1763 1036 expugnan-

539 1046 603 1084 dos
622 1049 704 1083 sunt
722 1047 824 1083 missi
839 1043 989 1083 Comites
1015 1055 1095 1081 cum
1113 1042 1311 1092 militibus,
1341 1046 1376 1080 et
1401 1045 1657 1094 pugnaverunt
1683 1055 1762 1081 curn

540 1102 683 1140 Gothis.

147 1155 335 1188 ccccxvl.
365 1157 462 1200 378.
491 1159 660 1198 Valente
689 1156 758 1196 VI.
789 1163 828 1195 et
856 1155 1136 1196 Valentiniano
1165 1155 1219 1198 II.

157 1554 186 1588 Ρ
209 1553 278 1590 449

488 1215 569 1255 H1s
590 1215 730 1252 Conse.
747 1215 928 1263 ingressus
954 1217 1006 1252 est
1034 1213 1160 1252 Valens
1187 1213 1284 1280 Aug.
1313 1214 1358 1251 ab
1389 1213 1534 1251 Oriente
1557 1211 1762 1251 Constanti-

539 1272 691 1323 nopolim
710 1271 768 1308 die
785 1284 845 1308 111.
868 1270 955 1310 Kal.
975 1271 1059 1309 Jun.
1116 1269 1172 1307 Et
1192 1272 1269 1322 ipso
1294 1283 1387 1308 anno
1406 1269 1590 1321 profectus
1609 1274 1660 1308 est
1688 1270 1760 1308 Va-

539 1330 612 1367 lens
630 1329 724 1377 Aug.
755 1340 800 1365 ex
825 1327 910 1365 urbe
937 1327 987 1365 ad
1000 1327 1183 1379 fossatum
1204 1327 1264 1365 die
1279 1340 1340 1365 111.
1358 1326 1448 1365 Idus
1466 1327 1616 1375 Junias,
1638 1330 1671 1364 et
1692 1339 1762 1377 pu-

540 1399 615 1436 gna
644 1397 780 1434 mag-na
799 1383 882 1435 fuit
907 1397 986 1422 cum
1006 1384 1181 1422 Romanis
1210 1388 1244 1422 et
1273 1383 1403 1422 Gothis
1429 1383 1588 1422 miliario
1615 1396 1687 1421 ΧΠ.
1717 1383 1762 1420 ab

540 1440 833 1492 Hadrianopoli,
871 1440 930 1479 die
957 1454 999 1480 v.
1025 1440 1116 1479 Idus
1143 1440 1314 1491 Augusti.
1369 1440 1437 1478 Ex
1474 1453 1517 1479 ea
1550 1440 1608 1479 die
1639 1439 1764 1477 Valens

543 1499 733 1548 Augustus
766 1510 941 1549 nusquam
978 1499 1171 1549 apparuit,
1215 1502 1249 1536 et
1282 1502 1356 1536 toto
1387 1510 1480 1535 anno
1507 1510 1572 1548 per
1599 1496 1764 1535 diocesim

548 1555 832 1603 Thraclaiarum
861 1559 896 1592 et
930 1554 1126 1607 Scythiae,
1162 1558 1196 1592 et
1226 1554 1408 1604 Moesiae,
1439 1554 1554 1592 Gothi
1577 1554 1762 1592 habitaue-

542 1616 626 1651 runt
659 1611 785 1659 simul,
816 1615 850 1649 et
874 1625 933 1650 eas
956 1612 1242 1663 praedaverunt,
1271 1611 1399 1651 deinde
1425 1623 1537 1663 usque
1567 1611 1616 1650 ad
1635 1614 1762 1663 portas
1816 1614 1817 1618 ’

539 1670 640 1708 urbis
659 1668 1067 1719 Constantinopolitanae
1083 1673 1262 1707 venerunt.

372 1726 467 1768 379.
497 1725 674 1764 Ausonio
706 1730 746 1763 et
775 1724 960 1776 Olybrio.

495 1782 570 1821 Hrs
593 1783 733 1820 conss.
751 1781 890 1820 levatus
907 1785 960 1821 est
982 1781 1202 1820 Theodosius
1221 1781 1319 1831 Aug.
1337 1781 1384 1820 ab
1399 1781 1567 1830 Augusto
1583 1780 1763 1818 Gratiano

543 1840 601 1877 die
626 1851 712 1877 xxv.
742 1838 830 1876 Kal.
857 1838 1030 1879 Februar.
1069 1841 1108 1876 in
1137 1841 1286 1876 civitate
1313 1838 1498 1876 Sirmium.
1557 1837 1641 1888 Ipso
1669 1849 1762 1874 anno

541 1895 656 1934 multa
677 1894 766 1932 bella
784 1895 945 1933 Romani
967 1907 1046 1933 cum
1071 1894 1200 1933 Gothis
1227 1897 1483 1933 commiserunt.
1542 1893 1678 1932 Deinde
1703 1895 1760 1932 vi-

540 1954 674 1991 ctoriae
707 1954 896 1990 nuntiatae
930 1955 1014 1990 sunt
1052 1951 1226 1990 adversus
1252 1952 1418 2000 Gothos,
1453 1950 1618 1999 Alanos,
1655 1954 1762 2002 atque

541 2010 669 2047 Hunos
689 2008 747 2046 die
763 2020 832 2048 xv.
859 2008 944 2046 Kal.
966 2008 1125 2046 Decemb.

484 2068 538 2107 Ad
562 2080 659 2104 oram
680 2068 809 2102 codicis
826 2068 904 2103 MS.
924 2068 1010 2103 haee
1028 2067 1198 2103 habentur
1222 2068 1418 2111 adscripta,
1447 2076 1537 2110 quae
1556 2064 1762 2100 sirmondus

539 2126 668 2161 omiSit.
724 2121 798 2160 His
820 2121 920 2159 Cons.
946 2122 1126 2173 Theofilus
1146 2122 1388 2160 Alexandriae
1416 2120 1619 2171 Episcopus
1642 2119 1761 2168 subje-

512 2203 514 2205 -
540 2183 635 2218 ctum
653 2166 863 2217 laterculum
884 2178 989 2230 infra
1008 2178 1050 2216 de
1072 2178 1233 2217 Paschae
1254 2179 1491 2217 observatione
1512 2177 1710 2216 conscribit.

371 2238 470 2279 380.
501 2236 692 2275 Gratiano
724 2235 905 2285 Augusto
936 2235 985 2274 V.
1015 2240 1056 2274 et
1083 2235 1313 2275 Theodosio
1343 2237 1538 2286 Augusto.

500 2293 575 2331 H1s
610 2293 750 2331 Cosas.
777 2294 948 2331 victoriae
975 2295 1163 2331 nuntiatae
1191 2297 1275 2331 sunt
1298 2293 1479 2330 amborum
1505 2292 1758 2342 Augustorum.

536 2349 592 2389 Et
620 2351 696 2400 ipso
719 2363 810 2387 anno
839 2351 1020 2399 ingressus
1045 2354 1098 2388 est
1120 2350 1336 2388 Theodosius
1356 2350 1453 2399 Aug.
1471 2346 1762 2399 Constantinqwo-

540 2406 602 2445 lim
620 2406 678 2444 die
699 2419 819 2444 xvm.
840 2406 992 2445 Kalend.
1013 2406 1172 2445 Decemb.
1204 2407 1208 2413 “

373 2465 468 2506 381.
501 2462 668 2515 Syagrio
699 2469 739 2501 et
769 2462 980 2501 Eucherio.

498 2519 573 2559 H1s
586 2520 735 2558 Conss.
754 2521 933 2569 ingressus
950 2523 1001 2558 est
1017 2520 1259 2558 Athanaricus
1278 2519 1362 2558 Rex
1379 2518 1577 2556 Gothorum
1585 2514 1760 2555 Constan-

542 2577 724 2628 tinopolim
740 2576 797 2615 die
820 2591 881 2618 111.
903 2576 995 2615 Idus
1010 2577 1162 2615 Januar.
1220 2576 1358 2616 Eodem
1373 2586 1486 2614 meme
1500 2574 1593 2613 diem
1604 2572 1760 2625 functus

541 2633 633 2672 idem
650 2634 894 2672 Athanaricus
912 2647 1002 2672 vm.
1024 2633 1109 2672 Kal.
1129 2633 1302 2675 Februar.

170 2694 343 2724 ccccxx.
372 2692 467 2734 382.
497 2689 670 2729 Antonio
699 2697 739 2729 et
768 2689 949 2741 Syagrio.

499 2747 572 2787 Hts
591 2747 726 2786 Conse.
749 2746 965 2786 Theodosius
981 2747 1170 2797 Augustus
1188 2761 1314 2799 corpus
1331 2748 1492 2797 Augusti
1517 2721 1763 2784 Valentiniani

541 2806 580 2843 in
597 2804 817 2858 sarcophago
834 2803 994 2857 deposuit
1014 2804 1071 2843 die
1091 2818 1148 2843 1x.
1168 2804 1254 2844 Kal.
1275 2803 1393 2844 Mart.
1452 2803 1535 2856 Ipso
1559 2814 1652 2841 anno
1675 2801 1759 2839 uni-
