1820 3276
447 217 509 262 IN
542 217 872 279 cmzomcolv
903 221 1195 267 PASCHALE.
1471 208 1569 273 451

105 322 370 378 Κεχωρῆκασι
394 323 472 381 γὰρ
499 328 558 377 εἰς
574 325 770 371 τοσοῦτόν
791 345 897 379 τινες
923 326 1059 373 αὖτῶν
1089 332 1254 385 μανίας,
1284 329 1388 374 ὅστε
1419 331 1471 386 δή
1503 333 1573 375 καὶ

104 385 180 423 τοῦ
210 381 489 436 σωτηριῶδυυς
521 382 708 437 τυχόντες
734 388 1034 439 Βαπτίσματος,
1063 385 1187 430 πάλιν
1211 390 1448 442 ἐπανῆλθον
1474 387 1576 432 ’ὅθεν

104 439 281 491 ἐξῆλθον
309 443 460 490 κακοῦ,
489 444 615 482 ταῦτα
641 444 908 496 Σαμαρείταις
939 449 1128 497 τιμῶντες
1158 446 1224 486 καὶ
1245 450 1464 496 λυττῶντες
1491 449 1575 500 διη·

103 495 344 549 λέγχθησαν.
402 498 529 537 Infra:
560 498 919 552 σχηματιζο’με’νους
941 499 1027 553 τήν
1054 499 1187 555 ὀρθήν
1212 506 1294 544 τῶν
1320 506 1576 557 Χριστιανῶν

103 552 397 606 προσδέχεσθαι
419 555 576 605 πίστιν,
605 560 693 604 ταῖς
719 555 763 596 δὲ
789 552 999 609 ἀληθείαις
1018 555 1090 612 οὐχ
1111 556 1216 600 οὕτω
1241 564 1517 614 φρονοῦντας,
1546 558 1578 614 ἦ

102 605 351 663 πράττοντας
374 614 501 651 ταῦτα
525 613 808 665 συμβαίνοντα.

219 666 316 717 Pag.
347 671 442 711 619.
477 672 543 711 20-
602 668 688 709 Επὶ
706 667 919 721 χαυνότητι
939 669 982 711 δὲ
999 667 1220 724 α’ρχὸντων]
1251 672 1328 710 Hic
1343 672 1575 711 Praesidum

105 727 146 762 et
190 723 344 762 Ducum
385 725 628 764 Palaestinae
659 726 863 765 avaritiam
906 729 1163 779 perstringit,
1211 743 1311 780 quos
1353 730 1460 768 inter
1497 731 1577 768 fuit

103 779 330 831 imperante
356 782 578 820 Justiuiano
605 783 815 830 Summus,
855 787 938 825 τῶν
965 783 1011 826 ἔν
1044 786 1294 842 Παλαιστίνῃ
1325 789 1577 838 στρατιωτῶν

102 832 361 888 ἡγησάμενος
403 838 534 877 dictus
572 839 770 891 Procopio
808 840 872 878 lib.
913 849 957 881 11.
1006 842 1152 880 Persic.
1188 856 1278 893 cap.
1306 856 1332 880 ι.
1377 843 1419 880 in
1457 856 1576 894 quem

104 899 214 931 exuat
243 890 439 946 ἐγκώμιον
460 895 503 936 ἐκ
530 898 606 935 τοῦ
629 897 866 950 προχείρου,
889 896 1064 936 Choricii
1096 897 1307 947 Rhetoris,
1341 898 1420 938 hoc
1455 900 1577 939 titulo

102 948 144 988 in
177 950 273 989 cod.
306 951 397 1001 Reg.
452 951 530 999 Εἷς
562 955 756 1005 ,Σοῦμμον
781 950 852 993 τόν
877 951 1136 1002 ἐνδοξότατον
1167 951 1474 1007 Στρατὴλάτην,
1504 956 1576 994 ubi

103 1019 186 1044 non
221 1007 378 1045 modice
408 1008 621 1058 laudatur,
652 1010 707 1047 ita
736 1015 782 1047 ut
811 1010 859 1048 ab
891 1009 968 1049 hac
1001 1021 1103 1063 quae
1133 1012 1311 1050 Ducibus
1333 1013 1578 1052 Palaestinae

101 1061 171 1101 hic
201 1063 442 1104 adscribitur
471 1066 588 1117 culpa
619 1079 786 1117 prorsus
815 1067 1032 1109 vacaverit.

215 1120 312 1171 Pag·
343 1125 438 1164 620.
473 1125 512 1164 3.
571 1122 692 1174 Μηνὶ
715 1124 962 1178 Ιανουαρίῳ]
994 1125 1203 1162 Famosam
1231 1123 1348 1164 istam
1379 1125 1574 1163 constan·
1598 1129 1629 1166 V
1659 1133 1730 1170 531

102 1175 406 1228 tinopolitanam
437 1178 672 1218 seditionem
709 1189 785 1233 per
813 1179 990 1231 quinque
1030 1181 1241 1220 continuos
1276 1181 1360 1219 dies
1399 1182 1578 1230 durasse,

102 1247 150 1271 ac
178 1233 316 1272 Idibus
345 1234 519 1273 ,Ianuarii
548 1236 724 1288 coepisse
763 1243 903 1275 auctor
940 1243 999 1275 est
1035 1238 1292 1276 Marcellinus
1327 1238 1492 1287 Comes,
1533 1238 1580 1276 id

103 1296 163 1328 est
190 1304 280 1328 xm.
309 1291 506 1330 Januarii:
539 1305 618 1344 qua
647 1291 809 1344 quidem
834 1293 881 1331 :iu
911 1305 956 1332 re
987 1304 1067 1332 non
1095 1296 1258 1332 ‘omnino
1286 1294 1461 1333 concinit
1484 1309 1576 1334 cum

104 1345 295 1385 Cbronici
324 1348 522 1387 Paschalis
563 1349 778 1401 scriptore,
823 1362 953 1401 neque
995 1350 1064 1389 ille
1102 1363 1194 1388 cum
1229 1351 1458 1402 Procopio,
1507 1352 1579 1402 qui

104 1403 155 1441 ad
186 1418 239 1444 v1.
270 1404 375 1443 diem
405 1405 644 1457 productam
677 1406 753 1456 ait,
783 1419 863 1457 quo
891 1406 1090 1459 Hypatius
1115 1413 1154 1446 et
1175 1407 1388 1459 Pompeius
1406 1407 1450 1445 in
1471 1407 1579 1446 Circi

102 1460 312 1500 Tribunali
344 1461 647 1515 comprehensi,
682 1462 733 1501 ad
771 1462 1037 1502 Justinianum
1078 1463 1287 1515 perducti,
1330 1477 1377 1502 ac
1415 1470 1578 1516 postero

103 1517 169 1556 die
199 1517 302 1556 caesi
329 1525 446 1557 sunt.>
491 1519 632 1558 Tradit
672 1520 823 1572 quippe
861 1520 1037 1573 scriptor
1069 1519 1284 1569 Chronici,
1323 1519 1415 1558 illos
1443 1520 1579 1559 inter-

103 1574 231 1613 fectos
261 1574 435 1626 ejusdem
466 1576 609 1614 mensis
638 1590 725 1615 xix.
768 1576 867 1614 feria
896 1591 942 1615 11.
973 1590 1021 1615 ac
1048 1587 1117 1618 xx.
1160 1577 1259 1615 seria
1287 1590 1350 1617 111.
1380 1576 1580 1628 quievisse

102 1631 317 1670 civitatem.
348 1633 526 1671 Perstitit
553 1633 677 1683 igitur
705 1633 986 1672 seditiosorum
1018 1633 1211 1683 grassatio
1243 1646 1370 1684 usque
1394 1634 1436 1671 in
1455 1647 1577 1673 xvln.

102 1689 252 1727 mensis
291 1687 394 1727 diem
415 1718 426 1739 ‚
476 1690 550 1740 qui
587 1689 629 1727 in
669 1689 915 1739 Dominicam
955 1690 1119 1740 incidit,
1165 1690 1292 1742 captis
1333 1690 1509 1741 Hypatio
1539 1696 1581 1729 et

101 1745 320 1798 Pompeio,
368 1746 419 1784 iis
459 1752 624 1798 postero
664 1746 730 1785 die
765 1759 853 1785 xlx.
890 1747 1124 1786 intersectis.
1181 1747 1238 1785 Ac
1276 1746 1472 1797 siquidem
1505 1759 1580 1799 per

105 1801 284 1854 quinque
323 1802 408 1841 dies
449 1804 660 1841 continuos
697 1801 938 1851 duraverit,
988 1804 1058 1843 illa
1098 1803 1277 1856 coeperit
1304 1817 1374 1842 xv.
1402 1803 1579 1843 Januarii

104 1858 193 1908 die,
224 1858 332 1910 quod
362 1859 466 1897 velle
495 1859 657 1898 videtur
687 1859 939 1909 chronicon,
978 1860 1022 1899 in
1050 1874 1133 1912 quo
1161 1866 1348 1913 posterus
1378 1860 1464 1898 dies
1493 1860 1579 1898 ini-

102 1920 168 1953 tae
196 1914 400 1954 seditionis
429 1917 575 1955 mensis
603 1929 689 1955 xvi.
728 1917 770 1954 in
801 1916 943 1956 feriam
972 1930 1028 1958 VI.
1066 1924 1114 1956 ut
1141 1931 1242 1956 xvn.
1271 1916 1312 1955 in
1343 1916 1578 1966 Sabbatum,

103 1977 143 2010 et
168 1985 286 2012 xvul.
315 1972 357 2010 in
389 1973 633 2012 Dominicam
663 1972 847 2012 incidisse
877 1974 1090 2014 dicuntum
1134 1988 1181 2013 ac
1208 1973 1372 2012 tandem
1401 1973 1578 2012 sedatam

102 2042 191 2067 xix.
222 2029 322 2067 feria
351 2043 398 2069 11.
429 2031 557 2082 captis
589 2043 635 2069 eo
660 2029 724 2068 die
754 2030 934 2083 Hypatio
965 2037 1006 2070 et
1033 2030 1240 2083 Pompeio.
1279 2030 1321 2068 Si
1346 2043 1442 2068 vero
1459 2031 1580 2081 juxta

102 2085 342 2138 Procopium
374 2100 446 2138 per
465 2100 524 2127 vi.
553 2086 640 2125 dies
667 2087 738 2125 illa
770 2087 1010 2139 perstiterit,
1043 2087 1092 2126 iis
1121 2100 1248 2138 usque
1277 2087 1330 2125 ad
1360 2086 1579 2125 eorundem

103 2142 327 2194 captionem
356 2144 528 2195 putatis,
559 2143 703 2183 seditio
733 2145 909 2196 coeperit
935 2157 1021 2184 xw.
1059 2144 1205 2182 mensis
1244 2143 1334 2190 die,
1373 2156 1454 2180 non
1482 2155 1576 2182 xus.

102 2199 214 2251 quod
243 2199 333 2237 vult
361 2200 627 2239 Marcellinus.
687 2200 763 2239 Hic
802 2214 924 2252 porro
964 2200 1206 2239 certissimae
1235 2198 1432 2238 habentur
1460 2205 1579 2237 notae

101 2256 198 2294 anni
229 2255 374 2294 Christi
400 2268 560 2295 nxxxn.
589 2257 834 2302 Bissextilis,
872 2270 953 2308 quo
985 2257 1130 2308 Cyclus
1168 2255 1272 2294 Solis
1307 2255 1388 2294 fuit
1413 2269 1473 2293 1x.
1514 2256 1578 2293 Li-

103 2319 190 2351 tera
224 2312 478 2351 Dominicalis
510 2313 585 2350 DC.
652 2313 866 2352 Caeterum
904 2313 954 2352 de
990 2311 1069 2352 hac
1109 2312 1303 2351 seditione
1342 2311 1579 2351 consulendi

103 2369 337 2421 praesertim
376 2369 595 2422 Procopius
624 2369 694 2410 lib.
722 2384 750 2409 1.
780 2371 928 2410 Persic.
967 2383 1054 2422 cap.
1083 2383 1200 2410 xxw.
1231 2375 1272 2408 et
1299 2368 1575 2421 Theophanes.

218 2426 315 2477 Pug·
343 2429 441 2469 620.
474 2427 513 2469 4-
580 2428 662 2467 Τοῦ
689 2425 904 2480 λεγομένου
936 2425 1070 2478 Νίκα]
1124 2426 1185 2465 Ab
1214 2424 1292 2464 hac
1320 2426 1444 2477 igitur
1471 2438 1575 2463 voce

105 2483 382 2533 cognominata
414 2490 474 2522 est
502 2483 579 2522 iste
610 2482 782 2533 seditio,
812 2482 921 2534 quod
951 2482 1130 2522 crebrius
1153 2483 1193 2520 iu
1222 2482 1308 2521 istis
1334 2482 1575 2520 tumultibus

103 2540 320 2579 inclamata
341 2540 416 2589 sit,
447 2540 509 2578 uti
538 2539 578 2578 iu
607 2539 749 2578 faustis
779 2539 1134 2578 acclamationibus
1163 2538 1252 2578 fieri
1280 2539 1442 2577 solebat.
1476 2539 1576 2577 Cum

106 2610 232 2649 porro
271 2610 321 2635 ex
360 2596 518 2635 civibus
548 2596 999 2646 constantinopolitanis
1029 2596 1180 2635 Graece
1209 2596 1300 2644 alii,
1339 2595 1406 2633 alii
1436 2595 1575 2632 Latine

106 2653 393 2705 loquerentur,
423 2660 593 2705 utraque
620 2654 757 2704 lingua
784 2654 853 2692 illa
883 2653 1135 2692 efferebatur.
1194 2653 1292 2691 Nam
1320 2651 1389 2703 qui
1410 2651 1576 2702 Graece,

110 2707 357 2751 Ιουοτινιανὲ
380 2707 588 2763 Αὕγουστε
620 2711 738 2759 νίκα,
791 2710 862 2762 qui
901 2709 1065 2759 Latine,
1100 2710 1302 2748 Iustiniane
1329 2709 1493 2758 Auguste
1533 2712 1574 2746 tu

105 2768 252 2816 νέηται,
280 2766 571 2813 acclamabant,
611 2767 668 2806 ita
700 2774 832 2806 tamen
864 2773 913 2806 ut
940 2766 1144 2806 intentum
1172 2775 1313 2804 vocem
1342 2765 1438 2806 νίκα
1466 2764 1573 2803 Lati-

110 2822 174 2861 nis
202 2823 370 2862 vocibus
398 2822 681 2875 adjungerent,
709 2831 755 2863 ut
782 2825 823 2863 in
852 2825 1024 2862 Nummo
1045 2821 1257 2874 Theophili
1285 2821 1384 2872 Imp.
1412 2830 1434 2860 a
1455 2821 1575 2859 uobis

108 2878 310 2919 delineato
339 2879 379 2918 in
408 2879 582 2927 Familiis
610 2881 775 2933 Byzant.
802 2879 1048 2923 &EOFILE
1073 2879 1219 2920 AVGo
1229 2878 1367 2919 VSTB
1398 2878 1470 2919 TV
1492 2876 1575 2918 NI-
