1884 3262
514 206 573 249 IN
607 206 938 250 CHRONICON
971 208 1260 251 PASCHALE.
1541 208 1644 254 247
1690 213 1694 218 ’

286 318 380 366 Pag.
411 317 478 358 60.
510 318 576 359 13.
640 316 844 369 Ταιανοὶ]
895 319 991 358 Cod.
1030 318 1160 359 vatic.
1213 319 1365 359 Ταινοί.
1432 316 1645 371 Hippolyt.

173 371 210 411 T
207 372 304 410 alem·
327 376 451 411 contra
478 373 683 422 Arabiam,
725 374 932 424 Saraceni,
973 375 1153 415 Saraceni
1184 376 1255 415 alii
1284 390 1309 414 a
1342 375 1493 414 Talenoa
1525 381 1647 415 contra

168 430 351 468 Arabiam.

285 488 379 535 Pag.
409 488 475 528 60.
508 487 573 529 15.
638 487 849 540 Ταιανῶν]
882 487 983 527 cod.
1015 488 1145 527 vatic.
1174 491 1257 529 τῶν
1292 488 1490 542 Ταηίνων.

285 545 378 592 Pag·
407 545 474 585 60.
506 546 573 586 19.
635 544 688 584 Οἱ
711 541 832 597 μικρὰ
857 540 1060 596 Μαδιάμ]
1094 545 1191 584 Cod.
1222 545 1351 586 Vatic.
1383 544 1425 598 ἦ.

284 601 378 649 Pag.
409 602 477 642 61.
507 599 548 642 4.
609 601 778 654 Ιβηρες]
812 601 910 639 cod.
935 601 1021 641 vat.
1053 602 1200 654 Ιβερες.

280 656 376 694 Ibid.
436 655 520 696 Καὶ
551 656 777 711 Βερῤανοὶ]
825 656 1037 710 Hippolyt.
1066 659 1147 698 MS.
1178 659 1342 707 Hibera,
1370 657 1517 708 Irram',
1549 659 1647 712 Scy<

168 715 248 761 tae,
279 712 417 762 Colchi,
446 713 666 764 Bosforani,
697 715 794 754 Sani
821 718 886 767 qui
910 715 1136 767 appellantur
1163 715 1337 755 sannices
1359 729 1469 768 usqae
1488 716 1643 755 Pontum

166 770 399 808 extendentes.

183 824 189 827 ’
283 829 377 876 Pag
407 829 472 869 61.
502 830 542 869 6.
604 829 718 868 Οπου
739 826 846 868 ἐστὶν
862 825 1098 881 παρεμβολή
1117 827 1316 880 Λψαρος]
1347 826 1560 881 Hippolyt.
1580 831 1645 868 ubi

166 886 218 920 est
249 896 410 921 accessus
429 884 605 932 Absarus,
636 885 743 923 forte
772 898 848 937 pro
876 891 1060 935 aggestus.
1119 885 1290 923 Nomina
1317 898 1392 924 ΧΠ.
1422 886 1642 952 Apostolo-

165 930 280 989 rum,
321 939 391 977 ubi
424 940 474 978 de
502 942 541 979 S.
570 940 753 980 Andrea:
800 938 988 989 Σκύθαις
1017 941 1085 982 xci
1112 943 1356 999 Σογδιανοῖς
1383 941 1454 981 καὶ
1488 938 1644 991 Σακαις
1669 950 1698 983 V
1728 948 1798 987 404

165 992 336 1062 ἐκήρυξε
354 993 398 1037 τὸ
418 992 669 1065 Εὔαγγὲλιον
687 1014 760 1039 του
784 1000 940 1051 Κυρίου
969 997 1088 1051 ημῶν
1112 1001 1241 1051 Ιησοῦ
1262 1001 1442 1051 Χριστοῦ
1457 1027 1469 1048 ,
1501 999 1570 1040 καὶ
1600 1000 1644 1040 ἕν

164 1048 280 1093 πόλει
309 1055 361 1109 τῇ
392 1050 565 1109 μεγαλῃ,
596 1051 702 1096 ὅπου
729 1054 760 1107 ἦ
783 1052 1018 1122 παρεμβολὴ
1043 1061 1231 1110 Αψαρος,
1263 1054 1333 1096 καὶ
1365 1052 1496 1103 Φάσις
1525 1071 1644 1097 ποτα-

165 1106 267 1163 μός·
296 1116 337 1149 et
365 1111 406 1148 in
436 1112 476 1151 S.
507 1110 694 1150 Matthia:
721 1108 898 1163 θνήσκει
925 1110 968 1154 δὲ
1002 1112 1045 1154 ἐν
1062 1112 1269 1168 Αἰθιοπία
1284 1114 1337 1168 τῇ
1356 1111 1452 1162 ἔξω,
1484 1108 1590 1154 ὅπου
1617 1130 1643 1166 η

164 1164 399 1220 παρεμβολη
420 1173 616 1222 Λψαρος,
648 1168 733 1210 ἐκεῖ
746 1165 924 1221 κηρυξας
946 1185 990 1209 το
1011 1166 1275 1224 Ευαγγέλιον.
1329 1169 1646 1219 congregationem

163 1221 427 1276 παρεμβολήν
456 1226 581 1264 vertit
611 1225 761 1264 Chron.
791 1222 1006 1267 Alexandr.
1037 1227 1203 1266 Graecis
1231 1227 1458 1275 interjectum
1487 1227 1551 1265 vel
1583 1241 1646 1265 ca-

166 1285 244 1319 stra
281 1280 492 1332 significat.
550 1276 773 1322 Favorinus
812 1280 1358 1351 Camers:·naqeu1302n,vf
1390 1278 1546 1351 σκήνη,
1577 1280 1646 1324 κά·

166 1350 309 1391 στρον,
335 1334 612 1406 στρατόπεδον.
643 1339 808 1378 Glossae
836 1339 998 1379 Basilio.
1026 1340 1070 1378 in
1098 1337 1222 1391 φόσα.
1259 1335 1644 1394 Τράφος(Ταφρος)

164 1392 252 1447 ἤως
274 1391 522 1448 παρεμβολή.
580 1398 684 1436 Sunt
710 1395 835 1446 igitur
863 1397 1113 1449 παρεμβολαὶ
1143 1404 1298 1446 castra,
1341 1395 1413 1434 sed
1442 1397 1512 1434 illa
1542 1411 1644 1448 pro-

164 1451 287 1504 piie,
334 1451 482 1503 quibus
522 1452 617 1491 olim
657 1452 783 1504 Regni
822 1453 890 1492 vel
926 1454 1090 1505 Imperii
1118 1454 1265 1493 limites
1299 1452 1446 1491 muniri
1477 1453 1644 1493 soluisse

165 1508 354 1548 observat
384 1508 644 1548 casaubonus
675 1510 726 1548 ad
755 1510 1024 1561 spartianum.
1084 1510 1186 1550 Vide
1213 1510 1383 1548 Genesin
1400 1523 1487 1562 cap.
1506 1523 1642 1552 xxxn.

162 1565 293 1604 Aliter
327 1573 443 1606 sonat
495 1566 607 1619 apud
645 1566 863 1616 Tacticos,
916 1573 955 1606 et
1007 1568 1118 1619 apud
1156 1568 1368 1606 Aelianum
1408 1567 1451 1604 in
1491 1567 1643 1607 Tactic.

164 1636 252 1674 cap.
280 1636 383 1662 xxx.
415 1629 456 1662 et
485 1624 662 1662 Suidam.
712 1624 982 1676 Παρεμβολῆς
1011 1637 1109 1663 vero
1142 1625 1305 1663 nomine
1336 1623 1492 1675 aliquot
1521 1624 1642 1662 urbes

163 1685 385 1718 occurrunt
431 1680 541 1732 apud
579 1679 871 1733 Geograph08‚
913 1680 961 1720 ab
1000 1680 1198 1732 ejusmodi
1236 1682 1342 1720 forte
1380 1680 1545 1732 castris,
1595 1687 1643 1720 ut

162 1737 430 1790 παρεμβολῶν
454 1739 718 1788 Επίσκοπος,
749 1737 791 1776 in
820 1737 904 1776 vita
933 1738 1014 1778 MS
1044 1740 1083 1777 S.
1114 1737 1322 1790 Euthymii
1351 1750 1390 1779 n.
1423 1751 1497 1775 xn.

279 1795 375 1843 Pag.
407 1797 474 1836 61.
504 1798 546 1837 7.
607 1795 760 1835 Οΐσσου
791 1791 939 1847 λιμην]
974 1794 1121 1834 Chron.
1149 1795 1368 1834 Alexandr.
1400 1794 1497 1845 legit
1527 1796 1642 1834 Καυ-

163 1845 348 1903 σολιμήν.
406 1850 620 1903 Hippolyt.
656 1852 871 1900 Ussilimen,
901 1852 994 1904 quod
1026 1856 1078 1891 est
1105 1857 1251 1904 partus,
1282 1857 1316 1890 et
1337 1850 1470 1889 Pacius
1492 1853 1641 1903 flumen.

278 1909 372 1957 Pag-
401 1910 478 1950 61.
502 1911 540 1951 8.
601 1910 759 1959 Ταυτα]
790 1909 887 1947 Post
914 1908 1022 1947 hanc
1050 1923 1194 1948 vocem
1225 1909 1336 1948 addit
1356 1907 1504 1947 Chron.
1529 1908 1641 1946 Alex.

161 1962 208 2003 In
233 1963 338 2003 laeva
359 1968 479 2003 autem
494 1969 601 2016 parte
619 1963 786 2005 Nau-echi
814 1970 848 2004 et
869 1965 1047 2015 Labooti‚
1079 1979 1199 2006 voces
1230 1971 1460 2016 corruptae.

279 2023 372 2070 Pag·
402 2023 468 2063 61.
498 2026 539 2065 9.
601 2018 817 2075 ovomere?
852 2019 931 2075 ιβ’]
972 2023 1097 2062 Addit
1132 2023 1240 2062 idem
1282 2021 1644 2062 Chron.1nterra

161 2081 303 2128 excepto
330 2077 433 2117 illum
463 2078 538 2117 Deo
568 2082 759 2131 spiratum
785 2084 961 2129 montem,
990 2080 1035 2119 id
1066 2086 1152 2130 est,
1190 2084 1333 2132 praeter
1362 2074 1644 2119 θεόπνευστον

159 2138 306 2173 montem
332 2134 442 2173 Sina.

274 2191 372 2230 Ibid.
431 2194 495 2231 Εν
521 2190 679 2246 Συρία]
711 2190 834 2230 Addit
859 2192 968 2232 idem
999 2192 1147 2231 Chron.
1177 2195 1271 2230 iuter
1291 2190 1398 2230 Biblo
1426 2195 1459 2229 et
1474 2190 1642 2242 Birytho.

158 2303 211 2342 Al
276 2249 371 2298 Pag·
401 2250 468 2290 61.
505 2251 569 2291 11.
635 2251 696 2303 Τῇ
725 2247 916 2305 δευτέρα]
957 2250 1081 2289 Abest
1109 2249 1208 2288 haec
1241 2261 1326 2288 vox
1362 2248 1407 2286 in
1438 2246 1640 2287 Chronico
1706 2296 1711 2299 .

213 2317 471 2411 exPeg-61.
505 2364 569 2404 12.
628 2365 693 2402 Εν
721 2358 888 2418 Θράκῃ]
919 2364 984 2402 Εν
1011 2364 1062 2416 τῇ
1082 2357 1224 2418 Θράκῃ
1254 2361 1352 2401 Cod.
1371 2360 1501 2402 Vatic.
1546 2360 1640 2399 Chr.

161 2417 277 2458 Alex.
307 2417 350 2456 in
378 2416 528 2466 Eubia,
561 2432 633 2458 seu
665 2419 851 2469 Euboea,
898 2419 942 2458 in
981 2432 1061 2470 qua
1098 2418 1196 2459 urbs
1231 2417 1308 2458 hac
1337 2418 1640 2458 nomenclatura

161 2474 392 2513 nominatur
431 2489 455 2512 a
499 2475 718 2528 Stephano.
777 2449 858 2515 Sed
903 2489 1016 2514 mons
1050 2474 1119 2514 hic
1157 2475 1338 2515 innuitur
1376 2476 1419 2514 in
1457 2474 1639 2524 Thracia,

160 2545 235 2570 seu
263 2531 587 2583 promontorium
615 2533 660 2571 in
688 2533 861 2606 Taurica
884 2531 1157 2607 Chersoneso,
1197 2532 1247 2572 de
1277 2546 1360 2585 quo
1392 2532 1642 2571 Ptolemaeus

159 2594 204 2627 et
230 2588 397 2684 mliii-:115³
429 2642 617 2698 Νύσσος]
655 2645 866 2699 Hippolyt.
905 2643 1024 2697 Nysa.
1083 2644 1233 2685 Chron.
1261 2644 1377 2684 Alex.
1419 2642 1580 2696 Nysseus
1604 2647 1642 2683 in

162 2701 310 2740 Arabia.
369 2701 421 2740 At
452 2702 550 2741 Cod.
582 2703 711 2743 Vatic.
739 2702 864 2742 habet
895 2698 1090 2751 Νύσσας,
1117 2698 1162 2742 τὰ
1185 2702 1304 2741 Σίνα.
1340 2701 1490 2752 Nysam
1518 2714 1641 2753 supra

163 2764 349 2796 montem¹
378 2760 580 2798 excelsum
620 2760 664 2798 in
699 2760 843 2799 Arabia
881 2758 1006 2799 Felici
1042 2772 1093 2797 ex
1130 2757 1305 2797 Diodoro
1333 2757 1482 2796 Siculo
1517 2756 1639 2796 habet

165 2812 375 2921 ortensis}
406 2874 570 2915 61,13.
611 2870 845 2927 Λυκάβιτος
860 2872 906 2918 ἐν
926 2871 1036 2928 Χίω]
1066 2866 1335 2924 Λυκᾶβητος
1329 2875 1371 2910 in
1391 2869 1489 2913 Cod.
1513 2870 1636 2912 vatic
