1884 3262
557 210 827 254 CHRONICI
859 210 1167 255 PASCHALIS
1523 209 1620 258 139

128 322 374 373 nuntiasset,
405 322 604 376 sepelitur
622 322 831 374 Hierapoli
851 336 942 368 cum
961 328 1117 374 septem
1147 315 1231 361 suis
1251 321 1491 372 sororibus,
1519 335 1622 374 qua—

128 394 226 420 rum=
252 379 434 419 meminit
462 381 592 419 Lucas
620 380 665 418 in
698 379 813 419 Actis
847 380 1150 432 Apostolorum.

243 480 299 506 vr.
356 464 693 505 Bartholomaeus
729 465 970 518 Apostolus,
1010 465 1143 516 Indis,
1183 465 1253 518 qui
1282 465 1439 504 Felices
1467 465 1629 504 vocan-x

129 529 222 575 tur,
270 522 503 578 praedicato
543 523 760 574 Evangelio
784 553 795 570 ,
839 522 977 574 iisque*
1000 522 1106 561 ‘dato
1151 521 1351 562 Matthaei
1387 522 1622 575 Evangelio,

129 579 287 634 martyr
316 580 403 620 obit
433 580 708 634 Carbauopoli
736 593 903 632 magnae
932 579 1142 619 Armeniae
1173 579 1289 619 urbe.

246 708 315 734 vn.
374 693 549 734 Thomas
579 693 825 748 Apostolus,
856 693 1042 744 Parthis,
1080 692 1208 732 Medis
1221 723 1237 743 ,¹
1263 693 1416 744 Persis,
1455 694 1627 732 Germa-

131 753 215 800 nis,
245 753 405 791 Bactris
438 759 479 791 et
506 752 632 802 Magis
663 752 901 791 annuntiato
934 750 1086 791 Christi
1114 750 1356 803 Evangelio,
1385 751 1628 804 martyrium

131 810 290 863 patitur
322 809 539 848 calamitae
568 809 707 848 Indiae
736 809 837 849 urbe
868 808 927 848 sic
957 808 1177 862 appellata.

245 909 336 934 vnr.
393 894 620 935 Matthaeus
648 894 905 946 Evangelista
946 895 1085 946 lingua
1129 891 1330 932 Hebraica
1365 893 1627 944 Evangelium

131 953 300 994 tradidit
329 952 533 992 Ecclesiae
568 952 960 1004 Hierosolymitanae
981 985 992 1003 ,
1042 950 1279 1004 praedicans
1310 950 1538 1001 Christum,
1579 965 1627 990 ac

132 1011 326 1063 martyrio
356 1011 482 1049 vitam
512 1009 643 1048 finivit
672 1010 883 1061 Hierapoli
914 1010 1014 1048 urbe
1046 1009 1198 1061 Syriae.

244 1082 302 1106 lx.
361 1068 484 1106 Judas
523 1067 663 1106 Jacobi
698 1066 806 1106 filius
838 1068 881 1105 in
921 1067 1108 1106 universa
1139 1066 1431 1118 Mesopotamia
1465 1080 1627 1105 annun-

78 1117 81 1132 ¹
130 1127 230 1165 tiato
263 1125 426 1164 Christo
455 1125 698 1177 Martyrium
729 1138 871 1176 passus
906 1125 1102 1173 Edessae,
1131 1123 1189 1162 ibi
1217 1123 1423 1163 humatur.

240 1197 283 1223 x.
345 1183 504 1231 Simon,
536 1183 840 1233 cognominatus
870 1182 1015 1232 ludas,
1044 1180 1374 1234 Eleutheropoli,
1407 1187 1447 1220 et
1473 1197 1495 1219 a
1517 1182 1627 1220 Gaza

112 1239 260 1292 'usque
289 1244 330 1278 in
362 1239 590 1292 Aegyptum
627 1241 864 1292 praedicato
893 1239 1054 1278 Christo
1092 1237 1219 1276 humo
1251 1238 1444 1278 conditur
1468 1239 1626 1283 ,Ostra-

131 1299 244 1338 cinae
275 1298 377 1337 urbe
407 1297 604 1348 Aegypti,
644 1297 874 1335 crucifixus
896 1297 1072 1349 Traiano
1102 1295 1342 1348 imperant-e.

244 1370 300 1395 xa
360 1353 550 1394 Matthias
581 1354 801 1393 duodecim¹
829 1354 1052 1406 Discipulis
1087 1353 1180 1391 loco
1220 1353 1346 1392 ,Iudae
1376 1366 1626 1392 annumera—

131 1421 221 1463 tus,
254 1426 346 1451 cum
378 1413 422 1451 in
453 1412 582 1464 prima
606 1411 820 1464 Aethiopia
839 1411 1044 1450 Christum
1067 1409 1365 1462 praedicasset,
1383 1410 1625 1463 Martyrium

129 1484 297 1523 passus,
327 1470 384 1509 ibi
413 1469 595 1521 sepultus
625 1475 694 1508 est.

244 1542 325 1567 ΧΠ..
378 1528 517 1566 Simon
538 1526 698 1566 Zelotes
713 1526 901 1565 universa
923 1525 1165 1565 Mauritania
1183 1539 1403 1577 percursa,
1435 1523 1626 1563 Christo-

132 1585 282 1637 quein
319 1599 365 1624 ea
406 1583 641 1637 praedicato
665 1614 676 1634 ,
727 1583 989 1636 postmodum
1029 1584 1075 1622 in
1113 1582 1363 1621 Britanniam
1402 1583 1626 1635 profectus,

130 1643 286 1696 Mar-tyr
315 1642 502 1693 effectus,
530 1641 593 1681 ibi
617 1642 826 1694 sepelitur.
850 1637 854 1640 ’

248 1752 357 1795 Haec
386 1756 427 1796 in
458 1756 612 1796 Latinis
641 1756 726 1795 suis
756 1756 1086 1806 Commentariis,
1125 1769 1177 1795 ex
1208 1754 1452 1793 Graecorum
1484 1759 1525 1792 et
1553 1753 1629 1791 Ju-

132 1814 329 1853 daeorum
355 1815 520 1867 scriptis
542 1814 714 1853 collecta
742 1814 869 1853 nobis>
901 1814 1068 1853 tradidit
1109 1810 1362 1852 Dorotheus:
1402 1824 1504 1864 quae
1534 1811 1631 1862 qui-

134 1871 224 1910 dem
260 1872 374 1910 velut
406 1873 518 1911 bona
544 1879 585 1911 et
614 1871 748 1925 probe
774 1878 944 1924 accepta
971 1871 1095 1910 simul
1126 1877 1316 1921 congesta
1346 1870 1387 1908 in
1419 1868 1631 1922 publicum

134 1929 358 1979 emisimus,
401 1936 455 1968 ut.
477 1929 543 1968 vel
572 1927 668 1967 iude
703 1929 1145 1981 Constantinopolitani
1174 1927 1444 1980 Episcopatus
1474 1932 1633 1979 pateret

132 1986 292 2024 initium
304 2018 320 2034 ,.
346 2000 480 2038 quove
512 2000 562 2025 ex
593 2000 738 2037 genere
770 1993 885 2026 ortus
914 1993 1020 2025 esset
1049 1984 1350 2038 Metrophanes.
1399 1984 1631 2022 Invenimus

133 2052 343 2096 praeterea
375 2043 419 2082 in
452 2043 654 2082 historicis
686 2044 887 2096 praedicti
914 2043 1044 2082 divini
1073 2044 1151 2083 viri
1178 2041 1371 2081 Dorothei
1402 2041 1530 2090 libris,
1562 2041 1632 2078 Si·-

134 2114 295 2139 monem
327 2101 574 2152 Cyrenaeum
607 2115 687 2153 pro
729 2102 892 2140 Christo
920 2102 1045 2140 fuisse
1086 2100 1347 2140 crucifixum:
1404 2113 1451 2137 ac
1484 2098 1633 2136 Hiere-

136 2159 253 2196 miam
284 2159 521 2196 Pontificem
553 2164 592 2195 et
624 2157 861 2209 Prophetam
882 2189 894 2208 ,
940 2158 1079 2197 divino
1110 2158 1292 2196 afflatum
1321 2156 1491 2208 spiritu,
1529 2154 1632 2194 Hie-

135 2215 426 2267 rosolymitana
468 2215 656 2267 praevisa
696 2216 961 2268 captivitate,
1021 2221 1114 2267 post
1149 2214 1278 2252 Josiae
1309 2214 1428 2264 Regis
1457 2212 1631 2251 Judaeae

137 2273 326 2322 obita-7
364 2272 516 2325 Moysis
554 2272 815 2311 tabernaculo
838 2302 851 2322 ,
897 2286 1075 2324 arcaque
1110 2270 1338 2310 testamenti
1359 2300 1372 2320 ,
1423 2277 1465 2309 et
1502 2270 1630 2308 sacris

137 2330 329 2369 omnihus
355 2344 466 2382 quae
490 2330 530 2368 in
562 2343 608 2368 eo
639 2330 851 2368 recondita
872 2337 1013 2380 erant,
1040 2343 1086 2367 ac
1101 2329 1208 2368 vasis
1225 2327 1424 2367 universis
1444 2342 1466 2365 a
1489 2328 1630 2379 Moyse

139 2388 335 2426 confectis
365 2387 560 2437 sublatis,
591 2401 683 2425 cum
714 2388 889 2426 venisset.
917 2388 959 2425 in
989 2392 1166 2425 montem
1198 2385 1390 2436 Nabaou,
1426 2385 1631 2424 invenisse

139 2452 299 2484 antrum
323 2464 345 2493 ,⁴
392 2445 460 2484 ubi
490 2446 577 2498 ipse
606 2444 767 2497 Moyses
798 2446 984 2496 sepultus
1010 2445 1142 2483 fuerat
1165 2473 1176 2492 ,
1229 2443 1271 2481 in
1299 2443 1454 2495 illoque
1494 2442 1627 2483 omnia

138 2502 213 2541 ista
247 2502 507 2554 deposuisse,
538 2515 584 2540 ac
614 2515 755 2554 preces
786 2502 964 2551 fudisse,
993 2507 1040 2540 ut
1060 2515 1106 2540 ea
1126 2504 1258 2553 usque
1277 2500 1330 2539 ad
1351 2500 1503 2539 saeculi
1525 2513 1628 2539 eon-

138 2560 444 2599 summationem
471 2573 553 2598 non
581 2560 875 2599 revelarentur.
941 2559 1056 2598 Unde
1086 2557 1284 2597 hacteuus
1313 2558 1432 2596 locus
1461 2557 1532 2596 ille
1562 2557 1628 2595 in-

138 2618 322 2668 cognitus
349 2617 500 2655 mansit
518 2617 802 2669 Pontificibus,
834 2624 954 2670 atque
973 2617 1051 2669 ipsi
1080 2616 1181 2655 adeo
1208 2615 1280 2667 qui
1309 2629 1355 2654 ea
1385 2614 1632 2667 deposuerat

139 2674 379 2715 Hieremiae.
439 2674 541 2712 Cum
569 2673 618 2712 iis
649 2681 690 2715 et
717 2675 795 2714 ista
823 2675 1049 2727 reperimus
1069 2703 1080 2721 ‚
1129 2672 1255 2712 Galba
1297 2678 1338 2711 et
1376 2673 1487 2724 Sylla
1519 2671 1854 2717 Coss.An.Ch1-.34.

139 2745 239 2784 prae
268 2731 417 2783 frigore
449 2731 710 2782 conglaciato
729 2734 823 2771 lacu
855 2730 1123 2779 Genesereth,
1155 2728 1398 2769 Herodiadis
1418 2729 1543 2768 filiam
1562 2730 1633 2767 lu-

98 2824 101 2833 ,
141 2789 244 2827 d-icri
273 2788 398 2840 gratia
428 2788 476 2827 in.
500 2788 669 2839 glaciem
700 2789 979 2839 descendisse,
1028 2802 1154 2842 eaque
1185 2787 1372 2840 disrupta
1392 2817 1404 2838 ,
1446 2801 1492 2825 ac
1521 2787 1630 2826 facto

138 2844 286 2891 hiatu,
335 2844 449 2884 illius
481 2858 632 2898 corpus
672 2847 797 2887 fuisse
828 2847 1087 2900 absumptum
1111 2877 1122 2896 ‚
1170 2843 1296 2897 glacie
1325 2844 1503 2898 desuper
1532 2858 1643 2883 coa-=

141 2903 332 2942 lescente:
384 2903 654 2944 Herodiadem
687 2918 804 2956 vero,
848 2911 1018 2958 sumpto
1047 2905 1152 2943 inu-a
1193 2902 1456 2956 genuafiliae
1487 2902 1632 2955 capite,
