1884 3262
279 206 380 253 280
847 205 1172 248 NOTAE

397 318 490 366 pag.
517 318 612 359 312.
650 318 687 358 1.
747 314 1026 369 Ερκουλῑνου]
1056 314 1156 357 [dat.
1177 315 1260 354 Ms.
1291 315 1490 354 Aesculino.
1522 315 1647 365 Fasti,
1670 307 1759 354 sev-''-
1840 353 1842 356 .

281 374 368 412 vilio
400 372 559 412 Structo.

399 431 493 478 Pag.
521 430 619 471 312.
648 431 688 471 6.
737 422 954 481 Λανάτου]
982 427 1084 468 Idat.
1112 427 1194 468 MS.
1225 427 1391 466 Laenate
1417 431 1452 466 et
1478 428 1648 467 Publilio.
1680 427 1758 466 Fa-

283 485 356 535 sti,
385 484 542 523 Lanato.

406 544 495 592 Pag-
524 543 622 584 312.
655 544 721 584 19.
778 537 1042 596 Εὐριπίδης]
1101 541 1163 580 Ex
1211 539 1414 588 Eusebio,
1461 540 1532 578 ubi
1580 540 1759 593 Scaliger

282 612 326 652 p.
358 600 452 641 108.
483 604 523 637 et
551 598 709 640 Selden.
739 598 791 638 ad
819 597 1004 651 Epochas
1032 597 1334 636 Arundelianas.

398 654 496 695 Ibid.
555 654 639 696 Καὶ
676 654 919 708 Σοφοκλῆς]
970 654 1095 694 Iidem
1132 654 1308 706 Scaliger
1348 659 1388 693 et
1425 652 1619 692 Seldenus
1656 652 1759 692 locis

282 711 482 750 indicatis.
1554 725 1561 730 ·

400 771 493 818 Pag·
523 769 620 813 313.
651 772 691 812 9.
753 763 1035 822 Πουβλικόλα]
1075 767 1220 820 Scalig.
1254 762 1510 821 Ποβλικόλα,
1551 765 1759 818 quomodo

282 825 390 864 Fasti
420 825 503 865 alii.
1594 855 1596 859 ,

399 884 493 932 Pag·
522 883 618 925 313.
649 885 716 924 10.
782 879 1072 934 Βιβουλανοῦ]
1127 881 1272 932 Scalig.
1320 879 1577 933 Βιβονλίνου.
1634 879 1760 930 Fasti,

289 938 476 979 Vibulano.

399 998 492 1046 Pag.
519 996 616 1037 313.
648 996 713 1036 11.
773 990 1029 1050 Ισοκρᾶτης]
1075 994 1252 1033 Rursum
1300 993 1437 1033 eadem
1477 991 1603 1032 verba
1639 991 1760 1041 infra,

282 1051 336 1092 ad
366 1066 429 1092 an.
459 1052 505 1090 U.
537 1052 579 1089 C.
614 1064 800 1092 cccxxw.

399 1112 493 1159 Pag.
524 1111 620 1150 313.
653 1110 720 1150 13.
778 1106 1015 1160 Αθηναῖοι]
1064 1107 1126 1148 Ex
1155 1106 1300 1146 Euseb.
1331 1105 1481 1146 chron.
1510 1105 1582 1144 ubi
1615 1119 1765 1145 consu-

281 1165 428 1204 lendus
468 1165 674 1215 Scaliger,
720 1178 767 1202 ac
807 1164 849 1202 in
893 1165 1034 1217 primis
1073 1163 1289 1202 Salmasius
1330 1163 1382 1202 ad.
1420 1163 1765 1202 consecrationem

282 1222 427 1274 templi
455 1222 498 1260 in
528 1234 623 1270 agro
661 1220 834 1260 Herodis
866 1220 991 1259 Attici
1027 1234 1116 1272 pag.
1146 1222 1215 1263 30.
1248 1227 1288 1259 et
1317 1234 1429 1272 seqq.
1470 1225 1509 1258 et
1537 1219 1765 1259 Bochartus

283 1278 327 1317 in
358 1279 494 1317 Colon.
526 1277 714 1316 Phoenic.
743 1277 814 1316 lib.
843 1291 873 1316 1.
910 1291 999 1330 cap.
1027 1290 1100 1317 xx.
1158 1276 1310 1316 Eadem
1334 1277 1452 1316 etiam
1480 1275 1603 1317 habet
1633 1276 1765 1316 Geor—

284 1335 372 1387 gius
403 1334 611 1387 Syncellus
642 1351 679 1387 p.
712 1333 812 1377 257.

403 1395 496 1443 Pag.
525 1390 620 1434 314.
650 1395 690 1434 7.
747 1385 991 1445 Βαρβάτου]
1030 1388 1130 1428 Idat.
1161 1389 1245 1430 MS.
1276 1389 1468 1439 Barbaro,
1505 1389 1639 1441 Fasti,
1667 1389 1767 1429 Bar-

285 1450 381 1487 bato.

398 1507 496 1554 Pag.
526 1502 622 1547 314.
655 1506 694 1546 8.
751 1502 982 1558 Αρμενίου]
1013 1502 1167 1542 Schott.
1188 1501 1408 1558 Ερμενίου.
1438 1502 1542 1544 Idat.
1561 1502 1642 1543 MS.
1667 1501 1767 1542 Her-

284 1563 408 1600 menz‘o.
467 1561 593 1611 Fasti,
622 1561 820 1600 Herminio.

404 1620 497 1668 Pag.
528 1616 625 1660 314.
665 1622 731 1661 17.
791 1613 1003 1670 Πλάτων]
1052 1618 1227 1655 Rursum
1267 1615 1405 1656 eadem
1445 1616 1592 1669 repetit
1621 1615 1672 1655 ad
1702 1629 1767 1655 an.

285 1676 337 1717 U.
369 1674 412 1715 C.
444 1687 636 1714 cccxxm.
698 1675 800 1715 Vide
837 1674 979 1726 Scalig.
1013 1673 1065 1713 ad
1100 1673 1344 1726 Eusebium,
1386 1673 1457 1712 ubi
1499 1673 1550 1712 de
1591 1672 1768 1712 Platonis

288 1730 414 1770 natali
443 1736 484 1770 et
513 1737 656 1769 morte.

403 1790 497 1837 Pag.
526 1789 624 1829 315.
664 1790 704 1831 3.
764 1785 1008 1838 Πακὲλλου]
1061 1786 1162 1826 Idat.
1201 1787 1352 1827 Pacilio.
1411 1785 1517 1825 Fasti
1527 1815 1538 1837 ‚
1578 1787 1627 1825 G.
1656 1784 1771 1826 Facio

291 1844 426 1884 Pacilo.

404 1902 498 1950 Pag.
529 1898 625 1942 315.
658 1899 698 1942 4.
756 1897 1003 1953 Μακρίνου]
1032 1897 1136 1938 Idat.
1168 1904 1209 1937 et
1240 1898 1368 1949 Fasti,
1401 1898 1600 1938 Macerino.
1644 1897 1769 1949 Infra,

289 1956 469 1996 Macrino.
526 1956 637 1995 Idem
667 1955 766 1995 Idat.

406 2015 500 2063 Pag.
530 2014 627 2056 315.
660 2016 701 2056 9.
759 2009 999 2065 Βεργινίου]
1031 2010 1092 2049 Ita
1121 2010 1278 2050 Schott.
1308 2010 1409 2050 Idat.
1441 2011 1521 2050 MS.
1552 2017 1594 2051 et
1621 2012 1740 2054 Fasti.

405 2071 497 2119 Pag.
527 2070 624 2113 315.
657 2072 721 2111 10.
781 2069 1038 2121 Καμερίνου]
1080 2067 1182 2107 Idat.
1213 2068 1292 2108 MS.
1333 2066 1479 2107 Carino.

405 2128 499 2176 Pag.
529 2125 624 2168 315.
659 2128 723 2169 12.
785 2124 969 2177 Ποίνου]
999 2124 1100 2164 Idat.
1128 2125 1211 2166 MS.
1245 2127 1361 2165 Poeno
1381 2129 1415 2164 et
1433 2124 1618 2165 Melitam.
1645 2123 1768 2176 Fasti,

294 2182 339 2221 T.
364 2182 514 2225 Quintio
544 2185 676 2222 Penno.

408 2241 502 2290 Pag.
533 2240 629 2282 315.
663 2240 730 2281 13.
790 2240 1031 2291 Καμπανῶν
1061 2237 1212 2291 ἔθνος]
1254 2238 1315 2277 Ex
1342 2237 1541 2287 Eusebio,
1569 2235 1638 2275 ubi
1667 2237 1770 2275 Sca-

289 2294 391 2346 liger
422 2310 459 2347 p.
492 2296 585 2339 105.
644 2295 703 2333 lta
736 2294 855 2333 etiam
887 2295 1100 2346 Syncellus
1132 2310 1175 2348 p.
1204 2294 1298 2338 248.

407 2355 501 2403 Pag,
530 2352 628 2395 315.
661 2351 726 2394 14.
788 2351 871 2392 Καὶ
898 2352 1122 2406 Τουλλίου]
1163 2351 1264 2392 Idat.
1291 2352 1400 2392 Julio.
1438 2350 1570 2402 Fasti,
1593 2350 1643 2389 L.
1671 2349 1770 2389 Julio

294 2408 389 2447 Julo.
1006 2417 1013 2422 “

409 2466 503 2514 Pag·
531 2464 627 2507 315.
662 2466 727 2506 19.
786 2465 960 2517 Αχίλλοι,
979 2465 1074 2518 etc.]
1104 2466 1164 2505 Ita
1193 2465 1293 2507 Idat.
1315 2465 1397 2507 MS.
1428 2462 1584 2503 Schott.
1604 2462 1768 2512 Αξίλλα.

294 2519 424 2572 Fasti,
455 2521 495 2560 C.
515 2520 682 2560 Servilio.

407 2575 505 2628 Pag.
535 2580 630 2620 316.
660 2575 698 2618 4.
761 2576 993 2630 Ρουτιλίου]
1023 2578 1083 2617 Ita
1111 2578 1210 2618 Idat.
1239 2578 1320 2618 MS.
1352 2583 1393 2618 et
1422 2576 1577 2617 Schott.

413 2636 508 2685 Pag.
537 2636 634 2677 316.
667 2637 706 2676 7.
766 2632 986 2684 Ξενοφῶν,
1005 2633 1098 2687 etc.]
1128 2636 1232 2675 Tota
1260 2634 1361 2674 haec
1389 2632 1580 2687 perioche
1609 2638 1768 2701 sumyta

296 2696 356 2729 est
395 2703 446 2744 ex
481 2690 678 2740 Eusebio,
727 2689 793 2728 ubi
824 2689 1000 2741 Scaliger
1037 2705 1127 2744 pag.
1162 2695 1255 2735 122.
1324 2691 1403 2730 Sed
1444 2704 1517 2730 cur
1559 2691 1769 2743 Ορζυλαου

297 2760 440 2786 vocem
469 2747 592 2787 addat
628 2746 782 2786 Auctor
821 2745 1036 2797 chronici,
1086 2749 1200 2800 quasi
1235 2747 1463 2800 Xenophon
1501 2746 1610 2785 filius
1647 2746 1771 2786 fuerit

299 2803 487 2855 Orzylai,
518 2803 590 2857 qui
620 2803 752 2857 Grylli
779 2803 951 2843 Eusebio
982 2810 1022 2844 et
1051 2804 1328 2859 Scriptoribus
1347 2804 1520 2855 dicitur,
1549 2817 1631 2843 non
1650 2803 1769 2856 plane
