1884 3262
310 176 408 252 226
631 203 870 247 sELEcTA
901 204 972 245 AD
1008 203 1498 246 ILLUSTRATIONEM

935 505 1136 562 XXII.

635 629 922 673 VARIAE
979 628 1447 671 LECTIONES

348 721 447 768 AD
495 720 970 769 EPISTOLAM
1013 718 1384 768 DIONYSII
1434 717 1723 766 EXIGUI

288 783 292 785 ⁵
732 824 798 863 DE
827 823 1056 863 RATIONE
1089 820 1342 871 ΡΑεοΗΑΕ,

301 925 348 952 ex
391 913 515 953 codd.
556 915 650 965 Reg.
681 927 908 952 mccccxnv.
949 912 1158 951 colberteo
1200 925 1314 950 ‹1ch.
1364 917 1404 949 et
1442 910 1676 960 petaviano,
1717 909 1768 947 ad

687 982 912 1021 Editionem
944 979 1136 1019 Bucherii
1163 994 1253 1033 pag.
1286 979 1383 1022 485.

414 1105 504 1156 Pag.
534 1105 628 1149 485.
656 1105 761 1147 titul.
800 1106 934 1156 Incipit
963 1105 1136 1156 Epistola
1172 1106 1341 1156 Dionysii
1368 1104 1518 1153 Exigui
1554 1103 1605 1140 ad
1636 1102 1767 1141 Patro-

297 1162 396 1199 nium
414 1162 632 1213 Episcopum
660 1163 702 1201 de
726 1165 863 1201 ratione
883 1162 1067 1200 Paschali.
1124 1161 1360 1212 Repetuntur.
1419 1161 1478 1198 Ita
1510 1159 1618 1198 MSS.
1677 1159 1766 1198 Sin-

296 1219 433 1267 gulari.
464 1218 590 1257 MSS.
620 1220 810 1257 saeculari.
867 1219 923 1256 Et
953 1220 1125 1266 stabilem.
1155 1217 1283 1256 MSS.
1311 1231 1376 1266 ac,
1405 1223 1480 1255 etc.
1539 1215 1767 1254 Festivitatis

295 1277 433 1313 unicae.
463 1274 589 1314 MSS.
610 1278 772 1326 antiqua.
835 1275 1063 1313 Ordinantes.
1101 1275 1160 1312 lta
1190 1274 1316 1312 MSS.
1373 1273 1597 1324 Praeferunt.
1627 1272 1764 1323 MSS.

152 1340 181 1374 P
206 1338 275 1376 480
297 1330 548 1382 expraeferent.
609 1332 687 1375 Qui
712 1334 830 1370 etiam.
870 1331 929 1369 Ita
958 1331 1085 1369 MSS.
1151 1331 1368 1369 Veneranda.
1406 1329 1532 1368 MSS.
1566 1330 1764 1368 reverenda.

296 1387 538 1426 Desciverunt.
576 1388 702 1437 MSS.
734 1389 976 1427 discesserunt.
1035 1387 1458 1426 Enneacaidecaetirida.
1489 1385 1614 1424 MSS.
1636 1389 1777 1429 enm'aa,

291 1444 502 1483 cedecerida.
563 1445 755 1483 Circulum.
781 1444 907 1483 MSS.
928 1445 1064 1483 ciclum.
1309 1484 1311 1490 s
1555 1480 1557 1482 ,

405 1501 496 1551 Pag.
526 1501 621 1543 486.
679 1502 766 1540 Imo.
805 1500 931 1539 MSS.
965 1504 1076 1540 immo.
1143 1500 1200 1539 Et
1236 1501 1412 1539 ultimum.
1452 1498 1664 1551 Sequitur,
1697 1512 1762 1550 per

291 1571 399 1596 annos
416 1558 577 1607 singulos
594 1571 704 1597 unum
724 1571 909 1597 numerare
928 1560 1091 1606 curabis,
1122 1560 1162 1595 in
1190 1571 1228 1595 eo
1255 1561 1373 1596 tamen
1399 1557 1498 1595 modo
1526 1570 1627 1594 anno.
1684 1554 1762 1594 Nos

291 1618 409 1652 autem
436 1627 632 1653 ccxnvm.
664 1620 727 1653 etc.
776 1615 882 1659 Quod
915 1615 1079 1654 Circulus
1108 1617 1184 1652 iste.
1244 1613 1369 1654 MSS.
1401 1615 1494 1666 quod
1526 1614 1645 1652 Ciclus
1673 1615 1759 1664 ipse.

291 1671 525 1722 Propositum.
553 1670 678 1710 MSS.
697 1674 947 1724 praepositam.
1010 1671 1187 1710 Ordinem.
1227 1671 1356 1710 Deest.
1394 1672 1607 1709 Annotatas.
1633 1670 1759 1709 MSS.

291 1726 496 1766 adnotatas.
554 1728 915 1767 Decemnovennalem.
962 1728 1090 1766 MSS.
1109 1756 1141 1767 ..
1160 1756 1168 1765 .
1186 1728 1253 1765 his.
1311 1728 1590 1766 Hebdomadum.
1631 1726 1759 1766 MSS.

291 1787 516 1835 septimanae.
548 1823 550 1827 ,
575 1785 731 1824 Domini.
763 1784 889 1825 MSS.
911 1785 1116 1823 dominicus.
1176 1784 1459 1823 Hebdomadum.
1491 1783 1617 1822 MSS.
1643 1783 1759 1834 'septe-

290 1854 490 1878 manarum.
550 1841 595 1879 In
624 1855 662 1880 eo
691 1841 938 1880 tantummodo.
965 1839 1104 1879 'MSS
1126 1843 1165 1879 in
1193 1855 1231 1878 eo
1252 1845 1370 1879 tamen
1388 1841 1499 1879 modo.
1558 1840 1758 1878 Bissextus.

291 1897 415 1938 MSS.
438 1899 490 1935 bis
507 1902 638 1937 sextus.
670 1899 734 1936 Sic
756 1898 859 1936 alibi.
918 1897 965 1936 In
992 1898 1069 1936 illis
1104 1898 1198 1935 solis.
1225 1897 1354 1936 MSS.
1373 1900 1413 1935 in
1434 1898 1490 1934 liis
1511 1897 1606 1935 solis.
1664 1896 1757 1935 Pro-

286 1956 479 2006 posuimus.
524 1954 651 1993 MSS.
685 1956 963 2008 praeposuimus.
1030 1954 1128 1993 Dum
1170 1956 1332 2005 temporis
1375 1950 1518 1992 initium
1553 1956 1755 2003 ignoratur.

288 2011 438 2049 Desunt
466 2010 507 2048 in
537 2010 672 2055 MSS..

405 2068 494 2118 Pag.
523 2066 618 2109 487.
678 2066 817 2106 Mensis
833 2070 909 2107 iste.
940 2065 1106 2106 Addunt
1125 2066 1229 2104 MSS.
1250 2067 1356 2105 vobis.
1385 2066 1605 2116 Legislator.
1627 2067 1753 2106 MSS.

289 2125 385 2162 lator
413 2125 515 2174 legis.
574 2124 777 2163 commonet.
806 2123 932 2161 MSS.
952 2127 1133 2161 ammonet.
1191 2120 1319 2163 Noctu.
1357 2122 1483 2162 MSS.
1505 2129 1616 2164 nocte.
1674 2124 1755 2162 Die.

288 2180 397 2219 MSS.
419 2180 521 2221 Add.
541 2183 679 2219 mensis.
746 2180 939 2230 Vesperum.
969 2179 1094 2218 MSS.
1113 2193 1300 2231 vesperam,
1358 2179 1499 2219 Mensis
1522 2182 1607 2219 kic.-
1625 2180 1752 2220 MSS.

287 2240 416 2275 mensis
433 2240 510 2277 iste.
570 2237 734 2287 Legitur.
775 2236 899 2274 MSS.
922 2237 1149 2286 intelligitur.
1216 2237 1434 2275 Venerabiles
1465 2251 1544 2277 ccc.
1570 2242 1603 2276 et
1632 2251 1750 2276 xvm.

287 2294 502 2332 Exordium.
540 2293 666 2334 MSS.
701 2295 852 2332 initium.
915 2294 1123 2331 Tantorum.
1165 2293 1290 2331 MSS.
1316 2298 1511 2332 tantarum.
1580 2295 1748 2333 Vernalis.

286 2349 412 2388 MSS.
431 2350 597 2388 vernales.
658 2350 906 2400 consequatur.
937 2350 1062 2388 MSS.
1088 2364 1155 2389 non
1176 2354 1444 2401 consequantur,
1505 2351 1582 2394 Qui
1605 2365 1630 2389 α
1661 2351 1750 2388 duo-

288 2407 439 2444 decimo:
460 2406 585 2445 MSS.
605 2408 690 2458 quia
711 2420 785 2444 ΧΠ.
806 2410 867 2445 etc.
928 2406 975 2444 In
1003 2420 1070 2457 quo
1096 2410 1223 2456 etiam,
1253 2411 1316 2445 etc.
1354 2407 1479 2446 MSS.
1499 2411 1639 2446 secutus
1665 2421 1748 2445 san-

288 2466 399 2501 ctioni
418 2465 561 2513 signari
577 2464 660 2501 dum
680 2464 758 2501 alia
768 2465 1030 2513 supputationis
1049 2466 1086 2501 in
1106 2477 1172 2515 quo
1191 2466 1331 2502 etiamsi
1347 2465 1434 2502 luna
1449 2479 1555 2502 xun.
1586 2464 1748 2503 Sabbata

286 2522 496 2569 contigerit,
527 2522 589 2570 qui
605 2520 706 2558 semel
732 2521 772 2557 in
795 2533 886 2557 xcv.
909 2521 1072 2558 accedere
1089 2521 1318 2570 manifestum
1339 2526 1401 2565 est.
1443 2521 1631 2559 Pasckalis
1644 2522 1748 2572 festi.
1811 2558 1813 2562 ,

286 2573 414 2615 MSS.
439 2577 605 2627 paschali
614 2576 722 2627 festo.
780 2576 1022 2615 Aestimantes.
1052 2577 1177 2616 MSS.
1195 2580 1445 2616 existimantes.
1503 2578 1664 2616 Solarem
1682 2591 1747 2616 an-

281 2646 378 2671 num.
419 2633 544 2672 MSS.
573 2634 703 2671 solares
732 2646 850 2670 annos.
907 2634 1185 2673 Accommoclant.
1221 2634 1348 2677 MSS.
1382 2634 1548 2674 adcom..
1564 2664 1572 2673 .
1631 2635 1747 2674 Juxta

285 2690 388 2727 hanc.
420 2689 568 2728 Vocem
586 2691 679 2728 itanc
705 2689 895 2727 omittunt
923 2689 1031 2728 MSS.

398 2746 491 2796 Pag.
521 2748 615 2789 488.
675 2745 762 2785 Sive
781 2749 901 2797 potius
930 2749 1123 2784 sanctionis
1151 2748 1288 2795 ignari.
1318 2747 1423 2785 Haec
1444 2747 1600 2785 desunt.
1659 2747 1745 2785 Per-

286 2804 440 2853 quirunt.
472 2803 596 2842 MSS.
613 2806 831 2855 perquirant.
880 2803 1075 2841 Recedunt.
1104 2803 1230 2841 MSS.
1253 2808 1477 2842 recesserunt.
1523 2804 1572 2841 Ut
1589 2805 1742 2854 quando.

286 2857 412 2897 MSS.
443 2864 483 2897 ut
513 2873 626 2912 quam.
685 2861 896 2910 Religionis.
943 2859 1107 2898 Addunt
1136 2859 1244 2899 MSS.
1274 2875 1298 2898 a
1324 2865 1502 2899 tantorum
1535 2859 1743 2913 Pentzficum
