1884 3262
508 217 779 262 CHRONICI
813 216 1122 260 PASCHALIS.
1487 214 1520 260 9
1528 214 1554 259 1

184 330 298 368 Anno
339 329 516 369 secundo
555 329 802 378 Theodosii,
832 312 1210 382 ¹Constantinopoli
1258 327 1459 367 celebrata
1497 332 1557 365 est

70 387 284 440 Synodus,
316 401 420 425 anno
451 386 599 426 Adami
627 386 751 445 5872.
782 385 932 425 Christi
951 389 1048 429 372.

183 501 300 540 Anno
335 513 431 539 xm.
462 497 680 538 Theodosii
711 499 915 550 Junioris,
960 498 1164 552 Ephesina
1203 499 1334 551 prima
1365 497 1558 551 Synodus

69 558 207 599 habita
233 565 317 608 est,
356 570 460 596 anno
484 557 609 599 5913.
640 556 790 597 Christi
814 557 912 600 413.
1441 560 1444 562 ’

183 673 299 710 Anno
336 673 469 724 primo
497 671 659 723 imperii
695 670 910 720 Marciani,
960 667 1287 708 Calchedonense
1329 667 1560 721 Concilium

71 729 322 781 celebratur,
351 741 456 766 anno
485 727 534 766 ab
562 727 712 767 adamo
737 727 862 771 5943.
893 742 917 766 a
941 726 1102 766 Christo
1121 726 1218 769 443.

185 842 302 885 Anno
328 854 445 880 nvx.
466 841 628 894 imperii
659 840 894 890 Justiniani‚
928 841 1080 890 Quinta
1108 840 1296 893 Synodus
1321 839 1456 878 habita
1488 845 1561 886 est,

70 900 119 939 ab
142 899 297 939 adamo
320 913 425 938 anno
445 898 569 942 6045.
599 913 621 937 a
643 897 804 937 Christo
824 897 921 941 545.

767 1171 865 1227 ΙΠ.

140 1271 982 1322 IMPERATORES
1051 1273 1502 1324 ROMrANI

318 1362 408 1404 Qm
430 1362 485 1398 m
508 1362 733 1405 ANTIQUA
757 1363 897 1398 ROMA
923 1363 1316 1401 REGNAVERUNT.

72 1468 268 1508 Octavius
291 1468 511 1518 Augustus.
571 1469 631 1507 Eo
648 1475 863 1520 regnante,
895 1468 1076 1509 christus
1095 1477 1214 1509 natus
1235 1478 1316 1510 est:
1346 1470 1561 1523 imperavit

186 1539 285 1564 vero
308 1524 512 1576 Augustus
534 1539 659 1564 annos
683 1540 783 1565 Lvn.

70 1582 253 1622 Tiberius
273 1596 362 1622 ann.
390 1595 494 1620 xxn.

72 1642 212 1689 Caius,
244 1641 395 1678 Romae
417 1639 657 1678 interfectus
680 1647 759 1679 est:
789 1643 822 1681 is
847 1641 1064 1694 imperavit
1086 1655 1180 1680 ann.
1202 1655 1256 1683 1v.

71 1697 286 1747 Claudius,
317 1697 470 1748 pariter
489 1697 726 1738 interfectus
745 1705 825 1739 est:
856 1699 889 1738 is
911 1699 1130 1752 imperavit
1150 1713 1240 1740 ann.
1266 1713 1349 1739 nv.

70 1756 177 1794 Nero
191 1785 203 1804 ,
233 1768 321 1792 ann.
341 1767 428 1793 ΧΠ.

74 1812 227 1862 Galba,
257 1824 349 1851 ann.
369 1825 432 1850 111.

73 1869 182 1908 Otho
194 1899 206 1918 ,
236 1882 392 1907 menses
410 1881 471 1907 111.

72 1925 261 1966 Vitellius
274 1955 284 1975 ‚
313 1939 466 1965 menses
487 1939 550 1964 111.

72 1983 366 2036 Vespasianus,
397 1997 488 2023 ann.
512 1996 556 2024 x-

73 2041 207 2091 Titus,
240 2039 326 2093 ejus
348 2039 474 2090 filius,
506 2053 594 2077 ann.
615 2053 660 2077 11.

75 2098 346 2146 Domitianus,
376 2097 487 2135 illius
508 2097 656 2145 frater,
686 2096 729 2135 in
744 2097 899 2136 Palatio
919 2097 1159 2138 interfectus
1173 2128 1185 2148 ‚
1218 2112 1309 2136 ann.
1333 2111 1402 2137 xv.

20 2193 26 2195 .
73 2156 227 2205 Nerva,
258 2168 347 2192 ann.
367 2168 396 2192 1.
426 2167 582 2193 menses
604 2166 661 2192 lv.

74 2212 269 2265 'l'rajanus
296 2225 386 2252 ann.
408 2224 497 2250 mx.

75 2270 276 2309 Adrianus
294 2268 432 2307 Aelius
450 2282 537 2306 xm.

75 2326 307 2366 Antoninus
328 2339 450 2364 xxm.

12 2414 14 2418 ,
54 2383 59 2392 '
77 2384 238 2423 Marcus
257 2382 446 2422 Aurelius
469 2395 562 2421 ann.
584 2395 674 2421 mx.

79 2440 306 2481 Antoninus
326 2446 370 2479 et·
384 2439 515 2479 Verus
534 2453 624 2479 ann.
643 2452 716 2478 xn.

82 2494 346 2547 Commodus,
378 2496 538 2535 occisus
554 2496 676 2536 estin
700 2495 874 2547 Palatio,
905 2509 998 2536 ann.
1023 2510 1144 2536 xxm.

79 2555 288 2607 Pertinax,
317 2554 554 2593 interfectus
580 2559 641 2593 est
662 2553 706 2591 in
724 2554 921 2592 Palatio..
934 2582 944 2592 .

83 2612 258 2653 Severus
279 2617 321 2650 et
340 2611 587 2661 Antoninus,
618 2625 706 2649 ann.
726 2625 825 2649 xxv.

171 2662 174 2666 ⁴
193 2668 270 2707 Illo
289 2674 478 2721 regnante
495 2699 506 2718 ,
535 2668 732 2708 Leonides
751 2668 934 2720 Origenis
958 2667 1153 2707 haeretici
1183 2674 1298 2721 pater
1327 2670 1567 2721 martyrium

201 2725 335 2764 subiit.

27 2804 33 2807 ν
86 2782 312 2821 Antoninus
339 2783 596 2830 Caracallus,
623 2783 858 2821 interfectus
879 2788 965 2833 est,
994 2796 1083 2821 ann.
1108 2795 1179 2820 vn.

87 2839 311 2888 Macrinus,
341 2841 576 2879 interfectus
601 2846 683 2887 est,
718 2853 808 2878 ann.
830 2853 856 2880 1.

88 2895 313 2935 Antoninus
334 2897 455 2947 alius,
485 2898 635 2937 Romae
655 2896 891 2938 interfectus
912 2902 995 2946 est,
1026 2909 1116 2937 ann.
1134 2908 1190 2934 iv.
