1884 3262
478 207 538 251 IN
571 205 902 250 CHRONICON
933 203 1224 248 PASCHALE.
1499 201 1601 248 285

243 323 334 371 Pag.
363 320 458 362 331.
488 318 527 362 4.
589 314 744 371 Ρούγα,
775 316 866 369 αα]
896 317 998 355 Scal.
1031 312 1202 370 Γούργα.
1230 313 1331 353 Idat.
1355 312 1438 354 MS.
1469 313 1603 364 Garga

128 383 161 418 et
183 377 351 417 Maximo
377 377 474 415 Vero.
531 374 640 414 Fasti
655 404 665 423 ,
697 374 743 417 Q.
765 373 882 413 Fabio
905 374 1076 413 Maximo
1107 374 1268 411 Verruco.
1454 375 1457 382 '

138 436 144 440 ⁷
245 438 338 485 Pag.
366 435 463 476 331.
498 435 537 475 6.
594 430 850 485 Αρουστίου]
882 430 1036 471 Schott.
1067 430 1315 470 Απουστίου.

243 494 335 542 Pag.
365 493 460 533 331.
492 493 531 533 8.
590 484 853 542 Πανάρετον]
882 488 940 525 Ex
961 487 1122 532 Eusebii
1145 486 1291 525 Chron.
1321 484 1393 525 ubi
1412 484 1602 536 Scaliger,

129 549 194 587 cui
225 546 502 600 adjungendus
532 545 756 586 cotelerius
786 544 837 583 ad
870 544 992 596 Epist.
1022 559 1050 583 1.
1082 540 1295 582 'Clementis
1329 556 1415 593 cap.
1443 556 1574 581 xzvn.

248 609 339 655 Pag.
373 607 468 647 331.
502 605 566 646 15.
625 602 684 643 Αἱ
710 600 942 655 Παρθένοι]
976 602 1038 639 Ex
1067 600 1226 639 Eusebii
1259 599 1406 638 Chron.
1433 614 1473 651 p.
1507 599 1601 643 143.

127 662 265 701 Romae
289 662 459 711 'Virgines
487 661 609 699 Vestae
627 661 667 698 ob
687 661 804 710 stupri
826 662 966 697 reatum
991 662 1088 696 terra
1110 659 1256 696 obrutae
1276 652 1370 695 sunl.
1434 659 1604 711 Φθορᾶς

127 718 297 760 ἁλοῦσαι
311 750 322 769 ,
351 719 582 770 deprehensae
602 720 641 756 in
663 720 796 767 stupro.

244 779 336 826 Pag.
366 778 461 819 331.
494 777 560 817 16.
617 774 775 827 Καρία,
795 771 900 825 οἱα]
932 771 992 810 Ex
1026 770 1115 810 eod.
1142 769 1337 818 Eusebio,
1370 769 1439 808 ubi
1459 769 1604 821 Scalig.

127 847 175 885 pa
203 862 212 871 .
245 835 338 876 137.

177 846 201 887 g
244 892 336 939 Pag.
364 890 462 931 332.
497 891 535 930 1.
597 884 680 927 Καὶ
708 884 859 938 Φίλου]
890 885 991 925 Idat.
1011 884 1090 922 MS.
1121 887 1155 921 et
1174 882 1311 922 Filone.
1341 883 1461 932 Fasti,
1490 883 1604 923 Philo.

246 949 339 996 Pag.
369 948 464 988 332.
494 949 534 988 2.
596 941 910 997 Ερατοσθένης]
942 943 1001 980 Ex
1022 940 1165 979 Euseb.
1186 940 1255 978 ubi
1278 940 1423 990 Scalig.
1447 954 1487 992 p.
1514 944 1606 983 138,

241 1003 335 1053 Pag-
367 1004 462 1045 332.
493 1006 534 1045 7.
596 997 858 1051 Κατούλλου]
889 998 1043 1037 Schott.
1076 1001 1300 1038 Κατουλοῦ.
1339 997 1442 1038 Idat.
1463 997 1604 1036 Catulo.

246 1060 341 1110 Pag.
370 1062 468 1103 332.
500 1061 538 1101 8.
601 1055 874 1110 Πτολεμαῖος]
904 1055 1004 1094 Vide
1021 1055 1226 1094 Petavium
1250 1054 1318 1093 lib.
1334 1068 1377 1093 x.
1397 1054 1447 1093 de
1469 1054 1605 1093 Doctr.

64 1157 66 1159 .
127 1117 266 1170 Temp.
298 1130 386 1169 cap.
418 1129 529 1154 vax.
559 1115 628 1154 ubi
659 1115 710 1153 de
737 1113 979 1152 Ptolemaeis
1015 1111 1148 1164 quiin
1171 1112 1351 1163 Aegypto
1371 1117 1604 1163 regnarunt.

174 1194 182 1201 «
242 1174 337 1224 Pag.
361 1175 456 1216 332.
488 1176 550 1215 11.
613 1170 839 1222 Ιουδαίων]
869 1170 980 1208 Haec
1009 1169 1142 1220 attigit
1170 1168 1365 1207 Eusebius
1394 1168 1435 1206 in
1466 1167 1605 1207 Chro-

127 1231 238 1269 nico:
280 1231 373 1269 Victi
386 1230 539 1278 Iudaei,
568 1233 602 1268 et
628 1243 696 1269 Lx.
718 1228 836 1266 millia
864 1231 1081 1265 armatorum
1105 1239 1150 1264 ex
1177 1239 1295 1264 eorum
1321 1239 1463 1264 numero
1488 1239 1604 1264 caesa.

131 1288 243 1326 Unde
282 1283 462 1341 χιλιάδας
491 1282 788 1339 τεσσαράκοντα
816 1284 1029 1334 legendum
1067 1288 1190 1335 patet.
1251 1282 1372 1331 Quod
1411 1296 1509 1321 vero
1536 1296 1604 1321 Lx.

129 1345 252 1384 millia
282 1344 426 1382 habeat
453 1343 650 1381 Eusebius
678 1342 722 1380 in
749 1340 934 1379 omnibus
964 1339 1128 1392 scriptis
1160 1339 1401 1390 codicibus,
1427 1352 1496 1379 Lx.
1528 1353 1604 1391 pro

128 1416 198 1442 n..
229 1401 336 1440 facili
367 1401 484 1453 lapsu
512 1398 720 1452 irrepsisse
748 1397 842 1437 inde
886 1396 1040 1448 colligit
1067 1397 1263 1448 Scaliger,
1305 1398 1373 1447 qui
1405 1409 1508 1448 quae
1538 1395 1606 1434 hie

130 1473 179 1498 ex
208 1459 278 1497 lib.
308 1471 369 1496 111.
399 1457 728 1496 Maccahaeorum
764 1460 980 1493 narrantur
1011 1453 1156 1491 dubiae
1193 1466 1362 1505 prorsus
1400 1466 1484 1491 esse
1512 1452 1606 1492 fidei

67 1522 71 1525 ’
130 1515 332 1568 opinatur.
391 1514 509 1552 Hunc
563 1513 628 1552 adi
670 1526 758 1566 pag.
803 1513 895 1555 138.
949 1516 990 1550 et
1026 1511 1229 1549 Salianum
1267 1524 1330 1550 an.
1372 1509 1512 1548 mundi
1547 1524 1607 1549 111.

128 1585 414 1612 mcccxxmx.

242 1629 338 1679 Pag.
368 1632 465 1673 832.
504 1627 568 1670 14.
631 1620 911 1680 Οἶνολιβοὶνῳ]
943 1624 1010 1663 Sic
1041 1624 1140 1663 cod.
1172 1623 1299 1662 vatic.
1329 1623 1528 1675 Scaliger,
1560 1622 1606 1664 ἐν

129 1682 315 1741 Λιβάνῳ.
376 1686 571 1736 Georgius
610 1683 871 1722 Hamartolus
910 1688 950 1720 et
988 1680 1218 1720 Chronicon
1247 1681 1328 1721 MS.
1371 1680 1420 1719 ab
1451 1681 1604 1719 Adamo

129 1743 184 1782 ad
212 1742 384 1781 Leonem
414 1742 664 1795 Sapientem,
695 1740 793 1795 οἷ’νῳ
813 1740 1032 1795 λιβανωτῷ.
1073 1738 1191 1777 Liber
1210 1751 1270 1776 ιιι.
1298 1738 1475 1776 Maccab.
1507 1739 1542 1778 Ο
1561 1735 1605 1778 δὲ

130 1796 446 1853 Ελεφαντᾶρχης
473 1796 522 1839 τοὶ
546 1798 675 1851 θηρία
703 1794 867 1850 σχεδὸν,
899 1794 955 1844 ὥς
979 1796 1125 1846 εἰπεῖν,
1156 1795 1213 1843 εἰς
1232 1790 1466 1848 κατάστημα
1487 1810 1606 1847 μανι-

131 1858 232 1905 ῶδες
255 1852 460 1910 ἆγηοχιός,
491 1850 778 1902 εὐωδεστάτοις
798 1849 976 1906 πόμασιν
998 1852 1097 1906 οἴνῳ
1120 1850 1447 1906 λελιβανωμένῳ,
1482 1852 1606 1905 φοβε.

131 1916 215 1968 ραῖς
233 1912 533 1966 κεκοσμημένα,
552 1917 637 1964 etc.

246 1973 338 2021 Pag.
369 1973 466 2013 333.
500 1972 540 2013 3.
602 1965 879 2019 Φλαμινίνου]
917 1966 1019 2007 Idat.
1049 1965 1243 2005 Flaminio.
1301 1965 1408 2005 Infra
1425 1993 1435 2013 ,
1466 1965 1609 2005 Flami-

128 2030 223 2067 nino.
280 2026 432 2066 Schott.
461 2026 562 2067 Scal.
594 2031 633 2065 et
661 2024 792 2073 Fasti,
823 2024 1065 2077 Φλαμινίου.

247 2086 341 2134 Pag.
370 2086 467 2127 333.
496 2086 536 2126 4.
592 2078 810 2135 Βάρωνος]
838 2080 941 2122 Idat.
968 2086 1008 2120 et
1037 2079 1169 2130 Fasti,
1210 2080 1376 2118 Varrone.

246 2143 341 2192 Pag.
371 2143 466 2184 333.
496 2143 535 2184 8.
602 2136 806 2192 Γράκχου]
838 2138 937 2177 Idat.
967 2137 1048 2176 MS.
1085 2137 1232 2176 Grecho.
1269 2136 1397 2185 Fasti,
1429 2135 1608 2175 Graccho.

243 2197 342 2249 Pag.
374 2199 472 2240 333.
504 2199 571 2239 11.
629 2195 818 2235 Εἴδωλον
852 2197 926 2247 τῆς
965 2192 1093 2248 Ρέας]
1139 2193 1277 2232 Livius
1313 2193 1384 2233 lib.
1415 2205 1533 2231 xxm.
1566 2197 1608 2231 et
1639 2232 1641 2234 ,

131 2254 200 2293 alii
227 2254 270 2293 id
301 2253 352 2293 ad
382 2253 644 2292 Consulatum
675 2250 840 2302 Cethegi
867 2258 908 2291 et
934 2250 1145 2301 Tuditani,
1188 2265 1252 2291 an.
1280 2251 1328 2290 U.
1359 2250 1405 2291 C.
1437 2263 1505 2290 m..
1534 2262 1609 2288 re-

131 2312 279 2351 ferunt.

246 2368 342 2419 Pag.
372 2369 469 2411 333.
499 2369 567 2410 13.
622 2364 828 2418 Λεβίνου]
868 2364 971 2406 Idat.
999 2363 1173 2417 Lebfino.
1210 2363 1344 2414 Fasti,
1373 2363 1547 2402 Laevino.

248 2425 344 2476 Pag.
376 2422 470 2468 334.
500 2426 539 2467 3.
597 2421 681 2462 Καὶ
709 2417 985 2474 Τουδινᾶτο-υ]
1027 2420 1130 2462 Idat.
1163 2422 1358 2461 Tudinato.
1416 2420 1606 2471 Scaliger,

139 2479 399 2524 Τουσινάτου.
455 2480 648 2519 schottus
678 2484 718 2518 et
746 2478 876 2528 Fasti,
909 2478 1108 2518 Tuditano.

246 2538 344 2590 Pag.
373 2537 470 2582 334.
509 2541 549 2581 6.
607 2534 860 2587 Σκιπίωνος]
893 2533 1050 2575 Schott.
1080 2540 1120 2574 et
1146 2533 1275 2583 Fasti,
1307 2533 1556 2579 Καιπίωνος.

247 2596 343 2646 Pag.
371 2594 470 2638 334.
503 2597 570 2637 13.
628 2587 884 2645 Παππύλου]
914 2590 1068 2631 Schott.
1103 2588 1359 2632 Ταππούλου.
1407 2589 1513 2628 Fasti
1536 2588 1610 2626 Ca-

134 2651 250 2704 pitol.
283 2652 454 2705 Tarpulo.
1607 2674 1609 2676 v

248 2707 345 2760 Pag.
374 2707 471 2751 334.
504 2709 571 2750 18.
632 2705 858 2759 Λντίοχος]
889 2705 951 2745 Ex
980 2703 1152 2745 Eusebio
1181 2717 1221 2757 p.
1254 2702 1346 2746 144.
1375 2701 1446 2741 ubi
1476 2700 1608 2740 Scali-

135 2776 204 2815 ger
232 2778 273 2817 p.
308 2765 401 2808 140·

252 2823 343 2872 Pag-
373 2820 467 2864 335.
497 2823 538 2863 7.
594 2815 843 2874 Μερούλου]
882 2819 982 2859 Idat.
1011 2819 1090 2859 MS.
1132 2816 1323 2857 Merv-ulla.
1379 2813 1531 2854 Schott.
1564 2819 1606 2853 et

136 2876 268 2928 Fasti,
299 2872 522 2932 Μερούλον
541 2875 611 2917 καὶ
629 2878 801 2930 Θερμοῦ.
