1884 3262
622 212 1031 255 PRAEFATIO.
1501 218 1565 262 39

107 332 294 375 currunt,
322 326 468 377 quibus
494 327 599 365 forte
627 326 672 364 id
699 327 830 377 operis
860 326 1005 365 ascribi
1032 325 1180 378 possit,
1209 324 1312 363 acin
1329 325 1467 377 primis
1484 325 1568 364 Me-

105 383 292 422 trodorus
311 382 520 421 Marcionis
540 389 669 421 sectae
691 383 927 434 Presbyter,
959 383 1075 435 cujus
1095 382 1272 420 meminit
1286 381 1480 419 Eusebius
1501 379 1567 436 1):

104 439 355 478 Metrodorus
379 441 497 478 Persa
525 438 813 492 Philosophus,
845 439 914 490 qui
933 439 984 476 ob
1016 439 1174 491 pietatis
1196 438 1523 477 existimationem
1545 452 1567 476 a

105 496 361 534 Constantino
389 497 550 547 Magno,
597 509 675 547 quo
705 495 864 534 demum
895 495 1114 546 imperante
1145 494 1312 546 agitatae
1336 494 1569 546 praesertim

103 552 194 590 illae
221 553 271 591 de
297 552 488 592 Paschate
520 552 836 601 controversiae,
873 551 977 590 intra
1011 551 1151 589 Palatii
1177 551 1350 589 sacraria
1375 550 1568 589 admissus

103 608 261 658 legitur.
318 610 396 648 Sed
417 624 466 648 an
493 609 601 648 illius
631 608 822 660 ejusmodi
843 609 1069 646 institutum
1098 607 1296 657 extiterit,
1327 607 1508 645 dubitare
1524 607 1570 644 li-

37 664 39 666 ’
105 671 194 703 ceat
220 679 270 704 ex
287 665 336 703 iis
356 680 456 717 quae
484 665 534 704 de
548 680 598 704 eo
629 671 792 703 narrant
811 665 1016 703 Cedrenus
1037 670 1076 702 et
1103 664 1335 715 Anonymus
1363 664 1404 701 in
1421 662 1567 703 Chron.

103 721 184 760 MS.
202 722 250 760 ab
269 721 422 761 Adamo
442 722 495 760 ad
514 723 678 761 Leonem
699 722 915 773 sapientem
931 734 1099 763 an.xm.
1119 720 1296 770 ejusdem
1315 719 1572 757 Constantini.

104 777 293 817 Occurrit
314 785 519 830 praeterea
536 778 788 817 Metrodorus
808 778 1029 830 Episcopus
1044 777 1086 815 in
1110 776 1256 815 Chron.
1277 775 1454 814 Paschali
1468 776 1573 814 inter

104 834 203 872 alios
228 834 470 886 Episcopos,
518 849 539 873 a
564 835 711 886 quibus
743 835 950 873 damnatus
981 841 1040 873 est
1068 833 1336 873 Macedonius.
1395 832 1572 870 Alterius

103 889 275 942 denique
302 891 522 942 Metrodori
552 892 625 930 sub
642 891 797 930 Juliano
826 898 865 929 et
882 891 1046 929 Joviano
1070 890 1319 938 Ammianus,
1349 895 1387 926 et
1409 888 1573 926 alterius

102 946 268 997 insignis
288 947 554 986 Mathematici
573 955 612 987 et
635 947 888 986 Grammatici
910 947 980 985 sub
997 947 1245 992 Justiniano,
1285 943 1472 995 Agathias
1494 957 1573 982 me-

102 1003 317 1042 minerunt.
375 1005 453 1043 Sed
477 1005 656 1056 quisquis
679 1005 800 1042 suerit
827 1004 1080 1042 Metrodorus
1105 1003 1178 1041 iste
1200 1001 1439 1051 Photianus‚
1469 1001 1574 1038 scri-

103 1066 198 1111 ptor
229 1061 414 1112 antiquus
442 1061 626 1110 videtur,
675 1061 860 1113 idemque
888 1060 1203 1107 Alexandrinus,
1249 1059 1316 1096 vel
1342 1057 1576 1108 Aegyptius,

105 1122 189 1154 tum
214 1117 325 1168 quod
352 1131 481 1156 aeram
509 1117 812 1166 Diocletianam,
852 1131 953 1169 quae
980 1115 1342 1155 Alexandrinorum
1364 1120 1451 1152 erat
1476 1127 1575 1165 pro-

103 1172 216 1223 pria,
247 1173 395 1225 diuque
420 1174 637 1212 interillos
664 1174 857 1224 obtinuit,
894 1174 1012 1212 unice
1040 1179 1216 1211 sectatus
1246 1171 1321 1221 sit,
1350 1177 1433 1208 tum
1467 1169 1573 1220 quod

103 1228 268 1267 Photius
295 1230 443 1268 scribat
467 1231 601 1282 ipsum
627 1231 830 1282 collegisse
857 1228 956 1270 και-οὶ
984 1227 1059 1282 τὴν
1086 1229 1302 1282 λεγομένην
1330 1223 1481 1279 ἀκριβῆ
1505 1228 1577 1277 τῆς

102 1283 526 1339 τεσσαρεσκαιδεκάτης
553 1289 818 1338 ψηφιφορίαν
845 1286 1015 1340 ἡμέρας,
1044 1282 1120 1326 ὅσα
1146 1283 1190 1326 τό
1215 1286 1350 1325 δοκεῖν
1381 1283 1577 1334 ἑορταστι-

106 1339 204 1390 mig,
236 1343 446 1381 Paschales
475 1343 629 1381 scilicet
651 1343 923 1392 Festivitates‚
952 1343 1067 1390 licet,
1095 1341 1232 1380 subdit
1258 1341 1347 1389 ille,
1380 1337 1471 1380 οὔτε
1500 1340 1578 1377 νῦν

106 1398 312 1450 ἐκκλησία,
345 1397 439 1439 οὔτε
469 1399 499 1451 ἦ
515 1397 665 1439 παλαιοὶ
696 1395 919 1450 παράδοσις
944 1395 1109 1445 ταύταις
1141 1398 1327 1447 φαίνεται
1342 1394 1577 1448 κεχρημένη.

108 1455 223 1493 Unde
238 1461 348 1508 patet
367 1462 599 1507 computum
622 1456 729 1494 illius
751 1455 1073 1493 Ecclesiasticum
1094 1468 1142 1493 ac
1159 1452 1386 1492 Paschalem
1405 1464 1487 1489 non
1508 1464 1579 1488 us-

106 1524 344 1564 quequaque
362 1512 411 1551 ab
428 1512 611 1551 omnibus
631 1512 756 1551 fuisse
776 1518 993 1564 receptum.

1602 999 1702 1035 vm

218 1648 388 1687 XXXII.
446 1648 608 1701 Quippe
633 1655 727 1701 post
752 1649 918 1699 agitatas
953 1646 1042 1685 illas
1066 1645 1106 1684 in
1135 1644 1300 1696 Synodo
1329 1643 1500 1682 Nicaena
1528 1642 1578 1680 de
1591 1638 1645 1674 De
1668 1639 1777 1684 05010

107 1703 300 1742 Paschate
330 1706 620 1757 disputationes
634 1736 644 1754 ,
674 1718 818 1757 magna
837 1704 970 1743 extitit
997 1704 1038 1741 in
1056 1702 1163 1740 omni
1183 1699 1383 1749 Ecclesia,
1417 1702 1577 1740 Praeto-

109 1761 168 1799 rio
199 1774 250 1800 uc
271 1759 427 1799 Palatio
456 1760 665 1819 confusio:
696 1759 838 1799 diversi
853 1762 943 1798 item
974 1756 1078 1812 cycli
1100 1773 1170 1811 per
1191 1766 1313 1797 totum
1340 1754 1470 1795 orbem
1495 1753 1578 1810 dif-

95 1816 192 1872 susi
209 1827 244 1854 et
265 1815 526 1866 disseminati,
556 1819 624 1871 qui
646 1818 759 1856 etium
780 1814 1155 1855 Alexandrinorum
1177 1814 1332 1851 animos
1353 1813 1582 1851 inconcusse

106 1871 380 1925 possederunt,
410 1880 455 1912 ut
481 1879 648 1913 testatur
672 1873 845 1925 Cyrillus
864 1871 1183 1912 Alexandrinus:
1228 1868 1342 1921 quasi
1367 1868 1474 1906 dicat
1500 1873 1583 1904 tam

108 1929 423 1980 Alexandrinos,
453 1943 571 1981 quam
591 1930 711 1979 alios,
743 1943 817 1967 nec
834 1942 970 1967 omnes
989 1928 1126 1966 eodem
1147 1939 1241 1964 usos
1263 1925 1399 1977 cyclo,
1430 1923 1584 1962 scilicet

110 1986 228 2036 cyclo
247 1999 409 2024 nxxxu.
426 2000 632 2036 annorum,
664 1999 780 2037 quein
804 1986 991 2036 Magnum
1010 1996 1158 2022 annum
1175 1983 1296 2032 vulgo
1310 1987 1471 2020 vocant.
1502 1981 1583 2017 Au-

111 2048 200 2080 ctor
219 2048 277 2080 est
299 2042 400 2080 enim
418 2042 640 2093 Anatolium,
670 2042 853 2081 Patribus
878 2040 1060 2079 Nicaenis
1078 2039 1216 2091 paullo
1234 2039 1430 2090 superior,
1461 2036 1584 2074 fuisse

104 2099 155 2136 —in
187 2098 354 2137 diversis
386 2099 574 2138 Ecclesiis
597 2099 718 2138 alium
747 2099 902 2150 cyclum
948 2103 1066 2147 atque
1095 2095 1237 2143 alium,
1296 2094 1419 2132 alium
1444 2091 1583 2140 Gallis,

112 2155 235 2192 alium
262 2154 481 2205 Africanis,
511 2156 635 2194 alium
663 2155 746 2193 suis
766 2154 898 2206 Syris,
929 2161 969 2192 et
990 2154 1126 2191 forsan
1155 2150 1448 2188 Alexandrinis.
1505 2147 1585 2185 Te-

114 2217 243 2250 statur
273 2212 390 2250 etiam
413 2211 601 2251 Chronici
619 2211 821 2250 Paschalis
852 2211 1027 2262 scriptor
1043 2208 1091 2260 2)
1125 2206 1332 2246 Paschales
1359 2205 1495 2257 cyclos
1517 2218 1585 2241 an-

112 2282 256 2307 norum
274 2281 435 2306 nxxxn.
454 2283 475 2306 a
495 2269 679 2321 plurimis
699 2282 783 2306 esse
801 2267 1046 2317 descriptos,
1075 2264 1283 2314 mixtoque
1306 2275 1395 2300 cum
1416 2261 1586 2300 veritate

112 2325 322 2363 mendacio
345 2326 522 2364 scandali
542 2340 589 2364 ac
600 2325 743 2364 turbae
761 2323 991 2376 praebuisse
1014 2320 1240 2359 occasiones
1257 2317 1586 2370 simplicioribus.

114 2381 294 2434 Cumque
312 2381 469 2421 nullum
488 2382 679 2422 hactenus
698 2381 925 2426 invenisset,
946 2377 1014 2430 qui
1032 2376 1240 2428 scripturis
1260 2375 1382 2414 sacris
1400 2375 1439 2412 in
1463 2373 1586 2412 omni-

112 2437 188 2476 bus
208 2438 454 2488 conveniret,
484 2440 605 2478 alium
623 2436 820 2491 ejusmodi
838 2441 960 2475 semet
981 2433 1195 2472 confecisse
1213 2431 1360 2471 subdit.
1420 2430 1587 2481 Cyclum

116 2501 247 2534 autem
266 2495 388 2534 istum
414 2496 493 2549 jam
518 2503 608 2534 ante
637 2494 880 2540 victorium,
911 2505 1026 2543 quem
1050 2491 1222 2542 primum
1245 2488 1490 2538 excogitasse
1506 2499 1586 2523 vo-

117 2551 205 2589 lunt
223 2552 398 2603 Scaliger
415 2552 460 2602 3)
490 2560 530 2592 et
551 2553 640 2602 alii,
672 2551 849 2589 extitisse
869 2548 978 2599 apud
1003 2546 1246 2594 orientales,
1273 2545 1364 2583 inde
1383 2548 1586 2595 praeterea

119 2609 274 2660 colligit
296 2607 537 2659 Bucherius,
572 2608 680 2661 quod
698 2606 972 2659 Theophilus,
1003 2603 1070 2655 qui
1102 2603 1175 2641 sub
1193 2601 1418 2640 Theodosio
1443 2599 1586 2649 Magno

168 2780 208 2845 ἑ)
238 2779 310 2813 Lib.
336 2778 369 2813 4.
391 2778 485 2817 Hist,
507 2790 536 2811 c.
564 2780 593 2813 1.
627 2776 766 2810 Hieron.
791 2774 826 2808 in
851 2773 979 2807 chron.
1004 2771 1149 2805 Cedren.
1177 2782 1210 2814 p.
1236 2769 1315 2804 295.
1341 2767 1416 2801 Lib.
1441 2767 1474 2801 5.

171 2826 213 2915 ³3
234 2824 600 2905 ffib?‘5{⁰2⁸g·ssme„d,
627 2874 728 2913 temp.
752 2878 786 2911 p.
810 2867 890 2901 559.

1585 1696 1720 1719 nxxxn.
1738 1696 1800 1718 au-

1578 1742 1697 1766 norum
1708 1730 1801 1775 apud

1585 1778 1754 1812 Graecos.

1609 1979 1638 2013 P
1663 1980 1708 2014 27
