1884 3262
298 202 398 250 300
871 172 1193 244 NOTAE

298 311 454 361 διανὸς,
483 311 627 364 κτίσμα
653 311 720 354 ἐπὶ
747 312 958 353 Αντωνίου
987 312 1202 365 Καίσαρος.
1259 313 1324 351 Sic
1350 313 1453 351 enim
1476 310 1584 361 legi
1572 324 1614 348 m
1637 310 1762 349 Codd.

296 371 408 409 MSS.
443 368 650 415 observat,
680 365 815 417 πόλις,
845 366 1022 422 Ηρωὸου
1055 370 1217 421 κτίσμα,
1241 370 1308 408 vel
1331 370 1489 420 Κτίσμα
1507 363 1720 420 Ηρώδου’
1702 363 1762 407 εντ’

295 426 508 467 Αντωνίου
537 426 765 477 Καίσαρος,
794 431 839 463 ut
859 426 1035 477 praefert
1057 426 1152 464 Cod.
1178 426 1225 465 V.
1243 425 1285 462 C.
1310 426 1356 464 D.
1378 425 1579 463 Desmarets
1599 423 1763 462 Patroni

295 483 417 521 Paris.
477 482 529 520 At
562 496 636 533 Pto
667 483 899 531 Αντωνίου,
928 482 1022 520 licet
1050 482 1169 520 iidem
1191 482 1316 521 Codd.
1339 482 1396 520 sic
1420 481 1667 533 praeferant,
1698 480 1764 518 le-

294 539 467 590 gendum
485 545 602 590 putat
618 538 722 577 idem
744 538 974 577 Holstenius
998 546 1089 590 post
1112 539 1401 587 Casaubonum‚
1432 537 1497 578 ἐπὶ
1524 537 1762 586 Οκταουΐου,

295 596 361 634 vel
392 595 529 647 potius
560 591 809 648 Αὐγούστου.
864 594 1060 647 Josephus
1089 596 1157 636 lib.
1179 608 1265 634 xvl.
1298 609 1388 647 cap.
1412 608 1468 632 ιΧ.
1501 593 1545 635 ἐν
1565 595 1621 649 τῷ
1636 593 1762 647 πεδίῳ

293 654 350 707 τῷ
369 650 567 706 λεγομένω
590 647 852 707 Καφαρσαβᾶ
877 652 1122 691 aedificatam
1144 651 1294 690 scribit.

411 711 505 757 Pag·
537 711 632 750 367.
664 713 703 751 6
765 709 1005 761 Ρουβελλίου
1033 709 1101 749 καὶ
1129 706 1433 759 Σατουρνίνου]
1464 704 1572 744 Fasti
1592 704 1763 744 ldatiani

294 765 402 803 MSS.
431 765 592 803 Rebellio
619 770 654 803 et
683 765 891 804 Saturnino.
946 766 1025 804 Sed
1044 779 1256 818 pez-pelam
1275 763 1348 803 hos
1368 765 1478 802 Coss.
1501 761 1572 800 hic
1589 761 1763 800 insertos

294 822 364 860 alii
382 821 636 863 adnotatum

410 881 629 928 Pag.367.
663 878 729 920 14.
795 876 905 918 Kato?
929 878 1186 931 Βρεταννῶν]
1220 877 1447 928 Legendum
1470 874 1634 914 videtur
1664 877 1763 927 Γερ-

294 938 456 987 μανῶν·
486 935 566 973 hoe
591 934 695 973 enim
721 948 829 973 anno
862 935 905 973 in
936 935 1154 973 Germanos
1180 935 1347 974 rebelles
1370 932 1599 986 piofectum
1623 929 1764 970 scribit

292 992 382 1031 Dio.

407 1047 502 1087 Ihid.
562 1031 645 1088 Καὶ
674 1047 913 1101 Αρμενίων]
949 1047 1070 1099 Atqui
1089 1048 1236 1086 bellum
1260 1045 1539 1086 Armeniacum
1563 1050 1722 1096 gestum
1738 1057 1761 1081 a

295 1104 390 1143 Caio
411 1119 517 1143 anno
537 1105 717 1156 sequenti
737 1105 878 1143 scribit
896 1104 1002 1141 idem
1028 1105 1110 1145 nio.

408 1160 447 1200 Ρ
445 1175 506 1211 ag
536 1164 731 1204 367.16.
793 1162 1049 1213 Οκταβιανοῦ
1080 1158 1125 1202 τό
1157 1156 1218 1215 ιγ’.
1209 1161 1242 1211 .]
1274 1159 1394 1198 Idmii
1425 1154 1465 1197 et
1494 1157 1663 1196 aliorum
1690 1156 1762 1195 Fa-

293 1218 473 1268 sti‚x11.

410 1273 977 1325 pag-367.18.10vuav]
1009 1273 1174 1313 sueton.
1200 1271 1241 1309 in
1269 1271 1367 1322 Aug.
1394 1284 1432 1310 n.
1454 1283 1549 1311 va.
1594 1269 1669 1308 Dio
1689 1268 1761 1309 lib.

293 1345 360 1370 ΙΝ.
387 1331 596 1382 Syncellus
615 1345 653 1382 p.
673 1332 767 1372 313
792 1337 866 1369 etc.

410 1390 502 1437 Pag
533 1390 629 1429 368.
658 1389 697 1428 2
755 1382 996 1440 Αυγουστου
1015 1382 1058 1426 τὸ
1081 1381 1142 1425 ιδ’.
1154 1383 1169 1436 ]
1198 1384 1349 1422 Idatius
1368 1390 1407 1422 et
1427 1383 1515 1431 alii,
1545 1397 1637 1424 xm.
1657 1381 1790 1436 Epi-.—

292 1443 464 1496 phanius
485 1444 672 1482 Haer.1.1.
694 1457 735 1482 n.
759 1456 863 1482 xxix.
887 1442 995 1480 hunc
1018 1442 1277 1480 Consulatum
1299 1442 1355 1479 sic
1378 1441 1604 1491 consignat:
1638 1442 1764 1480 Οκτα-

294 1502 411 1541 ου’ίου
438 1496 677 1553 Αυγούστου
707 1498 1047 1550 τρισκαιδέκατον,
1076 1515 1144 1538 και
1176 1500 1368 1538 Σιλανοῦ.
1428 1498 1554 1535 ΡοιΓο
1589 1497 1631 1535 in
1663 1509 1762 1534 xxx.

293 1557 540 1607 sequentium
562 1556 848 1595 consulatuum
869 1557 969 1594 serie
989 1556 1029 1593 in
1051 1554 1177 1593 Fastis
1196 1554 1443 1606 Capitolium,
1473 1554 1650 1606 ejusdem
1668 1553 1765 1604 Epi-

292 1613 433 1666 phanii
463 1620 504 1652 et
533 1614 720 1651 Auctoris
752 1612 942 1651 Chronici
970 1612 1204 1651 varietatem
1228 1611 1412 1663 pluribus
1429 1610 1623 1662 expendit
1644 1610 1765 1648 Peta-

291 1670 383 1708 vius
405 1670 456 1707 ad
479 1670 646 1708 eundem
669 1669 938 1721 Epiphaniam
959 1682 1046 1720 pag.
1064 1672 1131 1711 92.
1152 1675 1192 1706 et
1213 1678 1322 1719 seqq.
1352 1680 1469 1718 quem
1494 1666 1676 1705 consulet
1698 1667 1763 1703 cui

291 1727 347 1764 ita
367 1726 496 1765 visum
515 1726 587 1765 sit:
618 1740 709 1765 cum
728 1726 845 1764 nobis
875 1726 1070 1764 duntaxat
1093 1724 1304 1763 consilium
1333 1724 1383 1762 sit
1408 1724 1548 1761 Fastos
1571 1722 1762 1761 Consula-

291 1796 379 1829 re8‚
405 1783 540 1833 quoad
569 1783 750 1831 nomina,
776 1783 948 1821 invicem
977 1782 1180 1827 conferre,
1214 1780 1399 1819 indicatis
1429 1793 1531 1831 quae
1558 1781 1600 1818 in
1631 1793 1676 1818 ea
1702 1778 1764 1817 ‹li-

289 1838 478 1877 versitate
498 1839 668 1879 subinde
685 1845 907 1877 occurrunt
929 1838 1229 1876 difficultatibus
1248 1837 1297 1875 ab
1318 1837 1404 1875 aliis
1426 1836 1580 1875 Criticis
1605 1834 1762 1888 pridem

291 1896 527 1945 enucleatis,
559 1910 659 1947 quos
679 1896 787 1934 adire
809 1895 972 1933 cuilibet
989 1895 1157 1932 liberum
1183 1893 1271 1932 erit.

408 1955 501 2001 Pag.
533 1956 628 1994 368.
662 1954 723 1995 5.
767 1949 820 1992 Το
842 1947 906 1991 ‘w‘
925 1950 1032 2001 ἔτος]
1061 1950 1244 1988 Holsten.
1267 1946 1313 1989 τό
1332 1944 1376 1989 ιε’
1396 1948 1491 1996 ἔτος.

407 2011 503 2058 Pag.
533 2011 628 2050 368.
661 2012 700 2051 6.
760 2005 936 2059 Εἰλουλ]
969 2007 1147 2045 Holsten
1169 2002 1335 2046 Εἰλουδ.

409 2067 502 2114 Pag·
533 2067 629 2107 368.
660 2067 698 2107 8.
764 2067 845 2117 Τῆς
874 2060 1125 2116 ἑβδομάδος]
1153 2062 1296 2101 Subdit
1324 2061 1429 2100 idem
1457 2060 1687 2100 Holstenius
1709 2057 1760 2101 ια’

291 2117 396 2170 cino,
427 2127 502 2162 etc.

409 2180 503 2227 Pag.
535 2179 633 2219 371.
663 2177 703 2220 5.
763 2174 908 2232 Ημέρᾳ
935 2173 1099 2231 πρώτῃ]
1144 2174 1225 2213 Has
1250 2187 1371 2213 voces
1402 2173 1508 2213 delet
1536 2172 1632 2212 eod.
1659 2173 1760 2218 Hol-

290 2232 422 2273 stenii.

407 2289 491 2329 Ινδ.
516 2287 596 2340 ιε’.]
629 2289 786 2327 Lineam
806 2287 910 2327 hanc
932 2288 1122 2327 hocloco
1146 2286 1387 2326 inseruimus
1407 2299 1456 2324 ex
1481 2285 1701 2325 Holstenio.
1773 2295 1779 2302 '

408 2349 502 2395 Pag·
533 2349 627 2387 371.
662 2346 725 2387 14.
782 2342 874 2386 Απὸ
909 2348 982 2397 τῆς
1014 2341 1273 2396 συλλήψεως]
1309 2343 1408 2382 Vide
1444 2343 1686 2394 Scaligerum
1719 2347 1758 2381 et

289 2402 496 2441 Petavium
522 2401 565 2439 in
595 2401 785 2441 Auctario
815 2401 882 2439 lib.
912 2415 1003 2442 vm.
1036 2415 1121 2453 cap.
1144 2415 1203 2440 111.
1225 2408 1264 2439 et
1283 2400 1334 2438 ad
1351 2398 1551 2451 Epiphan.
1570 2413 1610 2451 p
1631 2402 1698 2442 98.
1718 2404 1758 2437 et

290 2457 387 2501 446.
418 2458 484 2496 ubi
507 2459 632 2496 multa
652 2460 701 2498 de
723 2471 827 2497 anno
847 2457 994 2497 Christi
1014 2458 1159 2506 natali,
1189 2464 1234 2495 ut
1254 2456 1353 2495 alios
1374 2455 1566 2494 omittam.

406 2517 512 2565 Pag·
529 2517 624 2557 371.
654 2519 724 2558 20.
785 2512 961 2566 Εἰλουλ]
993 2515 1223 2553 Holstenius
1251 2512 1459 2566 praeponit
1481 2511 1577 2550 huic
1605 2507 1754 2558 vocis-¹.

289 2569 433 2609 deinde
456 2577 545 2610 ante
563 2571 739 2622 singulos
758 2584 936 2619 menses,
962 2568 1006 2610 λ’.

141 2636 171 2669 V
194 2634 264 2672 437
410 2630 498 2678 Pag·
530 2631 625 2669 371.
655 2630 723 2670 21.
783 2624 860 2680 γιη’
867 2626 1029 2679 ημέρα]
1061 2623 1119 2676 κη’
1146 2625 1242 2675 legit
1261 2625 1441 2664 Holsten.

146 2693 174 2727 P
199 2694 268 2730 522
407 2687 625 2734 Pag-372·
656 2688 721 2727 12
785 2682 957 2734 Τοίνυν]
989 2683 1055 2720 Sic
1074 2682 1272 2720 edidimus
1292 2695 1341 2720 ex
1362 2680 1582 2728 nemenio,
1610 2693 1686 2732 pro
1707 2695 1756 2719 τα

290 2741 388 2787 νῦν,
419 2741 479 2778 uti
501 2740 680 2780 ediderat
699 2739 1023 2789 Raderus,1icet
1043 2739 1098 2776 ita
1116 2739 1313 2789 praeferat
1331 2737 1427 2777 eod.
1446 2737 1572 2775 Vatic.

407 2798 500 2846 Pag-
530 2799 627 2839 378.
659 2800 724 2839 10-
782 2799 845 2836 Εν
866 2792 1008 2850 γηρει]
1037 2795 1097 2833 Ita
1124 2794 1220 2834 Cod.
1241 2794 1368 2834 Vatic.
1397 2800 1437 2833 et
1458 2791 1677 2841 Holstenii,
1707 2797 1755 2831 ut

292 2857 332 2891 et
351 2851 481 2893 Lucae
497 2866 523 2894 1.
544 2856 612 2898 36.
670 2854 882 2906 Perperam
904 2852 948 2895 ἐν
970 2850 1108 2907 γαστρὶ
1127 2851 1320 2893 Raderus.
