1884 3262
301 211 395 258 132
619 208 863 252 SELECTA
890 208 963 249 AD
991 207 1483 251 ILLUSTRATIONEM

295 321 534 367 Επίσκοπος
558 321 634 359 τοῦ
651 321 730 359 νῦν
749 317 971 366 Βυζαντίου
993 317 1172 371 κατέστη.
1235 321 1269 359 Ο
1294 315 1371 373 γάρ
1392 316 1572 388 Ανδρέας
1600 316 1666 358 ἐπὶ
1696 314 1766 358 τὸν

296 374 459 419 Πόντον
477 371 793 444 διαπερούμενος
807 407 818 425 ,
848 370 997 427 ἤθελεν
1019 380 1103 424 τοῖς
1123 376 1165 416 ἐν
1191 378 1251 430 τῷ
1270 376 1475 431 Βυζαντίω
1494 372 1566 416 τδν
1592 371 1766 446 Χριστὸν

294 436 558 502 καταγγεῖλαι.
616 428 721 472 Αλλ’
750 428 964 502 ἐπειδήπερ
994 417 1230 481 Ζεύξιππος
1255 429 1325 472 τὸν
1359 427 1484 473 τόπον
1512 427 1597 472 τότε
1622 429 1765 484 ἡγεμο-

296 487 429 532 νεύων
455 484 675 556 αἰμοβόρος
701 503 758 536 τις
785 484 866 539 ὢν,
896 487 1050 536 πάντας
1075 504 1170 536 τους
1197 485 1524 542 προσβαλλοντας
1543 487 1683 537 ξένους
1709 489 1765 541 τῷ

146 555 176 590 Ρ
200 553 270 592 432
296 547 502 617 Βυζαντίῳ
520 541 715 600 πρότερον
736 544 1058 612 διερωτωμένους
1075 561 1123 586 τα
1152 544 1243 598 περὶ
1268 547 1342 585 τοῦ
1365 547 1563 614 Χριστοῦ,
1596 539 1675 584 εἷθ’
1698 543 1765 585 ου’-

293 620 370 652 τως
406 601 572 643 εἰσιέναι
602 615 825 672 συνεχωρει.
885 601 968 642 Καὶ
1001 598 1073 642 ἒαν
1110 617 1170 649 τις
1198 597 1454 654 ωμολόγησεν
1479 598 1551 642 τόν
1579 598 1764 670 Χριστὸν,

295 661 352 709 εἰς
381 659 506 712 δέσμα
534 661 679 699 τοῦτον
702 654 832 707 εὐθύς
858 657 926 698 καὶ
947 654 1040 711 παρ’
1070 674 1171 698 αυτα
1199 657 1495 710 δεσμευθέντας
1521 672 1618 705 τους
1634 652 1765 705 πόδας
1801 656 1806 658 ’

292 732 335 757 τε
354 716 424 757 καὶ
450 720 582 769 χεῖρας
602 717 910 756 θαλαττοῦσθαι
939 713 1217 785 προσέτασσεν.
1275 711 1357 754 Δια
1380 712 1455 768 τήν
1476 709 1668 765 τοιαύτην
1688 729 1764 754 ουν

294 769 483 826 ωμότητα
493 768 793 840 παραπλεύσας
822 770 844 812 ὁ
870 771 1055 824 Ανδρέας
1083 769 1127 812 τὸ
1148 769 1394 821 Βυζάντιον,
1435 783 1670 826 κατωκησεν
1698 769 1765 811 ἐπὶ
1826 774 1831 779 ’

293 829 403 882 διέτη
431 825 580 900 χρόνον
602 830 773 881 πλησίον
795 843 868 868 του
892 829 1113 876 Βυζαντίου
1139 831 1195 882 τῷ
1220 824 1403 898 Θρακωῳ
1431 827 1561 880 μέρει,
1594 843 1650 875 ως
1682 823 1764 868 απδ

294 885 494 928 σταδίου
475 902 566 934 ενος
584 889 658 938 τῆς
666 882 1004 954 Αργυροπόλεως,
1013 884 1110 925 ἐκεῖ
1125 882 1430 943 ἐπισυναγωγήν
1448 900 1531 925 των
1555 883 1764 936 ἐνθέσμων

296 942 366 984 καὶ
388 939 629 995 φιλαλήθων
651 938 813 996 ανδρῶν
831 957 1086 994 ποιουμενος.
1145 943 1209 989 ,Ως
1228 943 1303 981 οὑν
1326 941 1418 995 περὶ
1433 956 1529 989 τους
1550 941 1766 1009 δισχιλίους

295 996 539 1049 ἐπισυναξας
553 1029 565 1048 ,
594 1001 652 1055 τῷ
671 1000 834 1053 Χριστῷ
851 996 1143 1065 θυσιαστήριον
1164 995 1335 1049 ἔδρασας
1349 998 1393 1038 ἐν
1415 1013 1463 1053 τῃ
1449 993 1765 1065 Αργυροπόλει,

295 1056 364 1097 καὶ
378 1072 450 1097 τον
470 1053 631 1109 Σταχυν
650 1055 890 1095 Επίσκοπον
906 1051 1178 1107 καταστήσας,
1209 1054 1266 1103 εἰς
1281 1051 1479 1124 Σινώπην
1506 1070 1578 1095 του
1600 1050 1764 1095 Πόντου

296 1114 544 1166 μεθίσταται.
608 1114 690 1152 Του
710 1110 753 1152 δὲ
773 1108 953 1163 Σταχύος
976 1109 1263 1178 διαγενομένου
1284 1115 1369 1159 τοῖς
1398 1107 1526 1152 αὐτοῦ
1551 1112 1596 1160 ἐξ
1616 1110 1685 1151 καὶ
1705 1106 1765 1152 δέ-

294 1185 420 1211 κατον
441 1169 526 1217 ε’τος
549 1168 591 1210 ἐν
611 1171 664 1225 τῇ
685 1170 922 1235 Επισκοπῇ,
957 1165 1162 1236 Ονήσιμος
1187 1183 1283 1220 μετα
1304 1183 1449 1209 τουτον
1470 1169 1642 1235 γίνεται,
1671 1166 1765 1238 περὶ

295 1242 344 1268 ου
380 1229 545 1273 Παυλος
572 1224 594 1266 ὅ
620 1211 857 1272 Απόστολος
887 1226 946 1280 τῷ
960 1221 1169 1290 Φιλήμονι
1196 1224 1414 1278 ε’γραψεν.
1441 1224 1526 1265 Καὶ
1549 1221 1694 1265 τούτου
1721 1222 1765 1266 δὲ

292 1280 716 1352 τεσσαρεσκαιδέκατον
745 1280 830 1329 ἔτος
850 1266 1114 1329 διανύσαντος
1134 1281 1178 1321 ἐν
1205 1284 1258 1335 τῇ
1276 1282 1520 1338 λειτουργία,
1554 1277 1765 1335 Πολύκαρ·

153 1344 185 1378 V
201 1342 271 1381 347
293 1355 370 1388 πος
398 1336 493 1392 μετοέ
517 1353 661 1379 τουτου
689 1338 781 1391 τρία
810 1337 876 1389 ε’τη
897 1338 1135 1385 Επίσκοπος
1165 1352 1237 1377 του
1265 1339 1484 1385 Βυζαντίου
1512 1338 1765 1378 καθίσταται.

292 1394 592 1449 Διαγενομένου
623 1392 667 1434 δὲ
696 1393 765 1433 καὶ
794 1390 941 1434 τούτου
974 1393 1071 1434 δέκα
1091 1391 1195 1447 πρός
1219 1398 1302 1442 τοῖς
1321 1391 1424 1435 ὅκτω
1449 1394 1598 1445 ε’,τεσιν
1629 1390 1765 1435 Πλού-

293 1467 437 1506 ταρχος
458 1450 680 1517 μετέρχεται
699 1466 779 1519 την
795 1447 1030 1503 ἱερωσύνην.
1090 1449 1177 1490 Καὶ
1190 1447 1317 1491 αὐτου
1339 1449 1382 1491 δὲ
1406 1447 1672 1499 διανυσαντος
1694 1447 1766 1501 ις’,

292 1509 495 1550 Σεδεκίων
519 1504 705 1560 διάδοχος
727 1503 854 1548 αυτοῦ
875 1508 1114 1548 καθίσταται
1145 1507 1211 1548 ἐπὶ
1238 1507 1408 1560 ἐνναετῆ
1433 1504 1593 1562 χρόνον.
1653 1503 1771 1548 Μεθ’

293 1581 344 1607 ον
363 1564 560 1619 Διογένης
579 1564 621 1605 ἐν
643 1563 718 1604 ἔτει
748 1559 792 1604 ιε’
819 1567 872 1620 τῇ
899 1564 1073 1620 ἷερατεία
1089 1565 1335 1631 προσμείνας
1355 1567 1586 1605 τελειοῦται.
1646 1561 1766 1606 Μετα

295 1620 340 1663 δὲ
366 1637 513 1663 τουτον
535 1619 784 1673 Ελευθέριος
811 1604 922 1661 ἐπι”
903 1624 1072 1674 επταετῆ
1100 1617 1255 1674 χρόνον.
1318 1617 1440 1661 Μεθ’
1471 1619 1520 1662 ὃν
1554 1622 1670 1671 Φίλιξ
1699 1620 1765 1673 ἐπὶ

293 1677 510 1751 πέμπτου’
498 1677 621 1725 ε’τους.
665 1676 747 1717 Καὶ
766 1691 862 1729 μετα
883 1680 1027 1718 τοῦτον
1049 1675 1353 1731 Πολύκαρπος
1339 1677 1413 1726 ε’ως
1434 1678 1535 1719 ἐτῶν
1552 1674 1608 1727 ιζ’.
1641 1670 1765 1719 Ενθα

292 1736 434 1776 τοίνυν
465 1750 512 1774 τα
539 1730 694 1774 τούτων
716 1733 879 1804 σώματα
906 1729 1083 1786 οἷπετέθη
1104 1736 1253 1788 λιθίνῳ
1276 1737 1388 1789 σηκῷ
1405 1734 1510 1776 ἐκεῖ·
1540 1735 1610 1776 καὶ
1631 1732 1676 1776 τό
1692 1738 1766 1787 τῆς

295 1791 500 1839 Ναταλίας
527 1803 644 1843 σωμα
672 1786 850 1842 ἐπετέθη
878 1790 948 1830 καὶ
975 1791 1194 1859 Αδριανου
1222 1794 1297 1831 τοῦ
1326 1790 1533 1843 μετέπειτα
1563 1788 1764 1845 μαρτυρή-

293 1861 448 1895 σαντος.
507 1850 570 1887 Εν
594 1845 637 1887 δὲ
657 1860 711 1886 τω
738 1845 855 1902 ἑτέρω
884 1842 1055 1899 λαρνακι
1081 1847 1121 1897 ἐξ
1149 1843 1311 1896 εὐθείας
1331 1844 1415 1889 τότε
1444 1848 1659 1900 ποιηθέντι
1681 1851 1763 1889 τῶν

292 1901 342 1959 ιγ’
366 1900 617 1974 Μαρτυρων
625 1917 674 1943 τα
708 1904 885 1955 λείψανα
908 1901 1120 1975 ἐνεβλήθη.
1179 1907 1244 1944 Εν
1271 1903 1316 1945 δὲ
1342 1906 1564 1975 μολυβδίνῃ
1593 1902 1764 1959 λαρνακι

291 1957 388 2001 καθ’
420 1957 563 2001 ἔαυτόν
592 1955 768 2011 απετέθη
798 1959 820 2000 ὁ
835 1958 1061 2025 Αδριανός
1072 1960 1092 2002 ὅ
1114 1961 1317 2009 Ναταλίας
1336 1957 1465 2014 ἄνηρ,
1499 1959 1526 2002 ὁὶ
1553 1961 1622 2002 καὶ
1651 1960 1762 2015 μέχρι

292 2019 366 2070 τῆς
378 2017 516 2084 δευρο
541 2016 734 2069 ἐμφανως
767 2013 995 2069 πρόκεινται
1022 2017 1065 2058 ἐν
1095 2021 1153 2073 τῷ
1184 2017 1369 2072 υπογαίῳ
1402 2020 1585 2073 σπηλαίῳ
1603 2050 1615 2069 ,
1657 2018 1760 2060 ἔνθα

292 2069 530 2121 Απόστολος
547 2072 731 2126 Ανδρέας
753 2070 797 2113 τὸ
815 2069 1110 2126 θυσιαστήριον
1122 2059 1319 2144 ἥδρασεν.
1379 2076 1472 2128 Ηδη
1505 2074 1548 2116 δὲ
1572 2070 1762 2127 πλήθους

293 2130 439 2171 ἱκανοῦ
461 2128 833 2182 συναθροισθέντος
852 2132 932 2170 τῶν
953 2131 1009 2178 εἰς
1029 2128 1204 2184 Χριστὸν
1213 2127 1471 2200 η’λπικὸτῳν,
1501 2130 1762 2185 παυσαμένης

293 2185 338 2227 δὲ
366 2186 435 2227 καὶ
453 2187 693 2240 τυραννίδος
715 2201 786 2226 του
803 2188 1026 2234 Βυζαντίου
1052 2203 1149 2239 μετα
1178 2184 1252 2240 τήν
1281 2204 1353 2229 του
1376 2189 1607 2238 Ζευξίππου
1633 2192 1760 2230 τελευ-

290 2259 389 2296 την,
409 2242 621 2298 ἐγκρατεῖς
623 2257 665 2284 τε
681 2239 814 2284 τόπων
834 2239 1029 2284 πλειόνων
1050 2240 1256 2297 γενόμενοι
1277 2246 1321 2286 οἵ
1339 2248 1411 2298 τῆς
1430 2245 1474 2286 ἐν
1485 2241 1760 2316 Λργυροπόλει

292 2300 523 2368 Εκκλησίας
543 2311 788 2352 προεστωτες
801 2297 876 2352 τήν
892 2316 974 2340 των
997 2304 1157 2342 πολλων
1185 2299 1367 2354 ὄχλησιν,
1399 2301 1468 2342 καὶ
1486 2319 1561 2354 την
1580 2305 1660 2343 τῶν
1681 2305 1758 2344 Ελ-

292 2352 430 2409 λήνων
449 2355 518 2396 καὶ
542 2357 735 2409 Εβραίων
753 2355 993 2425 προσβολην
1014 2357 1205 2411 ἐκφυγεῖν
1230 2355 1495 2411 βουλόμενοι,
1518 2359 1563 2400 ἐν
1581 2363 1666 2407 τοῖς
1694 2374 1758 2413 με·

293 2413 472 2481 σογαίοις
492 2413 664 2463 πλησίον
686 2428 758 2465 της
776 2410 1084 2484 Αργυροπόλεος
1114 2416 1346 2468 Εκκλησίαν
1374 2413 1499 2468 α’λλην
1529 2411 1757 2470 ἀνεγείρου-

292 2480 380 2520 σιν,
409 2466 464 2522 ἢν
488 2472 795 2517 Κωνσταντῖνος
810 2468 843 2538 ὅ,
860 2469 980 2540 μέγας
997 2469 1192 2520 Βασιλευς
1217 2471 1421 2525 μετέπειτα
1443 2472 1675 2544 μειζοτέραν
1688 2487 1756 2513 πε-

291 2526 486 2595 ποίηκεν,
525 2527 764 2580 σταυροειδῆ
789 2521 919 2579 αὕτῃν
947 2525 1294 2598 διαγραψᾶμενος,
1337 2525 1578 2582 βουλόμενος
1611 2527 1680 2570 καὶ
1709 2526 1755 2570 ‘to'

289 2578 418 2623 αὐτοῦ’
446 2594 561 2635 σωμα
594 2582 720 2623 ἐκεῖσε
756 2586 1040 2652 κατατεθῆναι.
1109 2581 1215 2626 Αλλ’
1245 2584 1383 2653 ἐπειδη
1419 2583 1560 2627 λοιπὸν
1595 2601 1644 2626 τα
1679 2587 1755 2627 τοῦ

292 2639 513 2687 Βυζαντίου
536 2634 722 2691 ηυξήθη,
754 2637 1075 2707 συνεβούλευσαν
1103 2642 1146 2682 οἱ
1171 2637 1357 2691 συνόντες
1384 2644 1442 2711 τῷ
1460 2642 1754 2698 Κωνσταντίνῳ

293 2711 349 2748 μη
371 2695 457 2736 δεῖν
482 2694 633 2746 ἔξωθεν
659 2711 681 2736 τ
711 2711 731 2744 ς
754 2692 906 2745 πόλεως
934 2713 981 2738 τα
1005 2700 1086 2738 τῶν
1115 2698 1316 2740 Βασιλέων
1337 2684 1498 2752 στόματα
1519 2695 1753 2751 αποκομίζε-

295 2756 406 2792 σθαι.
468 2748 621 2793 Τούτου
651 2767 727 2793 ουν
742 2748 869 2823 χάριν
897 2753 1028 2826 ἕτερος
1052 2752 1125 2807 μὲν
1155 2751 1278 2804 τόπος
1305 2756 1362 2804 εἰς
1382 2771 1516 2808 ταφην
1534 2758 1617 2796 ταῖν
1631 2759 1750 2797 Βασι-

150 2811 179 2845 Ρ
203 2808 272 2848 433
295 2807 397 2849 λέων
429 2806 592 2861 ἐγένετο.
657 2810 690 2849 Ο
712 2806 756 2850 δὲ
776 2825 948 2864 γεγονως
978 2808 1089 2859 οἶκος
1117 2808 1365 2866 αμφιεραὶθη
1383 2817 1467 2866 τοῖς
1497 2812 1541 2854 ἐν
1563 2815 1623 2868 τῷ
1637 2808 1749 2867 νόμῳ

290 2868 537 2918 καρτερικοῖς
555 2864 624 2906 καὶ
643 2861 868 2920 θεόφροσιν
885 2865 983 2908 ἑπτα
1005 2867 1156 2909 Παισιν
1171 2868 1240 2910 καὶ
1253 2865 1467 2925 Ελεαζαρῳ
1483 2885 1538 2924 τω
1522 2871 1747 2924 Αρχιερεῖ,
