1884 3262
591 204 858 248 CHRONICI
892 205 1195 249 PASCHALIS.
1525 205 1620 252 193

152 316 236 357 316
273 312 346 353 AG
383 313 529 353 Sabino
560 320 600 354 et
628 314 784 354 Rufino.
1198 316 1229 354 B
1286 314 1376 355 Sol..
1408 328 1477 353 xx.

150 372 236 412 317
291 371 324 409 F
383 371 591 410 Gallicano
621 378 662 411 et
688 372 823 411 Basso.
1286 371 1386 411 Mar.
1414 385 1444 409 1.

149 428 236 471 318
292 428 325 466 Ε
382 428 534 467 Licinio
563 428 611 467 V.
641 435 682 468 et
710 429 864 482 Crispo.
1293 427 1394 468 Mer.
1421 441 1498 467 x11.

151 484 235 524 319
295 484 327 522 D
386 485 644 524 Constantino
677 484 722 524 V.
752 492 793 524 et
818 485 987 525 Licinio.
1290 485 1379 524 Jov.
1419 499 1547 526 xxm..

149 540 235 582 820
275 541 338 580 CB
379 542 640 581 Constantino
666 542 735 587 VI.
764 547 803 580 et
832 542 1102 581 constantino.
1202 543 1233 580 B
1292 541 1391 581 Ven.
1420 555 1481 582 lv.

150 598 231 638 321
292 598 329 637 A
387 599 530 652 Crispo
559 599 608 641 ΙΙ.
639 605 678 639 et
708 599 967 638 Constantino
997 599 1046 638 Π.
1291 598 1373 638 Sol.
1414 611 1482 638 xv.

138 654 236 695 *322
294 655 331 694 G
388 655 586 695 Probiana
615 662 656 695 et
683 655 853 695 Juliano.
1251 676 1258 677 κ
1288 656 1388 694 Lun.
1416 668 1548 694 xxvn.

149 710 234 751 323
291 712 323 750 F
381 713 532 752 Severo
559 718 600 752 et
627 712 785 753 Rufino.
1289 712 1388 753 Mar.
1418 724 1503 751 vm.

147 771 235 815 324
272 769 339 808 ΕΙ)
379 769 519 822 Crispo
541 769 614 808 ΠΙ
638 776 676 808 et
696 768 1043 808 Constantinum.
1204 769 1236 805 B
1293 768 1391 809 Mer.
1422 783 1511 808 xix.

149 830 233 871 325
292 827 323 864 C
382 827 550 866 Paulino
583 831 624 865 et
650 826 820 866 Juliano.
1292 825 1390 864 Ven.
1419 839 1518 864 xxx.

147 886 233 927 826
289 883 322 922 Β
381 882 642 922 Constantino
671 883 758 924 VII.
789 889 828 922 et
858 847 1099 921 Constantio.
1291 882 1372 922 Sat.
1416 895 1475 922 x1.

147 943 232 985 327
289 941 325 978 A
382 940 617 980 Constantio
648 946 688 980 et
714 940 902 979 Maximo.
1292 938 1374 977 Sol.
1412 951 1515 977 xxu.

147 1000 234 1042 328
275 997 342 1036 GF
378 997 594 1036 Januarino
624 1003 666 1036 et
692 998 818 1036 Justo.
1202 996 1234 1033 B
1293 996 1394 1034 Lun.
1421 1010 1482 1033 111.

147 1056 232 1098 329
288 1054 322 1094 E
381 1054 643 1094 Constantino
653 1054 760 1094 vul.
779 1059 819 1092 et
838 1052 1098 1092 Constantino
1114 1051 1180 1091 IV.
1290 1053 1391 1092 Mer.
1420 1065 1508 1092 xxv,

147 1113 232 1154 330
288 1111 324 1150 D
383 1111 588 1150 Gallicano
618 1117 660 1151 et
684 1108 937 1164 Symmacho.
1287 1109 1374 1150 Jov.
1421 1122 1521 1148 xxv.

146 1169 229 1211 331
290 1169 321 1207 C
377 1169 501 1208 Basso
533 1174 573 1208 et
601 1168 787 1208 Ablavio.
1292 1166 1392 1205 ven.
1422 1179 1480 1204 vl.

145 1225 232 1267 332
268 1224 340 1265 BA
379 1226 592 1265 Pacatiana
622 1231 662 1265 et
689 1224 913 1266 Hilariano.
1193 1224 1225 1261 B
1283 1224 1363 1262 Sat.
1410 1237 1515 1262 xvn.

146 1283 230 1324 333
290 1278 328 1321 G
384 1282 582 1322 Dalmatio
612 1289 653 1322 et
681 1280 873 1323 Zenofilo.
1290 1281 1391 1320 Lun.
1418 1280 1565 1319 xxvm.

145 1337 231 1380 334
287 1339 322 1377 F
354 1338 529 1392 ‘Optato
559 1345 600 1378 et
623 1338 810 1377 Paulino.
1291 1337 1390 1376 Mar.
1420 1351 1461 1376 x.

145 1394 230 1438 335
286 1395 320 1435 Ε
378 1394 612 1435 Constantio
641 1400 681 1434 et
707 1394 868 1433 Albino.
1288 1393 1385 1431 Mer.
1414 1406 1500 1434 xxm

145 1453 231 1494 336
270 1452 338 1491 DC
377 1451 601 1505 Nepotiane
632 1457 674 1491 et
701 1450 909 1490 Facundo.
1201 1449 1233 1487 Β
1291 1449 1378 1488 Jov.
1414 1464 1460 1489 11.

144 1508 230 1550 337
286 1509 320 1548 B
376 1508 579 1548 Feliciano
611 1514 650 1548 et
670 1507 841 1547 Titiano.
968 1546 970 1549 ,
1286 1507 1368 1546 Sat.
1410 1519 1503 1546 xm.

145 1566 230 1607 338
289 1565 326 1605 A
383 1567 486 1605 Urso
517 1572 557 1605 et
586 1566 778 1604 Polemio.
1288 1563 1370 1604 Sol.
1411 1576 1527 1603 xxxv.

144 1622 230 1664 339
290 1623 327 1662 G
385 1622 618 1662 constantio
651 1622 701 1664 Π.
732 1628 772 1660 et
800 1621 1026 1659 Constante.
1286 1621 1387 1659 Lun.
1416 1634 1459 1661 v.

145 1675 231 1720 340
270 1679 336 1720 FE
379 1679 612 1732 Aquindino
643 1685 683 1718 et
707 1677 898 1718 Proculo.
1198 1676 1231 1715 B
1289 1676 1388 1717 Mar.
1417 1690 1505 1717 xvr.
1651 1685 1684 1719 V
1706 1686 1776 1723 375

146 1732 228 1777 341
289 1737 324 1775 D
381 1736 615 1776 Marcellino
645 1742 685 1775 et
712 1735 899 1776 Probino.
1289 1733 1377 1772 Jov.
1417 1747 1546 1773 xxvn.

146 1790 233 1835 342
289 1794 320 1832 C
379 1794 614 1833 Constantio
647 1793 717 1832 111.
747 1798 788 1832 et
817 1792 1032 1831 Constante
1060 1790 1113 1830 11.
1288 1790 1387 1832 Ven.
1418 1804 1509 1830 vm.

144 1848 229 1890 343
287 1850 321 1890 Β
351 1851 543 1890 'Placido
575 1856 615 1890 et
645 1849 832 1890 Romulo.
1291 1847 1374 1887 Sat.
1418 1861 1505 1887 xix.

145 1904 230 1947 344
270 1907 346 1947 AG
375 1907 541 1948 Leontio
572 1914 613 1948 et
641 1905 843 1946 Sallustio.
1199 1903 1231 1942 Β
1289 1904 1371 1944 Sol.
1414 1919 1511 1944 xxx.

144 1959 230 2004 345
285 1964 318 2003 F
373 1964 559 2004 Amantio
597 1969 637 2004 et
666 1963 826 2004 Albino.
1288 1961 1390 2001 Mar.
1422 1975 1480 2002 ιι.

143 2017 230 2061 346
286 2022 322 2062 Ε
378 2022 473 2061 Post
498 2020 686 2062 Amantio
713 2026 753 2060 et
782 2017 942 2059 Albino.
1287 2018 1387 2060 Mer.
1416 2032 1537 2060 xxm.
1646 2025 1676 2060 P
1698 2021 1769 2061 466

71 2085 74 2087 “
146 2072 231 2117 347
289 2078 323 2116 D
351 2110 354 2113 .
380 2078 527 2118 Rufino
559 2084 600 2119 et
627 2077 815 2117 Eusebio.
1290 2074 1378 2117 Jov.
1418 2090 1478 2116 1v.

145 2137 231 2180 348
271 2135 335 2174 CB
380 2134 567 2188 Philippo
596 2141 639 2174 et
666 2134 786 2174 Salia.
1198 2130 1230 2168 B
1285 2131 1387 2170 Ven.
1413 2145 1485 2171 xv.

146 2193 232 2237 849
287 2191 326 2231 A
381 2191 560 2231 Limenio
590 2197 631 2231 et
660 2189 872 2230 catullino.
1180 2222 1183 2223 γ
1285 2187 1368 2227 Sol.
1415 2201 1533 2228 xxvl.

147 2249 232 2294 350
291 2249 328 2287 G
384 2248 523 2300 Sergio
552 2254 592 2287 et
623 2246 870 2299 Nigriniano.
1284 2244 1386 2286 Lun.
1415 2258 1489 2285 vu.

145 2307 229 2350 351
290 2306 324 2345 F
378 2306 477 2345 Post
502 2305 640 2356 Sergio
670 2310 712 2344 et
736 2299 980 2354 Nigriniano.
1282 2299 1383 2341 Mar.
1409 2315 1530 2342 xvm.

147 2363 236 2408 352
276 2363 346 2403 ΕΙ)
382 2361 616 2402 Constantio
640 2360 691 2403 V.
712 2366 752 2400 et
770 2357 1003 2398 Constantio
1024 2355 1133 2395 Caes.
1193 2356 1224 2395 B
1282 2357 1381 2397 Mer.
1407 2372 1525 2398 mx.

146 2420 232 2464 853
291 2421 322 2459 C
379 2418 618 2459 constantio
639 2417 707 2458 VI.
730 2422 771 2458 et
789 2412 1024 2455 Constantio
1042 2413 1094 2452 11.
1290 2413 1390 2456 Ven,
1418 2429 1460 2454 x,

147 2475 233 2520 354
287 2477 321 2516 Β
380 2476 613 2517 Constantio
630 2474 719 2517 vn.
736 2479 778 2514 et
793 2470 1029 2513 constantio
1049 2468 1117 2509 111.
1290 2471 1370 2511 Sat.
1410 2485 1513 2515 xxn.

736 2689 1010 2699 Μ

215 2939 411 2975 clun-onium·
434 2940 600 2975 thale
629 2941 698 2974 vol.
722 2940 771 2974 11.
1036 2971 1042 2976 .
1291 2934 1342 2974 13
