1820 3276
300 205 399 254 460
872 204 1198 248 NOTAE

298 318 359 357 thi
386 315 587 369 Episcopo
618 314 659 352 in
688 313 991 353 Nat-rationibus
1016 313 1176 353 ineditis
1194 313 1244 353 de
1266 308 1527 352 Anachoretis'
1543 307 1766 365 Aegyptiis,

302 374 462 426 quidam
508 372 724 421 Eulogius,
764 371 832 421 qui
866 384 915 409 ex
943 371 1099 409 latrone
1131 369 1378 409 Anachoreta
1408 371 1563 418 factus,
1603 370 1766 409 invento

302 431 406 469 forte
433 428 478 466 in
506 428 696 480 spelunca
721 426 932 478 thesauro,
964 427 1348 480 Constantinopolim
1377 427 1488 465 venit
1498 455 1510 476 ,
1542 432 1582 465 et
1605 439 1626 464 a
1645 425 1769 464 Justi-

302 488 420 525 niano
451 484 645 523 Patricius
674 489 712 523 et
740 484 966 523 Praefectus
995 484 1197 523 Praetorio
1227 484 1383 532 factus,
1415 489 1502 522 orta
1529 482 1674 521 deinde
1693 482 1768 521 Vi-

300 543 563 581 ctoriatorum
592 540 808 589 seditione,
839 540 1004 593 Hypatii
1034 547 1164 591 partes
1196 547 1379 588 secutus,
1411 553 1457 578 ac
1477 539 1571 589 fuga
1592 539 1765 591 elapsus,

297 599 415 638 bonis
462 598 643 636 omnibus
680 597 916 649 publicatis,
954 611 1114 636 rursum
1154 598 1198 635 iu
1235 609 1411 635 eremum
1432 608 1639 644 reversus,
1678 601 1768 633 acta

299 655 562 708 poenitentia,
593 661 729 693 sancte
765 654 876 694 obiit.
938 654 1038 695 Vide
1066 655 1188 693 Notas
1217 660 1372 692 nostras
1401 651 1452 690 ad
1482 653 1658 690 zonarae
1685 650 1768 690 An-

299 713 423 752 nales.

416 768 512 818 Pag.
541 770 635 810 628.
669 770 734 810 16.
791 763 1105 820 Ασιτιόληπτος]
1138 766 1198 805 Ita
1220 765 1541 815 emendavimus,
1572 777 1664 802 cum
1686 762 1768 803 edi·

299 832 385 866 tum
406 831 509 864 esset
527 820 795 876 οῗσιτόληπτος.
906 855 912 861 ,

415 882 510 931 Pag.
540 884 635 924 629.
666 885 704 924 2.
765 879 1003 934 ΓΔαγκίπια]
1040 878 1408 932 Constantinopolis
1446 876 1591 916 Christ.
1625 875 1695 915 lib.
1720 889 1765 917 Π.

300 944 400 979 sect.
429 952 489 980 XI.
1628 941 1636 951 ‘

410 994 507 1034 Ibid.
570 992 695 1047 Ορια]
726 993 826 1034 Ibid.
852 1000 945 1033 sect.
965 1007 1005 1034 x.

413 1051 508 1101 Pag.
537 1053 633 1093 629.
663 1055 704 1093 5.
764 1053 827 1090 En
853 1053 927 1090 τοῦ
958 1052 1131 1091 Βενετοῦ
1160 1047 1328 1104 μέρους]
1371 1048 1552 1096 Quorum
1587 1044 1769 1084 Factioni

300 1108 557 1158 caeteroquin
583 1106 744 1146 favebat
773 1107 881 1145 idem
906 1107 1176 1155 lastinianus,
1206 1112 1254 1144 ut
1287 1119 1337 1144 ex
1365 1103 1564 1156 Procopio
1593 1109 1634 1142 et
1660 1103 1767 1140 Eva-

158 1166 278 1205 V537
302 1166 389 1217 grio
421 1178 540 1215 supra
566 1163 792 1202 notavimus
821 1164 861 1201 in
886 1162 1110 1202 Marciano:
1143 1162 1253 1214 quod
1270 1174 1413 1201 causae
1434 1161 1510 1199 fuit
1529 1160 1660 1198 curin
1677 1158 1769 1197 illos

296 1221 546 1276 potissimum
567 1220 912 1259 animadverteret.
1298 1252 1300 1256 ,

414 1278 509 1328 Pag.
539 1279 636 1319 629.
666 1279 704 1319 8.
770 1273 823 1316 To*
852 1272 927 1328 β’.]
958 1275 1075 1314 Hunc
1094 1288 1254 1324 annum,
1285 1279 1323 1312 et
1342 1273 1409 1325 qui
1430 1273 1614 1325 proxime
1635 1271 1771 1323 sequi-

298 1341 389 1383 tur,
418 1335 476 1372 ita
511 1332 744 1384 consignant
773 1331 1049 1381 Marcellinus,
1080 1332 1220 1370 Victor
1250 1331 1380 1370 Tunn.
1403 1336 1442 1368 et
1463 1329 1610 1367 Marius
1633 1327 1770 1366 Aven-

301 1392 370 1431 tic.
400 1391 443 1430 P.
479 1390 519 1430 C.
547 1390 748 1441 Lampadii
786 1393 820 1427 et
851 1390 988 1427 Orestis
1018 1389 1112 1427 Coss.
1172 1388 1398 1426 Victorius:
1435 1386 1638 1437 Lampadio
1665 1398 1708 1422 11.
1737 1387 1771 1422 et

305 1449 428 1487 Oreste
465 1460 510 1486 11.
582 1446 733 1485 Deinde
770 1459 872 1483 anno
913 1445 1118 1496 proximo,
1155 1444 1360 1496 Lampadio
1387 1457 1448 1481 111.
1483 1446 1518 1480 et
1559 1442 1682 1480 Oreste
1709 1454 1770 1480 111.

300 1504 422 1557 Apud
449 1503 654 1543 eruditum
683 1502 956 1541 Mabillonium
987 1508 1040 1541 to.
1063 1516 1126 1540 111.
1156 1502 1381 1542 Analector.
1398 1512 1487 1552 pag.
1507 1497 1601 1540 432.
1628 1512 1678 1536 ex
1694 1510 1770 1535 ve-

300 1562 376 1601 teri
407 1561 489 1600 MS.
519 1560 748 1609 Vitonensi,
787 1559 1016 1598 Bonifacius
1044 1573 1090 1597 11.
1129 1559 1232 1610 Papa
1262 1557 1478 1596 decessisse
1510 1554 1659 1594 dicitur
1684 1567 1770 1594 ΧΠ.

300 1619 387 1659 Kal.
418 1616 603 1656 Novembr.
632 1619 758 1655 iterum
780 1621 860 1667 post
892 1615 1121 1655 Consulatum
1147 1615 1349 1666 Lampadii
1375 1617 1409 1653 et
1439 1613 1576 1651 Orestis
1603 1612 1678 1651 VV.
1700 1609 1770 1649 CC.

302 1675 505 1727 quomodo
536 1674 745 1724 legendum
778 1678 913 1712 censet
945 1670 1241 1725 Papebrochius
1266 1670 1313 1709 V.
1342 1671 1384 1710 C.
1409 1669 1452 1707 in
1480 1667 1703 1720 Propylaeo
1720 1665 1773 1704 ad

301 1732 402 1770 Acta
438 1733 674 1769 Sanctorum
703 1729 794 1768 Maii
820 1743 908 1782 pag.
935 1732 1003 1772 78.
1032 1729 1104 1768 ubi
1130 1728 1180 1766 de
1206 1727 1345 1766 eodem
1373 1724 1578 1765 Bonifacio
1618 1730 1657 1764 et
1685 1723 1771 1776 ejus

301 1790 539 1826 Successore
568 1787 716 1826 Joanne
747 1787 840 1836 agit.
897 1783 1158 1838 Epitaphium
1189 1784 1367 1826 Valentis
1395 1781 1638 1822 Veronensis
1671 1779 1772 1832 Epi-

303 1845 438 1895 scopi:
469 1844 630 1882 Recessit
658 1845 722 1882 sub
753 1856 840 1881 vni.
866 1843 954 1881 Kal.
988 1844 1196 1893 Augustas,
1219 1845 1303 1894 post
1323 1840 1554 1880 Consulatum
1573 1836 1775 1890 Lampadii

300 1906 334 1940 et
355 1902 490 1939 Orestis
517 1900 589 1939 VV.
611 1900 681 1940 CC.
705 1900 835 1938 Indict.
855 1912 911 1936 1x.

416 1957 510 2007 Pag.
541 1958 635 1998 629.
666 1959 705 1998 9.
769 1950 936 2006 Μόνου]
980 1954 1060 2002 Qui
1099 1952 1260 2005 quidem
1295 1951 1506 1991 Iustiniani
1533 1949 1772 1989 Consulatus

158 2018 186 2053 P
211 2017 278 2053 589
303 2013 443 2053 tertius
463 2013 561 2061 fuit,
591 2012 652 2050 uti
682 2018 818 2051 exerte
839 2011 986 2049 dicitur
1002 2011 1044 2048 in
1065 2010 1107 2050 L.
1129 2023 1199 2048 vn.
1220 2009 1316 2048 Cod.
1338 2010 1386 2048 de
1409 2008 1540 2047 Veteri
1560 2008 1654 2046 Jure
1674 2019 1772 2045 enu-

303 2070 492 2119 cleando,
533 2069 627 2108 data
658 2082 731 2108 v11.
762 2068 850 2106 Kal.
881 2069 1040 2106 Januar.
1066 2068 1272 2105 Iustiniana
1295 2066 1343 2105 D.
1364 2064 1414 2104 N.
1434 2069 1487 2104 ter
1506 2063 1678 2113 Consule,
1707 2062 1771 2102 In-

301 2127 397 2167 dict.
417 2140 488 2165 ΧΠ.
514 2132 558 2164 ut
576 2131 635 2164 est
652 2126 693 2164 in
715 2123 750 2179 ξ.
770 2138 894 2163 xxm.
1692 2158 1695 2162 ,

416 2183 510 2233 Pag.
542 2185 637 2225 629.
669 2184 735 2224 11.
795 2178 992 2233 Σεισμός]
1023 2178 1129 2217 Varii
1153 2178 1333 2217 accidere
1356 2184 1487 2216 terrae
1506 2182 1640 2215 motus
1664 2175 1772 2214 Con-

302 2239 584 2291 stantinopoli,
610 2237 838 2277 ‘Justiniano
873 2237 1112 2290 imperante,
1142 2249 1315 2287 quorum
1334 2235 1415 2274 fere
1438 2234 1613 2272 omnium
1635 2231 1773 2271 memi-

303 2302 450 2335 nerunt
470 2295 709 2347 Scriptores,
733 2294 836 2333 acin
856 2293 995 2346 primis
1012 2291 1245 2343 Theophan.
1267 2305 1357 2331 ann.
1379 2302 1770 2330 xxnxanxxvm.

302 2366 404 2392 xxx.
463 2352 663 2391 cedrenus
684 2355 768 2390 en.
805 2364 893 2389 xw.
930 2364 1015 2391 XVI.
1041 2363 1172 2388 xxvn.
1196 2362 1342 2389 xxv111.
1375 2361 1494 2386 xxxx.
1525 2360 1654 2385 xxxn.
1716 2345 1772 2385 De

303 2408 429 2448 hocce
451 2409 519 2461 qui
543 2422 646 2447 anno
667 2422 722 2446 vl.
743 2407 911 2456 accidit,
941 2407 1073 2446 silent.
1134 2406 1170 2444 Is
1200 2419 1322 2458 porro
1343 2404 1458 2455 cujus
1477 2403 1657 2441 meminit
1681 2401 1772 2453 Cy-

303 2466 418 2505 rillus
438 2464 794 2517 Scythopolitanus
813 2464 857 2502 in
878 2464 967 2502 Vita
987 2464 1023 2500 S.
1044 2461 1169 2500 Sabae
1193 2475 1281 2514 cap.
1302 2475 1369 2502 xo.
1390 2459 1498 2498 haud
1520 2459 1646 2497 multo
1678 2463 1772 2510 post

304 2522 526 2561 Concilium
543 2521 949 2572 Hierosolymitanum
968 2525 1099 2557 actum
1121 2533 1223 2558 anno
1243 2532 1355 2556 xxvi.
1370 2515 1600 2565 Justiniaui‚
1631 2513 1770 2554 conti-

303 2580 383 2631 git:
414 2579 528 2631 isque
549 2579 705 2617 fortean
725 2583 782 2616 est
802 2583 932 2616 terrae
951 2582 1104 2624 motus,
1137 2576 1206 2626 qui
1223 2588 1327 2613 anno
1348 2573 1530 2625 sequenti
1547 2571 1657 2624 apud
1675 2584 1772 2610 eos-

305 2636 393 2675 dem
413 2634 696 2688 Theophanem
717 2640 756 2673 et
777 2634 998 2672 Cedrenum
1019 2632 1198 2671 extitisse
1218 2636 1415 2670 narratur.

419 2693 513 2743 Pag.
546 2694 640 2734 629-
675 2689 738 2732 14.
799 2693 834 2730 Ο
871 2687 1118 2741 σταυρωθεὶς
1150 2682 1199 2728 δι’
1230 2685 1366 2739 ἡμᾶς]
1405 2686 1460 2725 De
1499 2684 1577 2723 hoc
1611 2682 1770 2722 addita-

307 2755 440 2789 mento
458 2748 625 2800 Trisagii
644 2747 767 2787 multa
782 2746 956 2785 diximus
974 2746 1015 2783 in
1039 2745 1167 2783 Gloss.
1190 2744 1293 2783 med.
1311 2743 1482 2782 Graecit.
1502 2741 1541 2779 in
1562 2753 1600 2779 v.
1626 2735 1771 2792 Τρισοὶ-

330 2820 408 2846 ιον.

305 2820 328 2859 γ
421 2862 513 2913 Pag-
546 2852 640 2905 629·
674 2865 736 2906 18.
795 2865 927 2915 Αρον,
968 2857 1154 2909 καῦσον]
1200 2856 1256 2895 [ta
1284 2870 1365 2895 vox
1393 2851 1481 2909 αἶρε
1514 2858 1703 2905 usurpata
1727 2850 1769 2891 in
