1884 3262
492 210 551 255 [N
585 210 915 254 CHRONICON
938 209 1228 254 PASCHALE.
1495 206 1604 255 ‘271

137 322 183 366 δὲ
200 318 436 376 η’κούσαμεν
452 319 496 363 ἐκ
517 324 602 362 τῶν
623 322 783 362 παιδων
802 317 1031 374 Αντιγόνου
1050 320 1119 362 καὶ
1134 318 1386 373 Πτολεμαίου
1408 315 1609 389 γερόντων

135 396 279 431 τινων,
307 377 367 421 ’ὅτι
388 378 640 432 Λλέξανδρος
667 377 688 419 ὅ
708 376 916 418 Μακεδών
936 376 1097 427 ἐπιστας
1122 382 1178 434 τῷ
1199 374 1318 446 τάφῳ
1339 379 1412 418 τοῦ
1436 374 1610 447 Προφή-

75 487 82 492 .
134 453 230 488 του,
259 435 329 478 καὶ
353 433 543 506 ἐπιγνους
561 451 610 475 τα
631 435 688 482 εἰς
708 430 834 476 αὐτόν
853 431 1079 488 μυστήρια,
1111 436 1168 483 εἰς
1186 431 1482 501 Αλεξάνδρειαν
1500 432 1605 487 μετέ-

136 506 279 546 στησεν
309 489 441 534 αύτοῦ
468 490 518 533 τοὶ
548 493 747 542 λείψανα,
787 492 1034 543 περιστείλας
1061 487 1164 532 αυτοὶ
1193 488 1388 542 ἐνδόξως,
1416 490 1487 532 καὶ
1514 491 1610 532 έκω-

135 547 246 603 λύθη
268 550 313 592 ἐκ
331 553 404 602 τῆς
430 552 507 620 γῆς
535 545 663 601 αυτῆς
684 546 729 589 τὸ
748 547 866 601 γένος
891 563 975 588 των
1006 544 1212 598 οἷσπίδων,
1240 547 1310 589 καὶ
1333 548 1378 589 ἐκ
1396 551 1470 588 τοῦ
1487 563 1607 590 ποτα-

135 610 217 660 μοῦ
245 603 436 654 ωσαύτως
455 604 504 646 τοὶ
525 606 669 659 θηρία.

249 661 572 714 Pag.293.13.
636 663 703 716 Τῷ
728 657 864 713 τόπω]
904 660 970 700 Sic
1006 660 1248 712 Logotheta·
1295 666 1338 700 at
1365 675 1484 716 ταφω
1511 659 1608 712 legit
1630 666 1664 702 V
1689 664 1759 702 419

138 720 293 760 Auctor
320 720 400 759 MS.
430 719 480 758 de
509 733 600 759 xvl.
629 717 853 770 Prophetis.

253 778 570 827 Pag.293.16.
632 775 715 815 Καὶ
734 771 863 822 ούτως
887 771 1129 825 ἐνέβαλλον]
1160 773 1253 824 Leg.
1283 772 1352 813 καὶ
1378 770 1506 822 οὕτως
1527 772 1608 815 ἐνέ-

138 835 283 886 βαλεν,
313 845 366 872 ex
394 831 516 871 Suida
544 832 587 870 in
577 828 815 904 Αργόλαι,
853 829 924 882 qui
959 829 1066 868 bunc
1095 829 1228 869 locum
1258 829 1471 882 Epiphanii
1499 830 1610 870 vide·

137 897 221 931 rat:
250 888 320 931 καὶ
338 887 523 941 ἐνέβαλεν
552 889 610 937 εἰς
627 904 700 930 τον
717 884 896 940 ποταμὸν
915 884 1014 939 πρὸς
1039 881 1246 940 αναίρεσιν
1273 889 1356 927 τῶν
1385 883 1580 929 ἀσπίδων,

255 949 348 996 Pag.
378 948 569 990 293.18.
634 947 718 986 Τοῦ
749 943 1160 996 Πελοποννησιακοῦ]
1191 943 1356 992 Suidas,
1385 947 1459 985 τοῦ
1482 947 1610 984 Πελα-

138 1006 254 1060 σγοῦ.
309 1002 431 1041 Hunc
468 1003 603 1041 locum
641 1016 765 1055 porro
803 1002 861 1040 ita
898 1001 1022 1039 vertit
1057 1000 1263 1053 Interpres
1303 1000 1513 1040 Dorothei:
1553 1001 1610 1040 Et

136 1065 308 1113 serpentes
336 1061 401 1097 hoc
422 1064 530 1111 pacto
563 1060 706 1108 rejecti,
737 1072 823 1110 quos
840 1058 1017 1108 Argolaos
1034 1062 1182 1107 vocant,
1212 1059 1278 1096 Ιιοσ
1308 1061 1360 1096 est
1386 1059 1536 1097 lacertos
1566 1071 1611 1096 ex

138 1119 237 1167 Argo
257 1117 566 1184 Peloponnesiaco,
594 1116 688 1155 unde
704 1120 740 1154 et
758 1116 916 1165 Argolai
947 1118 1119 1154 vocantur
1140 1115 1270 1167 populi
1292 1116 1377 1163 isti,
1407 1115 1447 1154 id
1472 1118 1524 1153 est
1551 1114 1613 1152 de-
1661 1120 1667 1127 '

137 1176 233 1214 xtris
258 1175 403 1224 ignavi:
429 1174 570 1225 loquela
587 1187 668 1212 vero
686 1176 770 1211 sunt
795 1172 953 1211 delicata
978 1175 1013 1209 et
1036 1184 1183 1223 prorsus
1210 1172 1369 1211 sinistra.
1427 1172 1491 1211 Ex
1520 1170 1613 1223 qui-

137 1231 215 1270 bus
242 1230 310 1269 hic
338 1231 551 1281 legendum
580 1229 805 1268 videretur.
840 1227 1044 1269 τουτέστιν
1067 1227 1198 1282 Αργοὶ
1227 1228 1402 1278 δεξίαις,
1429 1241 1507 1280 pro
1528 1230 1613 1281 Αρ·

137 1284 239 1342 γοῦς
268 1286 413 1338 δέξιοι,
450 1286 610 1326 tametsi
637 1292 809 1344 utraque
849 1285 968 1323 lectio
1005 1283 1106 1323 nihil
1145 1284 1231 1323 sani
1265 1283 1433 1332 habeat,
1461 1291 1509 1323 ut
1537 1297 1612 1323 nec

138 1346 210 1384 illa
239 1344 407 1393 Suidae,
442 1340 618 1397 Αργόλαι
646 1344 723 1384 οὐν
755 1342 799 1383 ἐκ
831 1344 906 1382 τοῦ
934 1345 1095 1394 Αργους
1124 1341 1242 1382 λαιοί.
1299 1340 1482 1380 Raderus
1511 1339 1611 1379 haec
1633 1346 1664 1382 P
1685 1346 1756 1383 508

138 1401 331 1441 mendose
360 1401 414 1440 ita
444 1400 648 1440 ediderat.
677 1398 748 1440 καὶ
773 1394 960 1450 ἐκωλύθη
991 1398 1035 1438 ἐκ
1054 1399 1127 1450 τῆς
1152 1400 1229 1452 γῆς
1248 1397 1406 1465 ἐκείνης
1428 1395 1473 1438 τό
1495 1396 1613 1451 γένος

141 1454 348 1507 ἀσπίδων,
386 1456 456 1498 καὶ
489 1457 533 1498 ἐκ
559 1459 634 1498 τοῦ
663 1457 851 1509 ποταμοῦ
887 1450 1099 1502 ωσαύτως,
1139 1453 1208 1494 καὶ
1235 1450 1365 1502 οὕτως
1385 1453 1615 1523 ἐνέβαλλον

139 1530 236 1563 τους
264 1512 382 1566 ὄφεις
400 1530 494 1562 τους
513 1512 753 1567 λεγομένους
777 1506 1034 1565 Λργολαους,
1063 1526 1085 1552 o
1119 1506 1263 1552 εἰσιν’
1239 1526 1510 1563 οφιομαχους,
1541 1507 1615 1559 οὖς

138 1570 311 1627 ἤνεγκεν
341 1570 384 1612 ἐκ
409 1574 485 1612 τοῦ
505 1574 643 1624 Αργου
670 1572 744 1610 τοῦ
765 1571 1184 1620 Πελοποννησιακοῦ,
1217 1566 1420 1608 τουτέστιν
1447 1564 1611 1622 Αργους

139 1628 266 1677 δέξιοι
297 1631 532 1668 καλοῦνται·
562 1624 704 1669 λαλιαν
729 1623 773 1667 δὲ
801 1625 980 1678 ἔχουσιν,
1011 1631 1088 1664 etc.
1146 1625 1230 1663 Nos
1263 1624 1462 1663 edidimus
1490 1629 1615 1677 prout

119 1684 343 1724 ‘habentur
369 1685 412 1723 in
443 1684 541 1723 Cod.
571 1684 789 1732 Vaticano,
829 1696 852 1720 a
893 1695 976 1733 quo
1015 1695 1098 1720 non
1135 1680 1294 1720 abludit
1331 1682 1503 1733 Symeon
1532 1681 1614 1720 Lo-

140 1741 302 1794 gotheta
330 1743 374 1780 in
404 1740 606 1779 Chronico
636 1740 717 1779 MS.
762 1738 879 1790 cujus
906 1737 1030 1777 verba
1069 1737 1136 1776 hic
1174 1751 1393 1807 apponam:
1431 1735 1610 1790 ηυξαντο

139 1796 219 1853 γᾶρ
239 1796 310 1839 καὶ
329 1798 372 1839 οἱ
388 1794 674 1851 ὄλεθρεύοντες
699 1792 849 1844 αυτοῦς
865 1793 981 1846 όφεις
998 1794 1067 1836 καὶ
1094 1791 1260 1843 ἀσπίδες
1281 1790 1512 1836 απέθανον·
1541 1793 1613 1835 καὶ

141 1858 223 1896 τῶν
241 1849 407 1895 υδατων
425 1854 467 1895 οἱ
482 1857 634 1908 θῆρες,
666 1868 740 1901 ους
758 1855 953 1893 καλοῦσιν
975 1852 1018 1892 οἱ
1033 1847 1255 1906 Αἰγύπτιοι
1272 1848 1514 1902 Μενεφωθ,
1532 1853 1612 1891 Ελ-

142 1915 260 1964 ληνες
282 1908 326 1952 δὲ
346 1912 653 1965 Κροκοδείλους.
712 1908 796 1950 Καὶ
818 1921 910 1951 οσοι
935 1905 979 1949 δὲ
1010 1908 1087 1949 εἰσὶ
1120 1907 1256 1949 πιστοὶ
1282 1910 1358 1948 τοῦ
1380 1910 1507 1956 Θεοῦ,
1537 1906 1613 1955 ἕως

145 1965 320 2037 σήμερον
339 1966 521 2035 εύχονται
542 1967 585 2008 ἐν
604 1969 662 2022 τῷ
679 1963 822 2022 cuiqam,
851 1964 922 2006 καὶ
948 1962 1220 2019 λαμβανοντες
1237 1960 1316 2005 απὸ
1331 1966 1407 2005 τοῦ
1424 1961 1519 2016 χοός
1538 1966 1613 2005 τοῦ

143 2022 293 2075 τόπου,
319 2021 500 2079 δήγματα
522 2009 713 2066 ασπίδων
729 2017 1016 2077 θεραπεύουσι.
1073 2025 1204 2089 Ημεῖς
1233 2019 1276 2062 δὲ
1303 2017 1537 2090 ήκούσαμεν
1570 2019 1614 2061 ἐκ

144 2084 228 2123 τῶν
251 2082 411 2124 παίδων
443 2076 670 2151 Αντιγόνου
704 2083 777 2120 τοῦ
812 2079 1065 2145 Πτολεμαίου
1093 2074 1291 2134 γερόντων
1314 2073 1517 2146 ανδρων,
1551 2092 1614 2118 οτι

143 2136 436 2210 Αλέξανδρος’
415 2154 437 2180 o
457 2134 666 2179 Μακεδών
681 2132 844 2183 ἐπιστας
863 2138 920 2192 τῷ
936 2131 1048 2191 τόπω
1077 2138 1152 2176 τοῦ
1172 2130 1423 2204 Προφήτου,
1451 2133 1520 2175 καὶ
1539 2149 1613 2186 μα-

144 2192 238 2235 θων
263 2193 313 2236 τα
347 2190 571 2266 μυστήρια,
612 2194 670 2242 εἷς
694 2177 991 2260 Αλεξάνδρειαν
1018 2177 1279 2259 μετεστήσατο
1302 2187 1432 2232 αὐτοῦ
1457 2188 1503 2232 τὸ
1530 2191 1612 2231 λεί-

145 2261 306 2304 ψανον,
334 2251 517 2305 περιθεις
535 2245 704 2299 ἐνδόξως
723 2245 887 2303 κύκλῳ,
913 2247 983 2289 καὶ
1008 2244 1240 2302 ωλοθρεύτη
1259 2247 1303 2289 ἐκ
1319 2250 1392 2315 τῆς
1418 2250 1494 2303 γῆς
1513 2246 1611 2288 ἐκεί-

149 2324 222 2376 νης
240 2305 284 2348 τό
303 2307 420 2362 γένος
437 2310 519 2348 τῶν
539 2302 746 2355 ἀσπίδων,
775 2304 843 2345 καὶ
863 2304 908 2346 ἐκ
925 2307 1002 2346 τοῦ
1019 2308 1206 2372 ποταμοῦ
1231 2301 1422 2354 ωσαύτως
1447 2304 1491 2345 οἱ
1494 2307 1613 2371 Κρο-

146 2361 330 2406 κόδειλοι.
383 2359 511 2412 Οὗτος
538 2360 634 2411 τούς
659 2360 898 2431 λεγομένους
922 2357 1140 2430 Λργὸλαςζ
1158 2378 1190 2404 o
1209 2361 1317 2403 ἐστιν
1347 2356 1611 2414 ὄφιομαχους,

146 2421 207 2469 εἰς
235 2419 311 2473 τὴν
339 2423 417 2475 γῆν
434 2416 667 2487 Αἰγύπτου,
696 2434 772 2467 ους
798 2415 966 2471 ἤνεγκεν
992 2417 1037 2459 ἐκ
1064 2421 1140 2460 τοῦ
1166 2422 1328 2472 Αργους
1354 2421 1428 2460 τοῦ
1445 2421 1614 2486 Πελαγι·

149 2479 273 2518 σκοῦ·
303 2475 406 2518 ὅθεν
423 2477 495 2518 καὶ
515 2472 691 2530 Αργόλαι
711 2476 952 2524 καλοῦνται,
980 2473 1181 2516 τουτέστιν
1198 2479 1359 2544 Αργους
1384 2470 1613 2542 ευωνύμου·

149 2531 262 2575 λαιὸν
285 2531 363 2588 γαρ
378 2537 462 2574 πᾶν
480 2531 527 2576 τὰ
550 2531 783 2603 εὐώνυμον,
811 2528 856 2572 τὸ
873 2528 918 2571 δὲ
936 2534 1072 2585 Αργος
1089 2531 1197 2573 ἐστὶν
1220 2527 1472 2572 ἅνατολικόν.

266 2593 361 2641 Pag·
390 2590 488 2635 294.
519 2593 559 2634 3.
620 2584 751 2637 Οὗτος
777 2586 979 2642 Ιερεμίας]
1007 2589 1071 2628 Ex
1100 2586 1339 2640 Epiphanio.

265 2650 359 2697 Pag
387 2647 486 2691 294.
514 2646 552 2689 5.
600 2650 665 2687 Εν
688 2641 850 2701 φάτνῃ]
881 2644 991 2683 Haec
1021 2650 1061 2684 et
1090 2657 1192 2697 quae
1218 2649 1442 2696 sequuntur
1471 2641 1618 2681 absunt

150 2701 200 2742 ab
227 2703 478 2756 Epiphanio:
523 2702 580 2743 ita
610 2709 742 2742 autem
780 2685 1065 2741 describuntur
1103 2700 1212 2754 apud
1242 2695 1618 2751 Logothetam·610

147 2758 218 2799 καὶ
246 2759 320 2807 ἕως
343 2762 422 2800 νῦν
452 2762 717 2801 θεοποιοῦσιν
730 2757 952 2826 παρθένον
973 2761 1174 2811 λοχῶντα,
1201 2760 1344 2810 τιμῶσι
1367 2755 1437 2797 καὶ
1467 2753 1619 2823 βρέφος

148 2814 193 2856 ἐν
221 2811 355 2871 φάτνῃ
381 2815 559 2865 τιθέντες
585 2811 889 2882 προσκύνουσι·
913 2814 1054 2887 ἔλεγον
1084 2815 1127 2856 οἰ
1154 2815 1272 2867 ἱερεῖς
1299 2810 1529 2881 Αἰγύπτου,
1556 2809 1617 2853 ’ὅτι

148 2856 510 2947 πατροπαράδοτόν
537 2872 620 2916 ἐστι
647 2867 870 2926 μυστήριον
896 2870 978 2914 15πό
1011 2873 1139 2914 Οσίου
1174 2866 1398 2925 Προφήτου
1428 2873 1512 2919 τοῖς
1542 2883 1616 2910 πα-
