1884 3262
264 196 390 267 328(
835 196 1161 240 NOTAE

267 305 454 350 Quintillo.
511 303 710 343 Victorius
728 309 769 344 et
787 305 977 357 Senator,
1007 304 1150 350 Quinto.
1207 302 1278 345 Is‘
1278 319 1418 359 nempe
1438 306 1660 346 vocabatur
1680 307 1725 351 Q.

270 363 407 402 Vettius
426 361 628 413 Aquilinus.

378 416 598 471 Pag.475.
629 420 696 459 17
751 414 938 471 Σεβήρου
956 417 1024 458 καὶ
1044 413 1336 472 Αμφιγούλου]
1367 418 1467 459 [dat.
1505 420 1588 458 Vero
1609 433 1671 460 111.
1693 425 1728 459 et

263 475 464 525 Ambigulo.
524 474 720 527 Prosper,
759 475 979 525 Victorius,
1016 476 1203 523 Senator,
1233 481 1304 513 etc.
1370 475 1455 513 Vero
1480 480 1513 514 et
1541 478 1729 527 Ambiguo.

264 531 341 569 Sed
362 532 437 581 leg.
466 531 550 569 Vero
570 544 632 570 111.
652 535 686 569 et
708 531 906 580 Ambibulo,
924 545 974 570 ex
993 532 1118 571 veteri
1140 531 1325 583 Inscript.
1348 537 1388 570 et
1408 532 1615 583 Anonymo
1634 534 1730 572 Cus-

263 587 414 639 piniani
444 587 653 626 contendit
675 587 855 627 Norisius
877 602 967 639 pag.
990 591 1058 630 79
1082 588 1333 641 proindeque
1356 601 1431 639 pro
1457 585 1728 641 Αμβιγούλου,

265 644 493 695 legendum
501 640 788 696 Λμβιβούλου,
819 645 974 683 tametsi
1002 645 1054 682 ita
1088 644 1323 696 praetulisse
1344 644 1530 683 codicem
1549 645 1732 711 Scripto-

263 700 320 739 1ἰ8
343 715 394 740 ex
415 699 544 739 [datio
578 706 780 753 appareat.
838 702 903 738 Sic
934 702 1101 740 Severum
1118 705 1152 739 et
1172 701 1386 739 Antoninum
1407 714 1611 753 perperam
1632 703 1732 741 scri-

263 763 382 809 ptum
411 757 517 809 apud
543 757 809 810 Theophilum
839 757 969 796 Instit.
995 757 1044 795 de
1070 757 1260 797 Excusat.
1293 771 1368 810 pro
1401 758 1485 796 Vero
1504 762 1537 795 et
1557 760 1732 798 Antonino

267 813 533 852 observarunt
561 814 642 853 alii.
700 814 778 853 Sed
807 828 895 852 cum
936 815 1058 853 Verum
1076 818 1109 852 et
1128 814 1298 853 Bibulum
1317 814 1464 852 scribat
1484 815 1732 866 Capitolinus

266 869 308 907 in
333 870 563 921 Pertinace,
593 867 713 923 quem
738 871 788 910 iis
816 871 926 910 Coss.
955 876 1090 910 natum
1113 870 1266 918 tradit,
1294 871 1426 910 videat
1446 872 1589 911 Lector
1613 886 1730 924 quem

263 941 304 966 se
334 927 375 965 ui
395 927 507 966 velit.

306 940 333 979 q
376 982 474 1035 Pag.
505 982 603 1027 475-
637 986 703 1026 18.
764 981 906 1038 Πατήρ
937 983 1151 1038 πατρίδος]
1189 985 1251 1023 Ex
1275 983 1422 1026 Chron.
1449 984 1629 1035 Eusebii,
1662 985 1732 1023 ubi

264 1040 453 1092 Scaliger.
512 1040 612 1079 Vide
631 1040 748 1079 etiam
770 1041 984 1092 Georgium
1006 1041 1245 1108 Syncellum.

374 1095 472 1148 Pag.
501 1095 596 1140 476-
629 1101 666 1138 1.
724 1097 810 1138 Επὶ
835 1094 989 1138 τούτων
1017 1101 1099 1138 τῶν
1134 1093 1333 1148 Τπᾶτων]
1369 1096 1594 1136 Chronicon
1613 1099 1732 1138 Euse-

263 1152 346 1203 bii,
374 1159 415 1191 et
446 1167 498 1192 ex
523 1166 570 1192 eo
601 1154 797 1205 Georgius
819 1155 1050 1206 Syncellus·
1081 1150 1303 1201 Νικόπολις
1324 1169 1392 1193 και
1417 1151 1638 1208 Καισάρεια
1657 1167 1735 1196 σει-

264 1211 354 1265 σμῷ
377 1207 714 1261 κατεπτῶθησαν,
725 1217 865 1262 atque
891 1210 984 1248 inde
1009 1210 1299 1248 emendandum
1317 1209 1567 1261 chronicon,
1591 1212 1632 1250 in
1653 1225 1734 1263 quo

261 1279 476 1318 perperam
507 1264 717 1305 Nicomedia
746 1280 823 1319 pro
856 1264 1043 1318 Nicopoli,
1075 1273 1115 1304 et
1134 1267 1248 1304 Aoria
1266 1280 1342 1318 pro
1364 1266 1539 1306 Caesarea
1555 1240 1734 1320 irrepsit,

261 1322 510 1373 delendaque
543 1336 627 1361 vox
656 1325 729 1374 τῆς
757 1323 967 1371 Βιθυνίας.
1027 1323 1189 1375 Quippe
1208 1323 1346 1374 paullo
1365 1329 1458 1362 ante
1481 1324 1735 1364 Nicomediae

254 1392 395 1417 casum
419 1379 559 1417 retulit
574 1379 680 1418 idern
692 1379 903 1429 Eusebiae,
925 1386 964 1418 et
975 1393 1024 1419 ex
1037 1393 1084 1418 eo
1098 1379 1277 1431 Scriptor
1289 1378 1478 1418 Chronici
1493 1381 1542 1418 ad
1558 1395 1650 1422 ann.
1661 1395 1733 1423 vn.

260 1434 465 1474 Hadriani.
497 1436 554 1474 De
569 1435 758 1488 Nicopoli
778 1450 898 1488 supra
917 1437 1079 1488 egimus.
1115 1435 1185 1487 [ln
1203 1442 1337 1476 annot.
1356 1443 1492 1475 nostra
1510 1437 1597 1477 dele
1612 1439 1734 1478 verba

260 1495 333 1545 τῆς
352 1493 566 1540 Βιθυνίας,
593 1505 696 1544 quae
715 1493 758 1531 in
777 1492 978 1531 Chronico
995 1507 1077 1531 non
1099 1492 1270 1532 debebat
1291 1493 1425 1532 delere
1446 1494 1702 1547 Ducangius.]

378 1547 477 1598 Pag.
508 1549 603 1591 476.
635 1549 674 1592 5.
732 1550 948 1602 Λίβωνος]
1001 1550 1062 1588 Ita
1097 1550 1206 1588 Fasti
1247 1548 1426 1590 [datiani.
1486 1551 1562 1589 Alii
1597 1552 1734 1605 Aprum

263 1605 467 1643 Catullino
491 1605 688 1657 Collegam
708 1606 950 1658 adjungunt,
980 1613 1028 1645 ut
1049 1611 1088 1644 et
1105 1613 1222 1644 vetus
1244 1606 1472 1659 Inscriptio.

380 1664 473 1712 Pag.
503 1660 598 1704 476.
631 1666 672 1705 6.
736 1665 770 1702 Ο
800 1662 843 1703 ἐν
872 1660 1013 1718 Ρόδῳ]
1055 1662 1155 1701 Vide
1182 1676 1284 1715 quae
1313 1663 1362 1702 de
1391 1663 1555 1702 Colosso
1577 1663 1736 1703 Rhodio

263 1718 460 1769 congessit
481 1718 651 1756 Allatius
670 1719 722 1758 ad
738 1718 885 1758 librum
903 1719 1079 1758 Philonis
1099 1719 1149 1758 de
1170 1733 1242 1758 vn.
1261 1720 1368 1759 orbis
1387 1720 1603 1763 miraculis.

382 1777 474 1824 Pag.
487 1774 582 1817 476.
595 1778 634 1816 9.
664 1777 902 1829 Σεργιανοῦ]
929 1776 1002 1814 Fas
1006 1776 1035 1814 ti
1054 1776 1223 1814 Idatiani
1243 1776 1355 1817 MSS.
1376 1777 1591 1827 Auguriano
1602 1782 1636 1816 et
1648 1778 1736 1817 Ser-

263 1834 384 1882 giano.
414 1830 493 1868 Alii
511 1831 739 1880 Augurinum
758 1838 797 1871 et
821 1832 1050 1871 Severianum
1067 1832 1238 1871 habent:
1270 1840 1388 1886 atque
1406 1834 1464 1871 sic
1481 1834 1704 1884 legendum.

379 1886 603 1937 Pag.476.
640 1892 706 1930 10.
755 1885 946 1940 Λκυλας]
979 1889 1091 1936 Quae
1112 1889 1181 1926 hic
1202 1889 1251 1927 de
1274 1890 1437 1941 Aquila,
1466 1896 1506 1928 et
1534 1890 1619 1940 ejus
1643 1904 1734 1929 cum

265 1943 468 1982 Hadriano
502 1943 696 1982 affinitate
726 1951 866 1983 narrat
892 1945 1100 1997 Scriptor,
1127 1945 1261 1983 hausit
1293 1946 1341 1984 ab
1368 1945 1592 1998 Epiphanio
1614 1947 1683 1986 lib.
1704 1962 1733 1986 1.

265 1999 315 2038 de
338 1999 510 2038 Ponder.
529 2005 568 2037 et
591 2001 764 2040 Mensur.
781 2015 818 2039 n.
839 2015 929 2041 xm.
953 2008 992 2040 et
1008 2014 1092 2040 xxv.
1120 2002 1190 2053 qui
1211 2001 1394 2052 Aquilam
1417 2017 1497 2040 non
1517 2001 1735 2055 πενθερον,
1804 2026 1809 2042 ι

265 2055 337 2095 sed
361 2057 608 2121 πενθερίδηγ
631 2057 823 2105 Hadriani
856 2058 981 2096 fuisse
1013 2058 1167 2099 scribit.
1226 2059 1301 2097 Sed
1335 2058 1435 2097 haec
1463 2059 1594 2098 omnia
1619 2060 1737 2098 fabu—

263 2113 372 2159 losa,
408 2119 447 2150 et
470 2113 517 2150 ab
539 2113 677 2152 otiosis
701 2115 870 2153 conficta
890 2114 1019 2153 videri
1038 2120 1173 2154 censet
1193 2115 1410 2154 Petavius
1399 2129 1438 2154 in
1457 2116 1549 2155 Not.
1570 2117 1619 2155 ad
1641 2129 1736 2155 eun-

264 2169 355 2208 dem
376 2168 571 2221 Epiphan

383 2225 601 2275 Pag.476.
636 2227 699 2269 15.
760 2225 1036 2281 Προσήλυτος]
1068 2227 1201 2267 Editio
1220 2228 1431 2280 scaligeri:
1452 2226 1738 2282 προσηλυτεύει

263 2297 305 2323 τε
327 2283 539 2329 Ῑουδαίοις.

117 2349 149 2379 V
173 2347 240 2384 455
381 2341 475 2388 Pag
503 2337 700 2381 476.18.
765 2342 898 2380 Ταῦτα
928 2339 1099 2394 ἱστορεῖ]
1133 2341 1235 2379 Tota
1271 2340 1371 2381 haec
1402 2341 1595 2394 perioche
1623 2342 1735 2381 deest

264 2395 305 2434 in
328 2394 427 2432 Cod.
449 2393 659 2432 Holstenii.

382 2453 474 2500 Pag.
504 2449 600 2492 477
630 2454 668 2492 2.
735 2451 949 2505 Τεβερίου]
989 2452 1183 2503 Scaligeri
1212 2452 1311 2493 edit.
1342 2454 1535 2506 Τιβερίου.
1596 2452 1734 2492 Victo-

266 2507 349 2546 rius
365 2512 405 2545 et
423 2507 618 2557 Prosper,
653 2507 793 2546 Tiberio
809 2512 843 2546 et
862 2508 1000 2547 Sleano
1063 2509 1167 2547 Fasti
1189 2508 1333 2563 ldatii,
1360 2510 1493 2548 Hibero
1511 2514 1545 2547 et
1567 2510 1729 2551 Sisenna.

268 2567 460 2611 Senator,
491 2563 625 2601 Hibero
653 2567 685 2601 et
717 2564 858 2604 Silano.
917 2565 958 2602 Is
977 2578 1103 2616 porro
1124 2566 1245 2605 Julius
1265 2538 1415 2604 Silanus
1436 2566 1591 2605 Sisenna
1609 2580 1734 2605 voca-

268 2620 408 2659 batur:
436 2619 538 2658 alter
561 2633 660 2658 vero
683 2620 855 2659 therus
947 2653 951 2659 ,

387 2679 480 2727 Pag.
508 2675 604 2718 477.
635 2679 673 2718 3.
731 2673 920 2727 Σεβήρόυ
937 2675 1006 2716 καὶ
1027 2670 1208 2729 Ουαρου]
1233 2677 1332 2716 Idat.
1352 2678 1552 2717 Severoln.
1568 2683 1601 2716 et
1631 2679 1731 2719 Varo.

270 2733 445 2785 Prosper
465 2738 505 2771 et
522 2732 742 2780 Via-terim,
773 2733 953 2782 Sergiano
967 2746 1013 2772 11.
1034 2737 1068 2770 et
1096 2735 1190 2772 Vero.
1248 2736 1438 2782 Senator,
1469 2735 1599 2785 Sergio
1621 2748 1666 2774 11.
1699 2739 1734 2774 et

281 2790 377 2827 Vero.
435 2788 514 2827 Sed
547 2788 757 2839 legendum
785 2789 1013 2840 Σερβιανοῦ
1041 2789 1110 2830 καὶ
1138 2786 1311 2843 Οὕέρου,
1361 2804 1410 2829 ex
1439 2791 1563 2831 veteri
1592 2790 1734 2830 lnscri2

224 2895 228 2898 .
270 2847 405 2898 ptione
428 2845 547 2884 docet
564 2845 744 2884 Norisius
762 2858 852 2899 pag.
868 2848 935 2889 82.
