1820 3276
271 196 373 245 492
839 195 1164 240 NOTAE

270 304 461 356 Βόνωσος
505 305 750 359 appellatur:
796 318 876 357 quo
916 305 1078 345 nomine
1124 305 1245 344 alium
1285 304 1481 356 quendam
1518 304 1592 345 sub
1628 304 1734 345 Foea

270 370 574 418 praepotentem
601 362 726 402 refert
754 361 907 401 Auctor
939 361 1127 402 Chronici
1155 375 1259 400 anno
1288 361 1395 400 illius
1425 375 1496 400 vn.

384 419 480 470 Pag.
508 422 603 462 718.
635 420 701 462 15.
760 415 924 460 Λοιπδν
962 417 1006 459 δὲ
1044 415 1101 472 μή
1138 417 1440 471 μεμαθηκέναι]
1480 417 1558 458 Ubi
1594 431 1735 458 vocem

271 474 329 530 μή
357 489 408 516 ex
438 474 535 514 Cod.
564 475 756 514 Vaticano
783 475 1073 529 supplevimus.

384 532 479 582 Pag-
507 534 604 575 718.
633 534 700 574 20.
758 531 1108 585 Αρμαστατιοῑνος]
1128 530 1225 571 eod.
1247 529 1374 571 vatic.
1399 529 1736 582 Αρμαστατίονος.

386 588 504 640 [Ραξ.
533 590 629 632 718.
656 589 725 631 23.
784 585 1069 644 ἑπικατόρατον
1112 593 1323 642 peccatum
1368 585 1603 638 typothetae
1659 599 1736 639 pro

270 641 570 697 ἐπικατᾶρατον.
579 643 595 698 ]

326 729 332 738 .
385 701 482 752 Pag.
510 703 607 745 719.
639 702 676 742 1·
736 696 988 753 Πλησιάσαι]
1020 701 1110 752 Leg.
1141 698 1197 753 μή
1226 693 1457 751 πλησιάσαι.

386 757 482 808 Pag·
509 759 606 799 719.
634 759 672 799 9.
733 757 1015 812 Πολυανδρίου
1036 754 1195 811 πόρπας]
1223 753 1570 807 Constantinopol.
1589 751 1736 794 christ.

271 813 338 853 lib.
367 827 394 853 1.
425 819 520 853 sect.
547 826 614 852 xv.
642 826 682 852 n.
710 826 751 853 x.

384 869 482 921 Pag-
510 872 608 913 719.
639 872 704 912 10.
762 864 924 922 Πόρτας
951 871 1027 909 τοῦ
1060 866 1277 922 Πέμπτον]
1310 867 1413 908 Ibid.
1443 881 1481 906 n.
1510 880 1584 905 ΧΠ.

385 926 481 977 Pag.
509 928 605 967 719.
630 928 703 969 21.
763 920 1034 977 Εκαλᾶμωσε]
1077 925 1143 964 Sic
1183 926 1301 964 etiam
1336 924 1433 963 cod.
1465 922 1593 964 vatic.
1657 921 1739 961 Sed

272 982 435 1022 videtur
472 981 626 1033 legend.
663 977 862 1035 ἐκάμωσε,
904 981 950 1021 id
988 987 1070 1031 est,
1115 982 1275 1034 confecit.
1333 980 1434 1020 Vide
1474 979 1603 1019 Gloss.
1632 977 1737 1018 med.

273 1038 447 1078 Graecit.
479 1037 523 1077 in
554 1036 808 1091 Καμῶννειν.

387 1095 482 1145 Pag·
511 1098 608 1138 720.
641 1098 677 1137 1.
736 1090 898 1148 Πόρτας
925 1096 1002 1134 τοῦ
1029 1092 1147 1147 ἁγίου
1182 1091 1408 1146 Ρωμανοῦ]
1452 1090 1738 1131 Constantino-

270 1152 355 1206 pol.
388 1150 536 1190 Christ.
565 1151 637 1190 lib.
666 1163 694 1192 1.
725 1157 818 1189 sect.
847 1162 917 1191 xv.
950 1163 989 1188 n.
1019 1163 1076 1188 xx.

385 1208 479 1257 Pag.
510 1210 607 1250 720.
637 1210 701 1249 10.
761 1209 796 1247 Ο
824 1204 868 1247 δὲ
892 1201 1018 1255 αὖτός
1038 1203 1331 1257 ἐκκλεὲστατος]
1363 1204 1647 1257 Supplevimu·
1667 1199 1738 1244 αὖ·

271 1262 340 1313 τός
369 1277 420 1302 ex
449 1262 546 1302 Cod.
574 1262 703 1302 Vatic.
733 1263 803 1302 ubi
838 1262 914 1313 leg.
944 1259 1228 1310 εὐκλεέστατος.

384 1320 479 1370 Pag·
507 1322 603 1362 720.
638 1322 703 1362 18.
764 1316 848 1373 Τήν
875 1317 1059 1374 γέφυραν
1085 1320 1160 1360 τοῦ
1188 1316 1307 1372 ἁγίου
1337 1315 1611 1368 Καλλινίκου]
1638 1314 1739 1355 lbid.

269 1376 339 1419 lib.
369 1389 425 1416 ιν.
452 1381 547 1415 sect.
575 1389 663 1416 xw.

385 1432 481 1484 Pag·
510 1434 608 1475 721.
639 1436 679 1475 2.
742 1433 827 1473 Τοῦ
872 1429 991 1486 ᾰγίου
1033 1425 1264 1484 Κόνωνος]
1308 1428 1410 1469 Ibid.
1450 1435 1543 1468 sect.
1585 1440 1654 1467 xv.
1698 1440 1741 1466 n.

271 1503 360 1530 v111.

121 1553 152 1589 P
177 1550 249 1590 614
385 1545 479 1585 Ibid.
537 1544 616 1594 Εἰς
645 1541 814 1599 Πηγάς]
843 1543 948 1584 lbid.
976 1548 1072 1582 sect.
1099 1556 1174 1582 x11.
1203 1555 1244 1581 n.
1274 1556 1320 1581 11.

387 1601 484 1652 Pag.
515 1605 611 1645 721.
644 1604 709 1644 19.
768 1599 880 1652 Eva]
924 1600 1105 1639 Holsten.
1150 1599 1244 1641 ἔστί.
1319 1597 1399 1638 Sed
1447 1596 1740 1652 posterioribus

275 1658 440 1698 Graecis
471 1656 529 1698 ἔνι
557 1657 665 1696 idem
693 1657 801 1696 valet
830 1657 942 1709 quod
970 1655 1064 1697 ἐστί.

386 1715 482 1765 Pag.
512 1717 609 1757 722.
641 1716 706 1757 17.
761 1711 842 1754 Διοέ
873 1712 1045 1765 Χαλῶν]
1089 1712 1147 1752 Ita
1181 1724 1278 1752 mox
1304 1711 1433 1750 infra:
1471 1710 1586 1750 locus
1613 1722 1740 1763 porro

274 1772 369 1810 olim
409 1772 541 1809 dictus
572 1769 726 1822 Χηλαὶ,
765 1785 787 1808 a
816 1770 1078 1809 similitudine
1108 1768 1331 1821 forcipum‚
1369 1768 1454 1807 sive
1482 1766 1740 1807 brachiorum

274 1827 422 1879 quibus
456 1832 645 1879 portuum
681 1826 804 1866 moles
846 1827 1057 1878 scalaeque
1093 1825 1256 1865 similes·
1278 1838 1363 1864 esse
1399 1824 1542 1865 solent.
1610 1822 1739 1872 Quam

275 1890 408 1923 autem
438 1882 613 1922 celebres
646 1889 774 1922 essent
801 1881 878 1922 hae
907 1882 1074 1933 Chelae,
1113 1895 1283 1934 quarum
1323 1894 1418 1934 prae
1458 1881 1623 1920 caeteris
1659 1892 1740 1920 me-

274 1940 390 1978 minit
421 1938 634 1992 Dionysius
660 1939 878 1991 Byzantius
907 1939 949 1978 in
978 1938 1135 1991 Anaplo
1163 1938 1347 1991 Bospori,
1377 1937 1583 1976 declarant
1613 1936 1739 1989 pisca·

274 2003 395 2046 tores,
425 1995 493 2048 qui
524 2009 575 2034 ex
604 2001 665 2034 tot
695 2009 786 2035 orae
813 1995 1055 2048 Bosporicae
1083 1995 1310 2034 nominibus
1334 1993 1404 2032 vix
1423 1994 1596 2046 paucula
1616 2005 1740 2044 quae-

274 2052 365 2091 dam
393 2053 627 2101 retinentes,
655 2052 829 2091 medium
857 2052 967 2091 sinus
993 2052 1148 2090 fluxum
1176 2051 1335 2090 Estiaco
1366 2056 1406 2089 et
1426 2050 1620 2090 Hermaeo
1643 2050 1740 2089 Pro·-

276 2108 484 2148 montoriis
512 2108 713 2158 clausum,
741 2109 957 2148 etiamnum
987 2108 1194 2161 appellant
1223 2106 1389 2158 Chelas,
1418 2112 1494 2147 etc.
1550 2107 1658 2146 Haec
1687 2119 1740 2146 ex

277 2165 412 2217 Gyllio
443 2165 512 2203 lib.
552 2179 599 2204 11.
641 2165 691 2203 de
727 2166 912 2218 Bosporo
955 2163 1125 2204 Thracio
1169 2178 1257 2217 cap.
1288 2178 1347 2204 11.
1391 2163 1460 2202 ubi
1497 2163 1568 2203 ille
1608 2163 1739 2216 plura.

278 2225 436 2272 Χηλῆς.
485 2217 854 2273 α’μφιθαλασσιδίου
893 2223 1119 2277 φρουρίου,
1158 2220 1200 2260 in
1239 2220 1376 2259 eadem
1413 2233 1486 2259 ora
1523 2218 1740 2272 Bosporica

275 2278 454 2316 meminit
483 2277 747 2329 Pachymeres
776 2278 848 2319 lib.
878 2292 935 2317 xx.
964 2292 1054 2331 cap.
1082 2291 1151 2316 xv.
1180 2276 1248 2316 lib.
1279 2290 1373 2316 xm.
1404 2290 1492 2329 cap.
1522 2288 1636 2316 xxiv.

389 2333 485 2384 Pag·
515 2338 611 2378 722.
644 2339 709 2379 19.
768 2333 1156 2390 Ορφανοτροφείου]
1198 2333 1562 2386 Constantinopolis
1592 2331 1738 2372 Christ.

274 2390 342 2431 lib.
373 2402 428 2430 iv.
461 2397 557 2432 sect.
581 2405 639 2429 ix.
668 2405 708 2430 n.
737 2404 827 2430 xlx.

389 2445 486 2497 Pag.
517 2450 613 2490 723.
646 2451 710 2490 17.
766 2445 1019 2500 Αντιπὲραν]
1048 2445 1152 2486 Ibid.
1181 2451 1279 2486 sect.
1309 2458 1353 2486 x.
1382 2458 1422 2484 n.
1452 2458 1499 2486 11.

391 2502 487 2553 Pag-
516 2505 614 2547 728.
643 2506 712 2546 20.
767 2499 1110 2557 Σκαφοκάραβοι]
1148 2503 1212 2541 Sic
1241 2501 1460 2549 edidimus,
1488 2514 1578 2539 cum
1608 2499 1740 2539 Rade-

279 2559 391 2599 rians
421 2558 545 2598 editio
573 2572 665 2598 cum
693 2565 789 2598 nota
817 2559 950 2600 mendi
980 2555 1286 2613 (καν)οκοὶραβοι
1313 2557 1552 2610 praeferret:
1581 2557 1645 2597 vel
1667 2570 1738 2596 ex-

278 2615 490 2669 pungenda
520 2628 602 2655 vox
629 2631 727 2667 καν,
767 2615 877 2668 quod
904 2616 996 2655 vult
1027 2615 1282 2661 Holstenius,
1312 2620 1353 2653 et
1379 2614 1454 2665 leg.
1484 2613 1528 2655 οἰ
1552 2609 1738 2668 κάραβοι.

392 2671 487 2723 Pag·
516 2672 611 2716 724.
642 2675 707 2715 12.
763 2673 953 2726 Εμβολου
999 2675 1166 2724 παρεκεῖ
1207 2672 1283 2712 τοῦ
1327 2669 1446 2723 ἁγίου
1494 2666 1733 2722 Νικολάου]

279 2728 622 2782 constantinopol.
652 2728 796 2770 christ.
825 2728 895 2771 lib.
923 2741 979 2768 iv.
1009 2734 1101 2767 sect.
1130 2740 1184 2766 vr.
1212 2741 1253 2765 n.
1285 2740 1430 2768 nxvni.

393 2785 487 2836 Pag.
515 2785 609 2829 725.
640 2787 681 2828 7.
737 2788 909 2843 Απῇρον
944 2782 1038 2836 καὶ]
1077 2783 1144 2823 Sic
1180 2783 1430 2837 reposuimus
1467 2796 1544 2836 pro
1582 2781 1737 2837 ἐπῆρον

279 2839 400 2893 (καὶ)
428 2838 698 2897 ἀνεχώρησαν.
