1884 3262
154 1783 185 1818 P
207 1780 276 1819 481

300 188 402 235 222
621 187 862 232 SELECTA
888 188 960 232 AD
998 188 1410 236 ILLUSTRATION
1411 191 1491 233 EM

938 492 1168 550 XXIII.

387 613 504 663 DE
564 614 1058 665 PASCHATE
1112 577 1685 667 JUDAEORUM.

414 755 510 792 Post
539 753 706 792 biduum
733 741 890 793 Pascha¹
915 753 983 793 fiet
1003 784 1015 803 ,
1054 753 1100 793 id
1133 761 1193 794 est
1211 786 1223 805 ,
1260 768 1482 805 congruum
1512 755 1590 793 fuit
1621 753 1772 794 Pascha

299 810 541 850 Judaeorum
572 812 614 849 in
642 811 916 862 aequinoctio,
946 811 989 850 id
1019 817 1099 861 est,
1139 811 1180 850 in
1210 825 1283 852 vn.
1312 812 1481 851 Kalend.
1512 812 1685 865 Aprilis3
1725 817 1774 850 ut

300 868 344 905 in
372 868 627 920 aequinoctio
657 868 898 917 novissimo,
944 868 1083 906 mundi
1118 869 1326 908 renovatio
1363 875 1402 908 et
1439 868 1664 922 redemptio
1697 881 1773 921 per

301 938 439 963 necem
472 924 639 974 Christi3
671 925 764 976 quia
794 926 836 963 in
859 925 1110 976 aequinoctio
1134 926 1273 965 mundi
1291 927 1369 966 fuit
1392 926 1584 965 contritio
1603 932 1642 964 et
1664 938 1772 964 com-

302 982 474 1033 positio,
501 996 550 1020 ne
581 981 719 1033 dispar
747 982 821 1020 sibi
850 981 1022 1020 invicem
1050 982 1165 1022 fieret
1183 989 1354 1035 utraque
1379 983 1579 1022 formatio.
1619 981 1773 1022 Deinde

305 1039 442 1077 eadem
483 1038 692 1089 longitudo
733 1039 839 1078 facta
870 1045 930 1077 est
959 1052 1011 1077 ex
1041 1041 1223 1091 potentia
1254 1041 1326 1079 Dei
1354 1041 1483 1079 tribus
1513 1039 1652 1092 primis
1683 1039 1773 1078 die-

303 1095 380 1133 bus
411 1101 451 1133 et
478 1095 674 1133 noctibus.
734 1095 813 1133 Sed
842 1095 954 1134 addit
983 1096 1044 1134 sol
1074 1110 1235 1135 cursum
1266 1097 1422 1136 dierum
1442 1097 1601 1148 quando
1623 1095 1775 1134 inluxit

306 1152 350 1190 in
379 1152 531 1190 mundo
562 1149 654 1189 1111¹⁰
675 1150 751 1190 die.
809 1152 920 1190 Luna
950 1153 1153 1191 contrario
1184 1154 1356 1206 dempsit
1386 1167 1550 1192 cursum
1579 1153 1772 1193 noctium.

306 1208 464 1250 Etenim
503 1208 554 1246 ad
591 1208 889 1248 venerationem
929 1215 968 1247 et
1007 1209 1201 1250 honorem
1232 1211 1472 1262 aequinoctii
1499 1209 1704 1249 novissimi
1737 1214 1777 1248 et

307 1264 483 1304 Paschae
512 1263 660 1303 Christi
690 1265 938 1317 praesignata
969 1271 1027 1304 est
1057 1272 1096 1305 et
1125 1267 1229 1304 facta
1259 1273 1320 1306 est
1349 1267 1489 1306 mundi
1515 1267 1646 1319 prima
1669 1280 1777 1305 con-

306 1322 476 1360 structio
515 1321 556 1359 in
587 1321 842 1372 aequinoctio
866 1321 1017 1373 primo,
1077 1323 1122 1361 In
1150 1323 1404 1375 aequinoctio
1434 1336 1596 1375 quoque
1628 1323 1777 1362 solutio

305 1379 411 1416 facta
442 1384 500 1416 est
530 1384 570 1416 et
597 1378 818 1431 redemptio
848 1379 971 1416 Israel
1004 1379 1063 1418 'de
1082 1380 1285 1419 'servitute
1315 1380 1625 1432 Aegyptiorum,
1662 1386 1709 1418 ut
1735 1380 1778 1418 in

306 1434 446 1474 eodem
498 1434 754 1486 aequinoctio
803 1442 900 1489 post
940 1449 1014 1473 xn.
1053 1437 1221 1477 Kalend.
1267 1437 1392 1490 April.
1433 1436 1636 1488 praecepit
1685 1436 1778 1475 filiis

304 1492 430 1533 Israel
461 1491 611 1530 Pascha
641 1493 853 1534 celebrare.
913 1491 1037 1540 Quod
1074 1499 1134 1532 est
1170 1500 1293 1546 typus
1331 1493 1505 1532 Paschae
1533 1492 1680 1532 Christi
1709 1494 1781 1532 fu-

304 1549 390 1588 turi
430 1562 502 1601 per
546 1549 679 1588 omnia
717 1551 763 1588 in
804 1549 921 1588 finem
961 1562 1012 1587 ex
1048 1549 1177 1591 initio.
1243 1551 1382 1603 Typus
1420 1563 1591 1602 namque
1632 1549 1782 1589 Christi

307 1619 432 1656 agnus
473 1605 543 1656 qui
582 1606 739 1644 occisus
773 1612 845 1645 est.
902 1606 953 1645 Et
989 1607 1260 1646 manducatur
1298 1607 1446 1646 cotidie
1484 1621 1608 1659 agnus
1646 1621 1669 1645 a
1705 1621 1780 1646 vu.

304 1662 427 1710 viriS‚
456 1661 535 1700 hoc
559 1668 643 1713 lest,
682 1676 704 1700 a
732 1676 806 1702 vn.
837 1662 1026 1713 gradibus
1057 1665 1270 1703 Ecclesiae.
1328 1665 1501 1703 Tantum
1533 1670 1663 1702 autem
1693 1677 1781 1716 my-

307 1718 474 1760 sterium
508 1719 578 1757 Dei
608 1718 763 1762 scitote,
824 1719 998 1767 Quidem
1026 1734 1108 1759 non
1138 1728 1195 1761 est
1223 1721 1368 1760 mirum
1396 1721 1431 1760 si
1449 1721 1639 1760 acciderit
1665 1720 1782 1772 judi-

311 1775 438 1824 cium,
469 1774 504 1813 si
533 1775 769 1815 convenerit
796 1776 1120 1828 aequinoctium,
1152 1778 1260 1830 quod
1291 1784 1352 1817 est
1380 1791 1468 1817 vm.
1494 1778 1584 1816 Kal.
1614 1777 1780 1830 Aprilis,

306 1838 419 1872 sexta
449 1831 570 1883 feria,
599 1833 694 1871 luna
723 1847 828 1871 xun.
859 1839 899 1872 et
930 1834 1183 1873 Resurrectio
1213 1835 1312 1874 luna
1341 1847 1427 1874 xvr.
1486 1835 1580 1873 Post
1598 1847 1672 1872 xn.
1690 1835 1780 1873 Kal.

307 1888 484 1941 Aprilis,
513 1889 625 1940 ¹quod
661 1895 720 1928 est
751 1889 1048 1940 aequinoctium
1076 1891 1262 1941 vernale,
1299 1890 1380 1929 hoc
1409 1897 1472 1930 est
1498 1891 1657 1929 initium
1689 1890 1782 1930 anni

309 1945 431 1991 solis,
471 1950 511 1983 et
540 1952 630 1984 ante
658 1945 738 1984 hoc
776 1946 935 1984 initium
963 1960 1044 1985 non
1073 1948 1222 1987 facitur
1251 1947 1406 1987 Pascha
1435 1948 1545 2001 apud
1578 1947 1782 1987 Hebraeos

313 2009 354 2042 et
384 2002 557 2040 Graecos
587 2009 627 2041 et
655 2002 817 2041 Latinos
846 2003 927 2041 nisi
962 2003 1005 2042 in
1042 2018 1178 2044 errore
1207 2005 1317 2057 quod
1347 2005 1431 2044 dies
1463 2005 1697 2054 Dominica,
1738 2005 1782 2044 in

314 2073 394 2110 qua
423 2059 529 2098 facta
559 2065 618 2097 est
646 2060 740 2107 lux,
788 2058 866 2098 fuit
902 2065 992 2098 ante
1030 2074 1106 2102 111.
1145 2062 1235 2102 Kal.
1275 2061 1448 2114 Aprilis,
1497 2061 1608 2113 quod
1644 2068 1704 2110 est
1737 2061 1782 2100 in

311 2121 433 2154 nocte
462 2128 509 2154 11.
540 2115 667 2155 seriae
688 2116 731 2154 in
763 2130 869 2154 anno
900 2117 1043 2158 crucis.
1073 2132 1131 2157 Χῖ.
1163 2125 1294 2158 autem
1323 2118 1411 2157 Kal.
1435 2118 1559 2171 April.
1582 2131 1645 2157 111.
1668 2118 1781 2169 feria,

313 2179 353 2212 et
381 2186 422 2212 x.
451 2172 543 2212 Kal.
576 2173 703 2224 April.
733 2187 811 2211 1111.
843 2174 964 2220 feria,
1006 2174 1049 2213 in
1080 2188 1159 2227 quo
1203 2176 1356 2214 dictum
1398 2181 1479 2214 est:
1520 2175 1606 2214 Post
1636 2175 1782 2218 biduum

315 2229 458 2268 Pascha
476 2230 557 2281 fiet.
618 2229 767 2268 Deinde
795 2231 1054 2270 consentiunt
1083 2232 1150 2270 alii
1183 2232 1295 2285 quod
1323 2233 1378 2272 ita
1398 2230 1469 2270 fiat
1485 2238 1579 2284 post
1598 2231 1780 2282 biduum,

313 2285 357 2323 id
398 2291 477 2330 est,
519 2286 825 2337 completionem
866 2294 903 2326 et
935 2288 1202 2340 integritatem
1242 2288 1417 2328 duorum
1453 2295 1782 2329 testamentorum

315 2340 470 2381 Pascha
501 2348 538 2379 et
566 2349 818 2382 transcensus
848 2344 898 2382 ad
929 2358 1094 2396 regnum
1115 2346 1217 2397 Dei,
1250 2345 1511 2387 conveniente
1543 2346 1585 2384 in
1607 2359 1662 2386 vi.
1681 2347 1781 2384 seria

314 2397 588 2450 aequinoctio,
629 2400 724 2438 luna
753 2414 860 2439 xnn.
900 2407 941 2439 et
979 2403 1229 2441 solemnitate
1266 2402 1687 2450 Resurrectionis,=in
1715 2402 1781 2442 die

313 2454 523 2494 Dominica
553 2461 684 2495 autem
721 2457 844 2496 totius
883 2460 1039 2507 generis
1076 2459 1263 2509 humani,
1290 2473 1354 2508 ‚ex
1384 2473 1464 2512 quo
1495 2472 1638 2510 genere
1667 2459 1781 2511 virga
1842 2476 1845 2485 ¹

316 2512 367 2552 de
395 2511 533 2551 radice
562 2512 668 2552 Jesse
697 2513 813 2553 exiit:
863 2527 964 2565 quae
994 2517 1105 2568 virga
1142 2516 1310 2555 redemit
1339 2516 1461 2555 Israel
1492 2516 1542 2554 de
1570 2517 1779 2568 Aegypto;

314 2582 416 2621 quas
444 2582 636 2608 conversa
664 2576 725 2608 est
753 2571 797 2608 in
827 2578 1072 2623 serpentem,
1100 2579 1147 2612 ut
1173 2573 1440 2612 liberarentur
1468 2571 1700 2612 Israhelitae
1730 2573 1780 2612 ab

313 2626 522 2678 Aegypto,
561 2626 634 2678 qui
671 2640 834 2679 serpens
869 2626 1020 2667 homini
1059 2629 1280 2681 persuasit,
1331 2628 1411 2668 hoc
1451 2635 1530 2678 est,
1582 2629 1779 2680 djabolus,

315 2689 500 2722 mortem.
560 2683 601 2721 Si
637 2695 728 2735 ergo
758 2698 867 2723 mors
897 2699 919 2722 a
951 2692 1154 2737 serpente,
1190 2686 1344 2737 virgam
1374 2691 1622 2738 serpentem,
1654 2685 1780 2726 Chri-

316 2736 402 2778 s‘tus
431 2739 474 2778 in
505 2746 693 2790 mortem,
722 2754 885 2793 serpens
916 2742 1115 2782 exaltatur
1145 2743 1187 2781 in
1210 2746 1320 2792 aere,
1351 2749 1398 2781 ut
1425 2749 1583 2781 sanaret
1609 2743 1782 2783 vulnera

316 2809 533 2847 corporum
562 2797 862 2849 respicientium
892 2800 934 2836 in
963 2795 1193 2851 serpentem*
1216 2813 1401 2847 aeneum,
1432 2806 1478 2839 ut
1506 2799 1680 2838 solveret
1697 2813 1782 2838 ser-

314 2851 484 2893 vitutem
519 2853 820 2894 Israhelitarum
852 2855 1128 2895 famulantium
1165 2856 1209 2895 in
1243 2855 1435 2909 Aegypto.
1500 2856 1567 2896 Sic
1601 2855 1782 2896 homines
