1820 3276
137 662 167 696 P
191 662 260 698 612

129 1843 160 1878 V
183 1843 252 1880 557

128 2441 250 2496 P'613

284 200 388 250 490
842 204 1163 247 NOTAE

283 313 487 353 duximus.
545 310 622 350 Hic
659 325 783 365 porro
825 326 958 353 rerum
999 315 1199 366 gestarum*
1239 313 1381 354 seriem
1418 314 1618 355 tun-batem
1663 317 1764 356 esse

283 374 518 421 argumento
558 374 640 419 cst,
681 370 790 421 quod
829 370 870 409 in
909 370 1002 412 edit.
1039 370 1257 410 Raderiana
1293 371 1465 411 Indictio
1492 385 1551 412 1x.
1589 370 1750 412 dicatur

282 424 610 466 Postconsulatus
648 425 820 465 Heraclii
858 440 931 468 x11.
970 427 1040 479 qui
1068 442 1126 468 1x.
1165 428 1264 479 fuit,
1306 435 1346 467 et
1381 428 1492 479 quod
1529 442 1657 484 τουτῳ
1692 431 1752 483 τῷ

283 482 384 532 ε’τει,
413 482 480 520 vel
509 480 702 539 ἐνιαυτῷ,
741 483 814 521 sub
843 483 978 522 eodem
1009 497 1114 523 anno
1142 484 1204 523 bis
1232 490 1459 537 repetatur,
1489 491 1631 523 contra
1659 497 1766 524 mo·-v

282 552 367 579 rem
396 539 625 590 δοτίΡῒοιὶε.
683 538 916 592 [Expressit
944 541 1121 580 ordinem
1150 540 1219 579 hic
1245 540 1499 594 propositum
1521 540 1764 592 Ducangius·

282 597 325 634 in
354 595 543 635 editione.
1764 630 1765 633 ,

399 593 616 701 Pag.7·i2.
648 654 714 693 17.
776 648 970 706 Χαγοῖνου
1006 656 1088 693 τῶν
1125 648 1336 706 Λβᾶρων]
1385 653 1465 692 Seu
1510 651 1765 693 Hunnorum·

286 708 422 759 Regis.
468 706 529 745 sic·
567 707 670 747 enim
710 707 875 747 Hunnos
911 709 1042 748 dictos
1083 708 1221 747 scribit
1261 708 1406 760 Georg.
1448 707 1668 748 Monachus
1707 709 1749 748 in

282 764 429 804 Chron.
468 764 549 802 MS.
617 764 764 803 Sc1ibit
807 765 1057 819 Nicephorus
1107 765 1257 806 callist.
1301 765 1370 804 lib.
1409 778 1494 804 mv.
1544 778 1631 818 cap.
1667 771 1750 805 Lvs-

283 820 456 861 Gotthos
485 834 533 858 ac
560 820 775 860 Wandalos
815 829 855 861 et
886 823 1079 875 Gepidas,
1122 835 1258 861 omnes
1293 821 1412 860 unius
1448 822 1626 872 linguae,
1665 821 1749 860 Ho-

281 879 399 918 norio
429 884 469 916 et
497 877 670 916 Arcadio
699 879 1009 931 imperantibus,
1040 878 1263 918 Danubium
1294 885 1561 929 transgressos
1589 878 1632 917 in
1659 877 1748 917 fini.

279 936 358 974 bus
386 934 551 973 Romani
583 934 797 974 orientalis
826 935 988 989 Imperii
1018 935 1262 984 consedisse,
1293 949 1340 973 ac
1371 935 1543 987 Gepidas
1573 933 1748 987 quidem,

281 992 351 1044 qui
388 991 429 1029 in
470 991 574 1029 duos
614 992 788 1043 populos
828 992 946 1031 divisi
987 999 1128 1040 erant,
1174 991 1460 1042 Longobardos
1500 998 1541 1030 et
1582 993 1747 1042 Avares,

280 1060 391 1086 oram
431 1061 519 1086 eam
558 1061 659 1099 quae
697 1049 952 1100 Singidonem
995 1056 1031 1088 et
1067 1049 1174 1087 inter
1210 1047 1396 1087 Sirmium
1442 1047 1573 1101 jacet,
1627 1047 1749 1087 inco-

278 1105 415 1144 luisse.

396 1163 489 1210 Pag.
518 1161 612 1202 713.
643 1162 681 1201 6.
745 1163 826 1211 Τῆς
845 1163 1011 1214 Χρυσῆς
1034 1156 1215 1214 Πόρτας]
1247 1159 1589 1213 Constantinopol.
1601 1158 1748 1200 christ.

276 1217 344 1256 lib.
372 1229 400 1254 1.
431 1222 525 1255 sect.
554 1229 621 1254 xv.
654 1230 693 1253 n.
722 1229 809 1254 xvi.

396 1275 488 1322 Pag.
517 1273 612 1314 713.
643 1275 682 1314 9.
740 1273 818 1320 Εἰς
837 1270 931 1321 τούς
954 1271 1095 1326 ἁγίους
1119 1274 1312 1324 Κοσμᾶν,
1342 1269 1442 1323 etc.]
1470 1270 1574 1309 Ibid.
1602 1271 1672 1313 lib.
1690 1285 1747 1313 lv.

279 1336 375 1369 sect.
403 1342 471 1370 xv.
499 1342 539 1367 11.
570 1341 611 1367 x.
640 1328 711 1367 ubi
741 1329 930 1368 docemus
958 1328 1063 1368 hanc
1098 1329 1236 1368 aedem
1264 1329 1330 1368 SS.
1359 1328 1655 1380 Anargyrorum
1684 1328 1763 1368 si-,

279 1393 361 1424 tam
389 1385 511 1424 fuisse
544 1385 585 1423 in
614 1384 869 1436 Blachernis‚
898 1385 1009 1438 quod
1038 1393 1077 1425 et
1105 1385 1173 1424 hic
1201 1385 1306 1424 infra
1335 1390 1515 1431 notatur,
1543 1384 1587 1423 id
1616 1390 1678 1424 est
1704 1385 1747 1424 in

279 1441 592 1480 B1achernarum
627 1442 813 1493 regione,
849 1442 1020 1495 proinde
1059 1442 1230 1482 vicinam
1268 1442 1390 1480 fuisse
1429 1441 1518 1480 aedi
1557 1441 1747 1494 Deiparae

277 1497 584 1549 macher-aeusi,
625 1499 735 1551 quod
778 1505 912 1538 exeite
957 1499 1104 1539 dicitur
1141 1500 1182 1538 in
1218 1497 1324 1537 libro
1366 1497 1650 1537 Miraculorum
1679 1499 1747 1537 SS.

277 1557 580 1607 Anargyrorum
609 1555 653 1593 in
683 1555 761 1594 hac
790 1556 944 1594 scilicet
982 1556 1079 1596 aede
1110 1561 1385 1611 patratorum,
1429 1568 1516 1607 cap.
1546 1567 1665 1594 xvm.
1699 1560 1748 1595 ut

279 1619 320 1651 et
358 1612 552 1662 elericos,
600 1626 682 1651 non
710 1626 808 1652 vero
848 1612 1089 1662 Monachus,
1138 1613 1181 1651 in
1218 1625 1264 1651 ea
1300 1613 1421 1650 Sacra
1460 1610 1617 1650 secisse
1686 1609 1746 1650 Ac

280 1674 389 1708 certe
419 1668 635 1707 Ecclesiam
665 1669 789 1708 fuisse
819 1669 1089 1718 catholicam,
1129 1669 1172 1709 id
1207 1675 1268 1707 est
1300 1667 1410 1720 quod.
1447 1667 1578 1707 nostri
1606 1666 1747 1708 dicunt

275 1724 538 1774 Parochiam,
583 1726 649 1765 vel
677 1725 772 1765 inde
800 1725 999 1777 conjicere
1035 1726 1149 1772 licet,
1191 1725 1300 1777 quod
1327 1724 1371 1763 in
1402 1737 1447 1762 ea
1472 1723 1570 1763 aede
1601 1723 1747 1764 extite-

275 1783 329 1820 rit
358 1781 664 1833 Baptisterium‚
706 1782 815 1834 quod
845 1783 1060 1822 Diaconico
1090 1783 1323 1835 proximum
1351 1780 1474 1820 fuisse
1501 1779 1650 1820 ibidem
1677 1780 1746 1820 di·-

275 1838 380 1876 oitur
409 1851 497 1889 pug-
528 1840 622 1882 358.
682 1839 762 1878 Sed
797 1845 838 1878 et
864 1839 973 1879 illam
1003 1839 1206 1879 conditam
1242 1839 1291 1878 ab
1318 1838 1586 1891 Imperatore,
1626 1838 1759 1890 quem*

276 1908 359 1933 non
389 1894 579 1943 nominat,
605 1901 775 1935 testatur
800 1895 960 1936 Nicetes
988 1894 1258 1948 Philosophus
1287 1894 1330 1933 in
1348 1909 1393 1935 ea
1413 1894 1604 1934 Oratione
1625 1906 1751 1947 quam,

278 1951 329 1989 de
364 1951 519 1989 Sanctis
557 1951 645 1990 istis
675 1952 891 2004 Anargyris
928 1953 1135 2006 inscripsit
1162 1966 1202 2004 p.
1235 1954 1328 1995 132.
1386 1949 1613 1990 Theodosio
1642 1950 1745 1990 forte

277 2006 463 2056 Juniore,
500 2007 698 2059 siquidem
727 2022 810 2047 non
839 2008 984 2048 desunt
1016 2009 1085 2061 qui
1114 2008 1281 2047 Paulino
1313 2007 1400 2061 ejus
1427 2006 1651 2046 studiorum
1681 2021 1743 2046 so-

278 2065 343 2102 cio
371 2062 477 2102 hanc
507 2064 754 2104 adscribunt.

392 2123 485 2171 Pag-
515 2124 610 2164 713.
643 2125 707 2164 10.
767 2117 1000 2173 Προμότου]
1031 2119 1129 2159 Ibid.
1159 2119 1230 2159 lib.
1259 2133 1316 2160 ιν.
1347 2126 1442 2159 sect.
1470 2132 1541 2160 xv.
1571 2133 1612 2159 n.
1641 2133 1740 2159 xxx.

393 2179 486 2227 Pag-
516 2180 611 2220 713
643 2180 708 2219 17
766 2174 894 2218 Kat'
869 2175 948 2218 από
967 2172 1041 2229 κβΙ.
1063 2175 1132 2217 καὶ
1147 2173 1301 2229 αὐτῆς]
1330 2175 1421 2214 Huc
1447 2176 1622 2228 pertinet
1643 2176 1742 2215 sub—

278 2233 444 2283 scriptio
477 2248 498 2271 a
529 2234 722 2272 Panvinio
754 2234 904 2273 relata·
930 2234 1033 2273 Data
1050 2234 1140 2273 Kal.
1161 2232 1265 2273 Maii
1282 2233 1744 2285 Constantiuwpoli‚mq1e-

277 2289 439 2327 rantibus
471 2290 594 2340 Augg.
617 2290 678 2329 Fl.
699 2291 872 2330 Heraclio
890 2304 982 2329 anno
995 2304 1053 2329 1x.
1076 2294 1110 2328 et
1123 2294 1206 2341 post
1227 2290 1456 2329 Consulatum
1476 2290 1634 2338 ejusdem
1650 2303 1744 2328 anno

277 2357 366 2384 vlu.
381 2350 415 2383 et
430 2345 602 2385 Heraclio
621 2347 851 2386 Constantino
867 2348 1012 2386 Juniore
1021 2347 1106 2399 filio
1124 2360 1216 2386 anno
1236 2360 1308 2386 vn.
1327 2346 1458 2386 Iudict.
1479 2359 1551 2384 vn.
1575 2345 1648 2384 ubi
1669 2344 1742 2386 de-

276 2402 394 2440 lenda
415 2401 575 2441 videtur
592 2402 693 2441 haec
710 2410 910 2456 postrema
929 2403 1116 2444 Indictio.

394 2461 486 2508 Pag-
515 2458 611 2501 714.
641 2464 681 2501 7
737 2460 968 2530 Μεγίστου]
999 2460 1178 2500 Holsten.
1202 2459 1451 2512 Μαγίστρου.

393 2517 485 2565 Pag
512 2516 607 2558 714.
641 2515 703 2557 14.
762 2513 882 2556 Μετοῖ
902 2513 945 2557 τό
963 2516 1006 2556 ἐκ
1023 2532 1129 2566 των,
1160 2515 1261 2568 etc.]
1291 2514 1357 2553 Sic
1377 2513 1474 2553 Cod.
1490 2514 1620 2554 vatic.
1656 2515 1751 2554 Le«.

278 2570 449 2622 gendum
471 2570 652 2621 videtur,
682 2569 778 2624 μετὰ
799 2587 843 2613 το
868 2572 912 2613 ἐκ
933 2575 1015 2613 τῶν
1035 2571 1362 2626 παρατραπεζίων
1391 2569 1487 2624 (καὶ
1514 2571 1621 2610 delet
1638 2570 1738 2610 Hol-

279 2627 459 2678 stenius)
489 2624 689 2669 διάδοσιν·
721 2634 762 2667 et
787 2629 892 2667 forte
918 2629 1146 2668 addendum
1165 2628 1373 2681 γίνεσθαι,
1404 2627 1447 2666 id
1468 2633 1547 2678 est,
1570 2632 1653 2680 post
1670 2627 1738 2666 da-

278 2689 353 2723 tam
363 2684 536 2737 fidelibus
552 2699 597 2724 ex
617 2687 787 2737 appositis
802 2688 927 2724 mensis
948 2686 1233 2724 Cmnmunionem.

394 2740 708 2791 Pae-7141&
764 2739 992 2795 Λέγεσθαι]
1023 2741 1088 2780 Sic
1112 2739 1364 2792 reposuimus
1399 2753 1451 2779 ex
1479 2739 1576 2779 Cod.
1605 2739 1734 2781 vatic.

277 2809 355 2849 pro
371 2795 532 2851 λέγεται.
595 2793 799 2853 Τροπάριν
817 2812 893 2850 pro
911 2793 1129 2851 τροπάριον
1145 2796 1268 2836 habet
1283 2796 1386 2836 idem
1408 2797 1507 2836 eod.
1523 2794 1651 2837 vatio.

396 2856 487 2905 Pag.
516 2855 611 2898 715-
644 2857 708 2898 12.
767 2853 851 2896 Καὶ
867 2853 1109 2909 κατέκραξαν
1130 2850 1335 2905 Ιωαννου,
1359 2859 1434 2893 etc.
1444 2853 1458 2906 ]
1489 2852 1578 2893 An
1565 2865 1601 2893 ιο
1620 2853 1735 2894 Prae-
