1820 3276
467 182 525 224 IN
560 179 889 224 CHRONICON
916 179 1205 223 PASCHALE.
1470 174 1572 222 445

219 294 312 342 Pag.
341 295 437 335 612.
477 294 513 333 1.
582 289 855 344 Δομὲστικον]
896 286 1069 343 Κόμητα
1103 292 1177 331 τοῦ
1204 288 1412 342 Αμαντίου
1451 294 1573 328 vocat

103 347 393 400 Theophanes,
423 347 467 386 id
498 353 558 386 est
588 349 800 398 asseclam,
839 362 918 386 non
949 347 1145 399 dignitate
1175 346 1388 385 Comiteme
1418 345 1574 384 Satelli-

103 409 194 454 tem,
225 405 477 444 Marcellinus
507 410 547 442 et
561 404 801 443 Jornandes:
835 400 988 445 Πιστόν
1013 404 1056 444 οἷ
1079 400 1350 456 τυγχάνοντα,
1376 402 1574 453 Evagrius

100 461 171 501 lib.
200 476 258 499 tv.
292 475 381 514 cap.
412 477 457 500 11.
494 460 753 499 Theocritum
795 474 890 499 vero
933 461 975 498 in
1017 474 1175 499 carcere
1214 459 1320 498 saxis
1361 465 1575 498 contusum

99 518 325 568 ingentibus
357 520 547 570 petitum,
591 518 775 569 salsoque
803 517 845 555 in
875 517 1032 569 gurgite
1060 516 1252 570 jacuisse,
1295 530 1340 554 ac
1370 516 1576 569 sepultura

101 576 275 614 caruisse
307 575 420 614 addit
448 575 552 613 idem
583 574 852 612 Marcellinus.

217 635 309 683 Pag
340 635 436 675 612·
470 635 509 674 2
571 633 629 672 Ον
651 627 871 684 η’βούλετο]
906 629 1001 668 Cod.
1031 628 1160 668 vatic.
1192 625 1242 669 ὃν
1265 625 1462 680 ἐβούλετο.
1494 627 1572 667 Vi-

100 689 217 728 detur
255 688 468 738 legendum
508 685 582 730 ότι.
659 689 797 739 Neque
834 688 937 725 enim
979 686 1176 724 Andream
1219 685 1452 734 Amantius,
1501 683 1571 724 sed

99 745 354 784 Theocritum
386 745 667 797 Imperatorem
699 743 1006 783 renuntiandum
1040 742 1283 781 decreverat.

215 806 307 853 Pag.
338 805 432 843 612.
463 801 503 842 4.
565 804 598 842 O
621 800 665 842 δὲ
693 798 882 853 στρατος]
912 801 1058 839 Milites
1088 797 1356 847 Praetoriani,
1387 811 1456 837 seu
1485 797 1570 837 Ex-

97 861 292 907 cubitoroe,
338 864 382 896 ut
420 865 478 897 est
515 858 624 911 apud
663 857 886 909 Evagrium.
954 857 985 894 A
1027 857 1174 894 Senatu
1215 856 1384 893 electum
1429 855 1570 894 scribit

96 915 368 955 Marcellinus.

214 975 306 1022 Pag
344 975 441 1014 612.
469 974 507 1014 6.
565 973 630 1020 Ως
650 966 899 1024 τυράννους]
930 969 1016 1008 Cum
1037 970 1176 1008 Justim·
1193 969 1354 1019 Augusti
1371 968 1573 1020 deprehensi

95 1033 207 1067 essent
223 1029 441 1080 proditores,
469 1028 603 1080 inquit
637 1027 904 1067 Marcellinus.

213 1088 306 1137 Pag.
337 1087 431 1128 612.
464 1087 500 1126 9.
559 1083 868 1136 Ανεκαλέσατο]
922 1082 1098 1134 Cyrinus
1138 1085 1179 1120 in
1227 1081 1318 1120 Vita
1360 1084 1399 1120 S.
1439 1081 1566 1121 Sabae

98 1156 183 1194 cap.
211 1156 295 1181 ιιι.
326 1138 454 1190 ου’τως
485 1138 528 1182 δὲ
550 1142 804 1182 Αναστασίου
829 1136 1161 1191 τελευτήσαντος,
1194 1141 1400 1187 Ιουστῖνος
1421 1134 1567 1179 αυτίκα

95 1214 170 1251 την
198 1199 403 1252 βασιλείαν
424 1196 689 1251 παραλαβων,
720 1194 855 1249 νόμοις
876 1192 1086 1266 ἐχρήσατο,
1117 1199 1200 1243 τοῖς
1228 1192 1436 1237 κελεύουσι
1468 1211 1567 1243 τους

94 1271 177 1297 vno
194 1256 449 1296 Αναστασίου
468 1254 747 1308 ἔξορισθέντας
769 1251 924 1301 πάντας
946 1249 1244 1304 οἷνακληθῆναι.

211 1315 430 1363 Pag.612.
476 1314 540 1353 12.
609 1310 805 1363 Απίωνα]
857 1310 937 1358 Qui
979 1323 1068 1347 cum
1108 1307 1262 1360 duplici
1298 1324 1352 1357 π,
1392 1308 1567 1349 Αππίων

95 1368 245 1408 dicitur
275 1368 475 1420 Procopio
511 1374 551 1406 et
582 1367 828 1420 Theophani.
877 1366 1027 1406 Scribit
1055 1365 1230 1416 Scaliger
1270 1365 1321 1404 ad
1352 1365 1567 1404 Eusebium

93 1439 182 1478 pag.
212 1426 309 1469 254.
340 1424 443 1463 hanc
473 1438 615 1463 vocem
646 1425 754 1478 apud
793 1425 965 1463 Graecos
1003 1436 1158 1474 semper
1201 1422 1322 1460 scribi
1360 1436 1434 1474 per
1465 1422 1566 1460 sim-

93 1482 190 1535 plex
221 1497 271 1535 p,
304 1494 527 1532 nomenque
556 1495 641 1520 esse
672 1481 937 1533 Aegyptium,
967 1479 1016 1518 ab
1048 1479 1148 1532 Api:
1179 1478 1286 1530 apud
1315 1479 1475 1518 Latinos
1507 1486 1568 1517 ta-

92 1552 181 1577 men
212 1553 368 1592 semper
398 1538 530 1577 efferri
558 1552 630 1590 per
664 1539 813 1590 duplex
839 1552 909 1590 pp.
969 1538 1084 1575 Certe
1116 1536 1283 1588 Apionis
1310 1536 1448 1587 Regis,
1482 1536 1566 1587 qui,

91 1602 137 1635 ut
168 1597 306 1635 scribit
340 1595 532 1635 Eusebius
564 1595 633 1633 lib.
663 1611 691 1635 1.
722 1594 888 1646 Libyam
912 1600 1149 1632 testamento
1175 1593 1363 1631 Romanis
1382 1593 1566 1645 reliquit,

90 1667 237 1692 nomen
279 1653 335 1691 ita
374 1652 581 1691 scribitur:
621 1659 666 1690 ut
703 1651 869 1704 Apionis
901 1649 1105 1689 Posidonii
1147 1649 1219 1687 filii
1254 1648 1448 1687 Historici
1484 1663 1567 1687 non

91 1711 213 1750 semel
242 1709 395 1749 laudati
425 1724 447 1747 a
478 1709 650 1759 Georgio
681 1708 882 1760 Syncello,
913 1709 981 1759 qui
1009 1707 1115 1745 idem
1146 1707 1249 1745 sorte
1281 1705 1394 1759 eujus
1418 1705 1568 1745 Histo-

89 1766 151 1805 ria
181 1766 425 1818 Aegyptiaca
462 1766 653 1804 laudatur
682 1780 704 1803 a
735 1766 938 1803 Clemente
965 1763 1183 1804 Alexandr.
1215 1762 1284 1803 lib.
1315 1778 1343 1802 1.
1374 1763 1565 1804 Stromat.

91 1829 132 1863 et
175 1823 279 1862 idem
320 1823 438 1861 etiam
477 1836 595 1873 quem
634 1837 716 1861 non
758 1822 880 1861 semel
908 1821 1047 1859 laudat
1076 1819 1434 1872 Stephanus.1ta
1472 1833 1565 1858 cum

90 1881 210 1919 unico
247 1894 274 1932 p
306 1879 535 1918 scribuntur
570 1879 703 1932 Apion
740 1879 782 1918 in
823 1891 939 1931 quem
976 1877 1140 1929 scripsit
1168 1875 1388 1928 Josephus,
1429 1876 1565 1929 Apion

87 1936 268 1977 Medicus
298 1936 404 1989 apud
437 1936 654 1985 Galenum,
705 1950 752 1975 ac
784 1935 818 1973 is
860 1934 1031 1986 denique
1070 1933 1205 1986 Apion
1250 1932 1365 1986 cujus
1412 1933 1478 1971 hic
1514 1933 1564 1972 fit

88 1994 257 2043 mentio,
299 2007 442 2045 genere
483 1966 725 2046 Aegyptius:
761 1989 883 2060 οἷνήρ
906 1991 951 2032 ἐν
986 1991 1224 2045 Πατρικίοις
1252 1988 1476 2042 ἔπιφανης,
1521 1996 1564 2029 et

87 2048 252 2114 χορηγὸς
278 2053 351 2102 τῆς
380 2053 454 2091 τοῦ
480 2049 749 2103 στρατοπέδου
774 2045 986 2100 δαπάνης,
1019 2054 1063 2087 ut
1093 2047 1276 2086 scribunt
1305 2045 1426 2086 iidem
1457 2048 1563 2086 Pro-

89 2108 232 2160 copius
261 2107 331 2146 lib.
361 2121 388 2148 1.
422 2107 569 2146 Persic.
600 2121 688 2160 cap.
719 2121 807 2146 vm.
841 2112 880 2145 et
909 2104 1176 2158 Theophanes
1208 2117 1312 2142 anno
1336 2116 1423 2141 xxv.
1452 2103 1563 2142 Ana-

87 2164 219 2213 stasii,
266 2178 289 2202 a
329 2178 408 2216 quo
446 2164 488 2202 in
526 2163 688 2203 exilium
728 2162 983 2216 postmodum
1024 2162 1186 2210 missus,
1226 2159 1370 2199 Niceae
1406 2160 1559 2199 invitus

86 2194 299 2273 Presbgter
326 2220 534 2258 ordinatus
564 2227 644 2270 est,
686 2227 733 2258 ut
769 2220 894 2259 refert
930 2218 1038 2256 idem
1068 2215 1249 2268 Theoph.
1283 2230 1346 2254 an.
1378 2232 1406 2256 1.
1438 2217 1563 2256 Justi-

86 2277 204 2316 niani.
265 2276 343 2315 Sed
384 2291 436 2315 an
472 2276 578 2316 idem
615 2277 686 2329 qui
724 2276 799 2315 sub
841 2274 1062 2313 Iustiniano
1101 2273 1253 2312 consul
1299 2274 1407 2323 fuit,
1453 2273 1558 2313 infra

86 2333 359 2387 disquirimus.

203 2393 422 2440 Pag.612.
455 2392 519 2432 13
576 2386 667 2430 Από
698 2386 1007 2441 στρατηλατῶν]
1039 2388 1165 2427 Immo
1195 2382 1467 2441 στρατηλάτην
1486 2389 1560 2438 τῆς

85 2450 319 2499 Ανατολῆς,
348 2446 573 2497 Magistrum
602 2447 756 2485 militum
786 2458 850 2497 per
883 2445 1085 2494 Orientem,
1124 2451 1169 2483 ut
1199 2450 1260 2484 est
1289 2444 1399 2496 apud
1429 2443 1561 2482 Theo·

87 2503 273 2556 phanem.

200 2561 293 2599 Ibid.
355 2555 572 2608 Φιλόξενον
598 2555 677 2600 vimi
699 2556 1003 2611 στρατηλατῶν]
1033 2556 1181 2596 Fuerat
1203 2558 1353 2609 quippe
1371 2555 1559 2607 Magister

86 2616 257 2655 militum
286 2631 360 2668 per
387 2615 604 2665 Thracias,
647 2621 689 2654 ut
725 2615 905 2667 praefert
933 2613 1146 2666 Inscriptio
1178 2612 1369 2666 Diptychi
1397 2610 1558 2651 Consu-

85 2673 182 2712 laris
212 2673 387 2726 ejusdem
415 2673 645 2722 Philoxeni,
692 2671 807 2725 cujus
845 2677 1017 2722 ectypon
1057 2670 1282 2722 publicavit
1322 2668 1558 2710 sirmondus

85 2729 129 2767 in
158 2730 273 2769 Notis
311 2729 363 2768 ad
399 2729 626 2768 Sidonium:
675 2729 751 2769 FL.
781 2727 1095 2766 THEODORUS
1135 2726 1426 2765 FILOXENUS
1461 2726 1558 2764 80-

87 2786 302 2826 TERICUS
339 2785 634 2826 FILOXENUS
673 2785 766 2825 VIR
802 2785 894 2826 lLL.
931 2785 1052 2824 COM.
1090 2783 1310 2824 DOMEST.
1339 2784 1411 2823 EX
1452 2783 1555 2823 MA-

1600 693 1633 730 V
1655 692 1725 729 527
