1884 3262
550 198 819 246 GHRoNIGI
850 198 1157 246 PASCHALIS.
1502 195 1600 247 155

120 312 216 354 628.
243 308 395 362 Lepido
425 315 466 348 et
494 308 648 350 Oreste.
1446 310 1448 313 ’
1543 294 1670 349 uox-..¹-

118 370 215 410 629.
245 366 434 420 Hypsaeo
464 372 506 406 et
537 367 696 406 Flacco.
1542 373 1660 403 Ιηωο.

118 426 214 468 630.
243 423 423 475 Longino
453 429 492 462 et
522 423 708 463 Bulvino.
1542 430 1689 461 Bolvino.

120 483 218 525 631.
246 480 409 520 Metello
439 486 479 519 et
506 480 745 520 Flaminino.
1542 487 1689 517 Pleu...

119 540 216 580 632.
245 536 514 577 Ahenobarbo
550 544 588 577 et
620 537 779 577 Faenio.
1541 544 1661 578 Penio.

118 597 215 637 633
246 594 407 647 Opimio
437 600 477 634 et
505 594 679 634 Maximo
708 594 880 634 Aemilii.
1546 600 1680 632 Maximo
1698 598 1808 630 Balio.

118 651 215 694 634
244 651 408 691 Manilio
438 658 476 690 et
506 652 647 691 Carba.

118 707 216 751 635.
246 708 408 748 Metello
439 714 479 747 et
506 709 635 749 Cotta.

119 768 216 809 636.
247 765 398 807 Catone
427 771 468 804 et
495 765 760 817 Marcioiega.

119 823 219 865 637.
248 822 408 862 Metello
437 822 654 862 Diademeo
683 828 723 861 et
750 820 877 860 Mufio
907 820 1155 861 Sinerebula.
1546 802 1827 868 mamam&

120 880 218 921 638.
251 879 352 918 Geto
383 886 422 918 et
452 879 626 918 Maximo
655 878 893 920 Serviliana.
1546 883 1727 925 Mniqlno.

120 937 219 979 639.
250 937 403 976 Scauro
438 942 478 976 et
510 936 681 979 Metello.
1547 917 1717 993 {muliano

120 991 216 1034 640.
248 993 370 1032 Balbo
402 999 442 1032 et
472 994 634 1035 Catone.
798 1039 801 1041 ,
1548 972 1689 1040 ΒΞῨ·

120 1049 220 1097 641.
251 1050 407 1090 Metello
438 1056 479 1089 et
509 1051 704 1091 Carbone.

120 1105 217 1151 642.
248 1108 374 1146 Bruto
405 1114 446 1146 et
474 1109 637 1147 Peone.‘
1549 1116 1583 1143 et
1596 1111 1728 1141 Pax-one.

244 1165 319 1203 H1s
348 1165 486 1204 Coxss.
515 1167 662 1205 initium
683 1165 768 1203 belli
785 1164 1012 1215 Iugurthini.
1549 1170 1663 1210 luitura
1690 1170 1745 1210 est-
1764 1167 1831 1196 bel--

119 1221 215 1266 643.
243 1222 384 1261 Nasica
412 1222 603 1274 Scipione
633 1228 672 1263 et
698 1221 830 1264 Bestia
861 1222 1092 1276 calpurnio.
1548 1203 1830 1286 gakssumnum.

119 1278 216 1321 644.
247 1279 351 1317 Rufo
382 1285 423 1318 et
453 1279 612 1319 Albino.
1002 1304 1005 1313 ,

119 1335 216 1379 645.
246 1336 409 1375 Metello
438 1336 654 1375 Numidico
686 1341 725 1375 et
755 1336 904 1375 Silano.
1095 1344 1101 1346 ⁴
1550 1340 1693 1370 Memno.

120 1391 217 1434 646.
250 1393 425 1445 Sulpitio
456 1399 495 1431 et
524 1395 691 1432 Scauro.

121 1448 219 1492 647.
248 1449 428 1501 Longino
459 1456 499 1489 et
526 1449 668 1489 Mario.
1548 1454 1686 1484 Marino.

120 1506 218 1550 648.
247 1509 419 1546 Serrano
450 1512 491 1546 et
520 1506 730 1559 Caepione.
1548 1510 1717 1541 Serrano.

248 1563 323 1603 Hrs
354 1565 495 1604 Conse.
524 1568 634 1602 natus
652 1566 703 1602 est
726 1562 847 1602 Cicero
863 1563 922 1606 die
942 1576 1033 1607 vm.
1055 1564 1246 1607 Kalendas
1262 1564 1403 1607 Maias.

120 1619 216 1664 649.
245 1621 351 1660 Rufo
382 1627 421 1659 et
449 1621 598 1661 Mallio.

121 1679 220 1721 650.
251 1677 378 1717 Mario
406 1676 456 1716 ΙΙ.
488 1685 528 1717 et
555 1676 744 1716 Fimbria.

122 1736 218 1778 651.
248 1735 373 1774 Mario
403 1734 474 1774 ΙΙΙ.
504 1741 545 1776 et
574 1735 733 1775 Oreste.
1550 1737 1679 1766 Hor...

122 1792 219 1835 652.
249 1792 378 1831 Mario
403 1791 469 1831 IV.
499 1799 540 1831 et
570 1791 769 1834 catulolo.
1551 1795 1696 1826 'rur-uuo.

122 1849 220 1892 653.
252 1849 380 1888 Mario
410 1848 459 1886 V.
489 1855 529 1888 et
559 1848 737 1900 Aquilio.

122 1903 219 1948 654.
249 1906 375 1945 Mario
404 1905 472 1945 VI.
503 1912 543 1945 et
572 1906 736 1949 Flacco.

122 1962 218 2005 655.
249 1962 421 2002 Antonio
453 1968 493 2001 et
522 1962 685 2003 Albino.

122 2021 219 2062 656.
245 2020 407 2060 Metello
436 2019 592 2073 Nepote
622 2027 661 2059 et
691 2020 783 2059 Tito
816 2021 943 2062 Didio.
1555 2026 1588 2052 et
1605 2021 1783 2052 Didentulo.

123 2076 218 2119 657.
247 2077 419 2116 Lentulo
450 2082 490 2115 et
523 2078 678 2115 Crasso.

122 2134 220 2176 658.
250 2133 517 2173 Ahenobarbo
548 2140 588 2173 et
616 2134 810 2185 Longino.

124 2191 219 2232 659.
253 2192 397 2229 Crasso
428 2196 470 2229 et
498 2191 706 2230 Scaevola.
1553 2192 1685 2221 Sabella.

125 2250 222 2289 660.
254 2247 384 2286 Galva
416 2253 456 2286 et
485 2246 765 2288 Ahenobarbo.

125 2306 222 2347 661.
248 2305 396 2343 Flacco
426 2310 467 2343 et
494 2304 708 2342 Herennio.

126 2362 222 2403 662.
251 2359 429 2399 Pulchro
460 2366 500 2399 et
530 2362 745 2414 Perperna.
1554 2365 1725 2400 Perpenno.

128 2418 224 2460 663.
252 2417 443 2469 Philippo
473 2423 513 2457 et
544 2418 722 2458 Caesare.

127 2474 225 2516 664.
258 2475 424 2514 Caesare
454 2480 494 2513 et
521 2475 651 2527 Lupo.

127 2530 224 2573 665.
253 2531 451 2570 Strabone
480 2537 520 2571 et
550 2532 712 2572 Catone.

128 2590 224 2631 666.
256 2588 367 2640 Sylla
397 2594 437 2627 et
465 2589 584 2627 Rufo.

130 2647 226 2687 667.
259 2644 429 2684 octabio
459 2651 500 2684 et
529 2647 667 2685 Cinna.
787 2668 791 2671 κ

131 2703 226 2744 668.
253 2701 382 2741 Mario
411 2701 501 2741 VH..
527 2709 565 2742 et
595 2703 721 2742 Cinna
749 2704 799 2743 II.
1555 2722 1671 2752 cccl..

254 2757 332 2797 Hm
362 2759 504 2798 Cos-ss.
533 2764 643 2799 natus
666 2765 718 2799 est
736 2760 926 2805 Salustius
945 2764 1004 2806 die
1020 2764 1180 2807 Kalend.
1196 2759 1338 2807 Octobr.

131 2817 229 2857 669.
258 2815 384 2854 Cinna
412 2815 482 2856 111.
510 2822 551 2856 et
578 2817 774 2859 Carbone.
1380 2837 1384 2841 ¹

133 2872 232 2914 670.
263 2871 446 2913 Carbone
474 2872 526 2917 Π,
554 2879 597 2917 et
622 2874 850 2918 Scribonio.

1553 2900 1720 2931 Sei-ihonio.
