1884 3262
469 188 537 232 IN.
563 188 893 235 CHRONICON
917 190 1207 235 PASCHALE.
1487 192 1588 239 337

114 299 312 339 cederent.
371 300 511 352 Neque
540 300 583 339 id
614 307 747 341 tamen
778 316 930 341 novum
963 302 1038 341 fuit
1063 303 1137 342 sub
1164 303 1327 353 Marco,
1366 302 1477 356 quod
1505 317 1589 342 non

112 357 233 396 modo
263 357 483 407 naturalis,
521 357 592 396 sed
621 365 662 396 et
689 359 774 397 Lex
802 373 879 399 ΧΠ.
909 360 1150 399 Tabularum
1180 361 1231 400 de
1260 363 1336 399 suis
1366 361 1591 410 haeredibus,

113 414 175 453 uti
203 420 353 452 vocant
388 414 692 462 Jurisconsulti,
730 416 888 468 pridem
928 423 1138 457 statuerat.
1197 417 1306 466 Quin
1354 418 1492 470 potius
1534 419 1591 456 ita

111 471 218 510 forte
246 470 440 523 capienda
467 470 568 510 haec
596 471 740 521 verba,
778 478 824 511 ut
863 480 1049 525 parentes
1087 474 1181 514 filiis
1217 474 1416 514 intestatis
1445 488 1590 514 succe-

113 527 278 575 derent,
319 529 428 580 quod
468 529 632 569 videtur
670 501 850 568 indicare
879 530 1078 578 Zonaras,
1125 531 1197 584 qui
1225 530 1330 570 hanc
1357 531 1485 583 legem
1516 532 1590 571 Pio

112 585 332 624 adscribit.
362 581 508 626 τούτου
527 584 679 639 λέγεται
693 585 957 638 νομοθέτημα
977 584 1177 636 εἶναι,τό
1193 590 1274 628 τῶν
1292 587 1444 628 τέκνων
1470 585 1590 629 ἐδια-

110 641 246 683 θὲτων
265 639 539 683 τελευτώντων
570 640 842 712 κληρονόμους
874 639 1179 695 ἀναφαίνεσθαι
1207 660 1305 693 τους
1332 649 1491 712 γονεῖς,
1520 644 1592 686 καὶ

112 698 408 752 διατιθεμένοις
431 703 517 747 τοῖς
540 699 683 740 παισὶν
712 699 756 740 ἐν
783 695 955 741 ἆπαιὸία
984 697 1171 754 ἅναγκην
1209 698 1314 745 εἶναι
1343 699 1388 742 τὸ
1420 698 1592 756 νόμιμον

42 763 49 766 ”
111 755 233 809 μέρος
251 761 338 805 τοῖς
357 769 519 809 γονευσι
539 753 868 809 καταλιμπάνειν.
918 758 980 795 Ae
1008 758 1209 810 siquidem
1238 758 1375 797 eadem
1395 758 1476 797 Lex
1498 773 1593 798 cen-

110 813 189 852 seri
218 812 297 851 hoc
326 813 418 851 loco
453 812 573 852 debet
603 826 695 852 cum
717 814 818 865 Lege
848 827 952 866 quae
973 814 1108 853 Marco
1136 815 1350 864 tribuitur,
1381 816 1593 869 utriusque

109 883 276 923 prorsus
306 869 465 908 diversa
496 876 557 908 est
585 870 802 921 sententia,
838 871 997 910 tametsi
1038 872 1121 910 duo
1160 872 1304 910 similia
1343 871 1426 910 fere
1456 875 1591 926 capita

109 933 282 978 utraque
313 927 538 976 contineat,
569 940 715 979 nempe
744 927 794 967 de
824 928 1077 968 successione
1108 928 1150 966 in
1180 929 1284 967 bona
1318 927 1519 978 intestati,
1551 935 1592 969 et

111 984 162 1023 de
200 983 424 1036 quadrante
462 982 736 1023 haereditatis.
765 1004 768 1005 ⁷
804 984 925 1032 Quod
964 985 998 1023 si
1033 985 1158 1025 verba
1196 984 1384 1024 Chronici
1420 986 1592 1037 intelligi

111 1041 283 1080 debeant
311 1041 360 1079 de
389 1040 641 1079 successione
672 1040 892 1080 liberorum
930 1042 973 1080 in
1000 1041 1106 1081 bona
1137 1042 1264 1094 patris
1292 1043 1492 1091 intestati,
1522 1044 1591 1082 di-

110 1099 281 1138 cendum
313 1099 390 1137 erit
419 1111 510 1136 cum
550 1098 715 1151 CuJ‘acio
746 1099 796 1136 ad
826 1099 895 1137 lib.
923 1113 983 1137 m.
1014 1100 1191 1138 Sentent.
1221 1099 1336 1137 Pauli
1365 1100 1426 1139 tit.
1448 1114 1516 1138 vn.
1550 1106 1591 1139 et

108 1155 151 1194 in
180 1155 250 1194 lib.
279 1168 340 1196 111.
370 1149 582 1195 Observat.
626 1169 715 1207 cap.
743 1169 834 1194 vm.
864 1169 941 1208 pro
970 1172 1042 1197 τον
1071 1155 1223 1209 πατέρα
1258 1156 1472 1207 legendum
1503 1171 1590 1196 esse

107 1210 185 1265 τὴν
220 1211 395 1266 μητέρα,
436 1225 528 1250 cum
569 1219 724 1252 certum
761 1212 815 1251 sit
851 1212 1029 1251 Marcum
1060 1213 1415 1252 Senatusconsulto
1437 1213 1590 1266 ,quod

108 1269 418 1323 Orphitianum,
444 1275 587 1322 utpote
612 1269 737 1308 latum
768 1269 944 1322 Orphito
974 1276 1016 1309 et
1048 1270 1168 1308 Ruffo
1200 1271 1309 1309 Coss.
1349 1269 1435 1309 sive
1479 1271 1588 1309 Ora-

106 1326 258 1365 tionem
292 1327 337 1365 D.
366 1326 492 1364 Marci
527 1333 698 1376 vocant,
738 1327 926 1365 statuisse
965 1332 1012 1365 ut
1049 1326 1245 1365 matribus
1279 1326 1398 1365 liberi
1441 1327 1489 1365 ab
1518 1327 1589 1366 in-

107 1389 252 1422 testato
282 1383 568 1433 succederent,
596 1383 713 1435 cujus
744 1383 906 1435 quidem
936 1383 1283 1423 senatusconsulti
1305 1383 1456 1436 passim
1480 1398 1590 1423 men-

106 1441 165 1479 tio
196 1446 278 1488 est,
321 1440 581 1492 meminitque
619 1440 869 1493 Capitolinus
906 1440 949 1479 in
979 1441 1137 1479 Marco:
1176 1454 1248 1479 seu
1277 1441 1412 1493 potius
1438 1447 1486 1480 ut
1514 1458 1589 1494 μη-

106 1496 216 1551 τέρες
236 1512 278 1537 τε
299 1496 367 1538 καὶ
392 1499 534 1545 παῖδες
554 1493 740 1549 οἷλλήλων
762 1494 946 1550 διάδοχοι
967 1497 1132 1547 fierent,
1161 1503 1209 1536 ut
1238 1503 1298 1536 est
1325 1497 1369 1536 in
1399 1498 1492 1549 Leg.
1514 1512 1588 1537 vn.

108 1555 209 1593 cod.
242 1554 291 1592 de
318 1555 446 1592 veteri
475 1554 570 1593 Jure
600 1555 846 1593 enucleando
877 1554 912 1610 ξ.
943 1559 981 1597 7.
1042 1554 1164 1603 Quod
1193 1567 1290 1592 vero
1326 1555 1492 1593 alteram
1516 1556 1591 1595 Le·-

106 1611 166 1663 gis
198 1611 326 1650 Marci
356 1618 509 1663 partem
539 1617 696 1665 spectat
715 1641 726 1661 ,
774 1612 834 1652 uti
871 1612 1049 1651 refertur
1088 1611 1137 1649 ab
1176 1610 1353 1650 Auctore
1383 1611 1588 1662 Chronici,

107 1674 148 1708 et
178 1682 199 1706 a
230 1667 482 1720 Nicephoro‚
522 1668 579 1708 ita
619 1668 857 1740 capiendum
896 1675 1031 1709 censet
1070 1668 1281 1719 Cujacius,
1323 1674 1371 1707 ut
1401 1664 1586 1733 ἄμνημο·

106 1720 266 1773 νεύτοις
304 1724 374 1765 καὶ
413 1722 792 1779 αχαριστουμένοις,
831 1725 874 1764 id
905 1732 985 1775 est,
1021 1725 1249 1778 praeteritis
1279 1730 1320 1762 et
1342 1724 1442 1764 nihil
1473 1739 1494 1765 e
1521 1726 1588 1778 ju·

107 1781 215 1820 dicio
234 1782 361 1834 patris
381 1782 695 1841 accipientibus,
727 1782 929 1835 quadrans
948 1781 1210 1822 haereditatis
1230 1780 1445 1821 debeatur:
1475 1781 1588 1835 quod.

106 1839 139 1878 si
164 1845 298 1891 patres
328 1839 517 1889 fecerint,
554 1835 725 1879 rescindi
757 1846 1038 1879 testamentum
1068 1839 1231 1892 querela
1260 1838 1474 1878 inofficiosi
1503 1853 1587 1878 non

105 1896 247 1956 possit.
306 1895 387 1934 Has
422 1897 527 1936 forte
564 1904 684 1950 atque
722 1896 824 1936 adeo
860 1897 967 1949 leges
1004 1896 1102 1935 alias
1131 1895 1280 1945 Marci,
1316 1909 1419 1962 quae
1452 1896 1589 1948 pluri-

106 1967 195 1992 mae
234 1953 373 2002 suere,
410 1954 590 2007 respexit
621 1953 838 2003 Eusebius,
889 1961 929 1993 et
969 1967 1018 2005 ex
1057 1967 1104 1992 eo
1143 1954 1313 1992 Senator
1354 1954 1396 1991 in
1436 1952 1586 1993 Chron.

107 2009 176 2048 ubi
207 2009 257 2048 de
283 2010 446 2049 Marco:
477 2025 522 2049 ac
549 2025 591 2050 ne
618 2012 706 2063 quid
735 2013 903 2050 bonitatis
930 2011 1086 2061 deesset,
1118 2013 1303 2050 severiores
1320 2011 1495 2076 quasdam
1513 2011 1588 2049 Le-

106 2080 170 2118 ges
195 2070 295 2106 novis
323 2067 639 2107 Constitutiombus
667 2071 885 2121 temperavit.

223 2126 315 2176 Pag-
345 2125 440 2167 489.
471 2127 510 2166 9.
575 2122 802 2174 Τπετάξατο
822 2124 946 2173 ἔθνος
963 2126 1046 2164 τῶν
1073 2121 1315 2177 Γερμανῶν]
1347 2123 1410 2161 Ex
1438 2085 1587 2162 chi-on.

104 2180 268 2220 Eusebii
299 2195 514 2222 an.xvr11.
573 2181 662 2220 Hoc
693 2195 797 2220 anno
827 2182 1055 2234 profectum
1098 2193 1189 2218 cum
1230 2185 1347 2231 patre
1386 2176 1469 2233 (M.
1500 2179 1586 2217 An-

106 2236 264 2291 tonino)
300 2238 562 2277 Commodum
592 2238 641 2276 ad
667 2239 951 2277 Germanicum
979 2237 1131 2276 bellum
1155 2236 1296 2275 scribit
1316 2235 1584 2288 Lampridius.

223 2298 315 2346 Pag.
346 2294 442 2338 489.
480 2298 544 2337 11.
605 2292 799 2347 Ρουφου]
829 2297 958 2347 Supra
988 2294 1150 2332 laudata
1167 2292 1386 2345 Inscriptio
1411 2292 1584 2345 Orphito

104 2351 303 2390 Iulianum
332 2353 525 2403 collegam
556 2352 755 2405 adjungit:
784 2352 912 2400 unde,
943 2352 1075 2402 inquit
1091 2350 1295 2397 Norisius‚
1325 2349 1458 2388 dictus
1479 2351 1582 2389 forte
1612 2361 1646 2396 v
1667 2359 1736 2400 401

105 2409 228 2448 fuerit
254 2410 424 2448 Julianus
442 2409 582 2462 Rufus.
639 2409 895 2463 Lampridius
926 2409 1118 2460 orphitum
1135 2412 1170 2446 et
1197 2407 1352 2459 Ruffum
1372 2408 1481 2446 Coss.
1504 2421 1584 2460 pa-

104 2464 204 2504 riter
229 2465 364 2506 habet.

223 2526 318 2574 Pag-
345 2523 438 2566 489
471 2526 536 2565 12
593 2519 792 2576 Σμύρνα]
847 2520 971 2560 Addit
1011 2519 1158 2561 Chron.
1189 2519 1368 2568 Eusebii,
1403 2520 1454 2558 ad
1479 2520 1586 2567 cujus

109 2581 402 2618 instaurationem
441 2579 555 2619 decem
595 2582 701 2619 annis
735 2579 947 2617 tributorum
982 2580 1189 2616 immunztas
1224 2578 1315 2616 data
1343 2580 1405 2614 est.
1463 2576 1588 2613 Extat

109 2635 180 2674 lib.
209 2650 263 2675 iv.
294 2635 458 2675 Anthol.
496 2650 582 2689 cap.
611 2651 643 2676 1.
683 2636 923 2689 epigramma
952 2635 994 2673 in
1026 2634 1236 2685 imaginem
1266 2631 1584 2681 Damocharidis,

112 2692 163 2730 ob
192 2692 457 2732 instauratam
474 2695 684 2746 Smyrnam
715 2700 808 2746 post
835 2699 964 2732 terrae
994 2697 1167 2742 motum,
1198 2696 1316 2742 atque
1346 2689 1446 2727 adeo
1475 2687 1585 2727 hunc
1648 2692 1652 2695 '

111 2748 228 2788 forte.
288 2750 447 2788 Prostat
474 2751 619 2790 ibidem
647 2749 756 2788 aliud
784 2749 826 2789 in
856 2748 1074 2788 Theodosii
1110 2723 1226 2787 aliam
1266 2746 1499 2797 imaginem,
1530 2746 1582 2784 ob

112 2805 318 2857 praeclara
344 2807 387 2844 in
417 2808 554 2846 eadem
584 2807 684 2846 urbe
714 2807 888 2847 excitata
915 2820 1060 2859 opera:
1092 2805 1162 2844 sed
1190 2802 1408 2842 Theodosii
1436 2816 1581 2841 nomen

111 2862 313 2901 recentius
342 2863 447 2902 sorte
474 2864 605 2904 videri
634 2864 779 2917 possit.

176 2933 371 2969 chronicon
394 2935 561 2970 paschale
589 2937 658 2971 vol.
679 2936 729 2970 ΙΙ.
1246 2930 1304 2971 22
