1884 3262
97 2706 264 2762 ¹1>5oo

298 199 399 248 254
898 188 1218 244 NOTAE

417 316 480 354 Ev
511 311 586 354 ἔτει
605 325 665 367 ςω
688 320 761 361 cmm
778 323 876 366 uy‘v,
916 312 1062 355 Ινδικτ.
1088 307 1141 365 η’,
1173 311 1364 367 Μαρτίου
1395 308 1463 353 κθ’
1487 311 1618 370 ἡμέρα
1655 329 1783 368 παρα.

299 373 426 426 σκευῇ
454 353 632 425 μεγάλῃ,
662 364 794 421 ἦλθεν
826 384 848 409 ο
881 367 1078 418 Βασιλευς
1110 369 1136 410 o‘
1162 370 1406 423 μακαρίτης
1411 367 1552 419 κύριος
1574 356 1781 441 Μανουήλ

296 428 341 468 ἐν
371 430 428 483 τῷ
460 426 611 494 λιμένῃ
629 429 712 466 τῶν
743 428 976 479 Κεγχρεῶν,
1008 425 1076 467 καὶ
1093 429 1146 482 τῇ
1165 424 1199 467 κ’
1214 427 1440 498 AnemM-va
1457 425 1606 479 ἤρξατο
1627 424 1781 470 οἷνακα-

294 484 459 536 ’θαίρειν
491 483 561 524 καὶ
580 467 869 532 άνοικοδομεῖν
902 481 947 524 τὸ
979 468 1225 552 Εξαμίλιον,
1259 479 1358 551 ὅπερ
1386 482 1447 523 ε’νι
1466 481 1510 524 vd
1529 487 1659 537 μῆκος
1681 482 1781 537 ου’ρ-

293 538 387 606 γηὲς
421 552 486 593 γω.
544 539 751 607 Ανέστησε
772 537 816 580 δὲ
843 536 1022 611 πύργους
1049 535 1107 580 ἐπ’
1132 536 1241 611 αὐτῷ
1270 536 1366 593 ρνγ’.
1427 539 1686 593 Εὖρέθεισαν
1710 541 1780 582 καὶ

293 593 520 665 γράμματα
540 596 583 637 ἐν
612 592 810 652 μαρμάρῳ
832 594 1000 646 λαξευτα
1021 594 1121 637 κατά
1143 594 1187 637 τό
1206 595 1323 649 μέρος
1344 594 1390 636 vo*
1409 595 1450 636 ἕν
1471 600 1525 653 τῇ
1543 595 1698 638 Ελλάδι
1713 597 1780 638 λέ-

294 668 437 707 γοντος
467 649 617 701 ου’τως·
652 655 781 693 ΦΩΣ.
806 656 897 693 ΕΚ.
924 656 1126 693 ΦΩΤΟΣ.
1152 655 1306 694 ΘΕΟΣ.
1328 655 1662 695 ΑΛΗΘΗΝΟΣ.
1686 657 1779 695 ΕΚ.

295 712 460 751 ΘΕΟΤ.
509 712 837 750 ΑΛΗΘΗΝΟΥ.
894 709 1138 754 ΦΥΛΑΞΗ.
1192 712 1314 749 ΤΟΝ.
1362 712 1780 752 AYTOKPATOPA.

297 769 734 808 ΙΟΥΣΤΙΝΙΑΝΟΝ.
765 770 880 808 ΚΑΙ.
907 769 1030 807 ΤΟΝ.
1062 768 1292 807 ΠΙΣΤΟΝ.
1313 769 1508 808 ATTOY.
1534 770 1780 809 AOYAON.

293 825 662 864 BIKTOPINON.
692 826 805 863 ΚΑΙ.
837 826 1090 864 ΠΑΝΤΑΣ.
1130 826 1284 863 ΤΟΤΣ.
1315 826 1408 863 ΕΝ.
1438 826 1672 865 ΕΛΛΑΔΙ.
1706 827 1783 866 01-

295 882 578 920 ΚΟΥΝΤΑΣ.
617 883 772 920 ΤΟΤΣ.
810 883 905 920 ΕΝ.
941 882 1089 921 ΘΕΩι.
1121 881 1367 920 ΖΩΝΤΑΣ.
1425 879 1544 919 Hisce
1572 881 1781 933 sequentia

294 936 544 975 subduntur.
576 939 639 977 Ev
668 936 746 977 ε’τει
773 949 833 992 ςω
859 945 932 987 ‘70¹²’
950 950 1020 978 νεω
1047 938 1193 977 Ινδικτ.
1219 932 1243 977 ι’
1264 934 1364 977 κατά
1397 940 1507 1005 μῆνα
1527 937 1780 1007 Δεκέμβριον

298 989 503 1062 ἕχαλάσθη
531 991 575 1035 τὸ
604 994 828 1061 Εξαμίλιον
853 991 963 1048 παρά
991 997 1065 1034 τοῦ
1087 990 1238 1063 Αμηρα
1256 997 1333 1034 τοῦ
1349 989 1652 1047 Μουράτπεκη,
1682 1010 1778 1049 οπερ

297 1046 602 1105 ἀνῳκοδομήθη
634 1048 712 1104 πρὸ
743 1046 898 1104 χρόνων
932 1053 1054 1103 τριῶν
1086 1048 1197 1103 παρά
1217 1066 1288 1091 του
1311 1050 1354 1102 ξν
1374 1054 1589 1092 Βασιλεῦσι
1613 1052 1782 1106 μακαρί·

295 1122 368 1147 του
409 1108 554 1160 κυρίου
584 1108 899 1148 Κωνσταντίνου
929 1104 1139 1148 Δεσπότου
1171 1104 1287 1156 ὄντος
1320 1107 1479 1149 ἐκείνου
1511 1104 1614 1150 τότε.
1671 1108 1780 1148 Haec

296 1163 442 1203 obiter.

411 1219 669 1270 Pag.85.18.
702 1217 785 1259 Καὶ
803 1213 858 1272 ῆν
878 1215 944 1259 άεὶ
959 1219 1075 1284 νοῦς]
1095 1220 1277 1259 Raderus
1294 1220 1419 1268 addit,
1441 1220 1510 1261 καὶ
1526 1217 1779 1273 νοός-φωτει-

295 1273 377 1325 νὸς.
405 1276 547 1315 Suidas
566 1289 664 1314 vero
686 1274 778 1324 νοὸς
804 1277 1011 1347 expungit.
1045 1276 1260 1326 Cedrenus,
1279 1277 1348 1317 καὶ
1364 1271 1418 1330 ῆν
1438 1273 1499 1318 άεὶ
1511 1280 1611 1326 νοῦς
1625 1281 1706 1322 νοῦ
1717 1277 1765 1319 αι

295 1349 396 1383 τιον,
425 1333 494 1373 καὶ
523 1329 681 1373 ου’δὲν’
668 1333 810 1403 ἕτερον
826 1328 879 1385 ἦν
904 1329 933 1385 ἢ
948 1330 1094 1374 τούτου
1116 1331 1267 1386 ἑνότης.
1313 1335 1482 1373 Joannes
1507 1333 1690 1373 Antioch.
1709 1334 1778 1376 καὶ

295 1386 390 1442 ου’δὲ
406 1389 527 1431 ἔστι”
506 1405 639 1440 ετερον
656 1387 763 1442 πλῆν
781 1387 827 1459 ἦ,
841 1396 920 1429 etc.
938 1403 1039 1442 quae
1051 1397 1254 1449 postrema
1266 1391 1390 1430 verba
1403 1404 1612 1443 perperam
1626 1392 1777 1445 scripta

295 1452 414 1485 erant
435 1447 542 1498 apud
567 1443 836 1498 Raderum,‘1''q‘
855 1463 1000 1488 τουτου
1023 1447 1067 1488 ἐν
1090 1449 1122 1504 ᾧ
1142 1451 1215 1501 τῆς
1234 1444 1297 1488 ozel
1315 1448 1392 1489 ἐν’
1379 1451 1510 1503 εαυτῷ
1528 1446 1780 1489 ὤν.1)οἰιι-

295 1503 364 1553 de',
397 1519 464 1544 και
488 1518 686 1556 πνευματι
705 1499 840 1544 πάντα
859 1503 1041 1575 περιέχει.
1095 1490 1246 1546 ‘Raden
1273 1502 1431 1545 ἅπαντα
1446 1504 1639 1559 περιέχει·
1668 1511 1778 1545 uter.-

294 1573 372 1612 que
402 1574 630 1613 perperam.
689 1561 809 1610 Mox,
839 1577 910 1601 και
936 1559 1069 1603 πάντα
1100 1558 1171 1602 ὑπ’
1207 1558 1337 1602 αὐτοῦ
1361 1561 1430 1602 καὶ
1463 1562 1550 1603 ἐν’
1531 1565 1680 1616 εαυτῷ·
1720 1563 1778 1601 ita

293 1617 465 1669 Logoth.
494 1624 533 1656 et
566 1617 734 1657 Cedren.
794 1618 966 1657 Joannes
991 1632 1087 1658 vero
1110 1618 1297 1660 Antioch.
1323 1618 1393 1659 καὶ
1411 1615 1546 1660 πάντα
1563 1617 1633 1660 ὑπ’
1650 1616 1778 1661 αὐτὸν

289 1673 361 1715 καὶ
392 1674 437 1715 ἐν
454 1669 599 1728 τούτῳ
627 1674 720 1715 ἐστί
779 1675 986 1726 Raderus‚
1014 1675 1084 1716 καὶ
1109 1673 1241 1729 πάντα
1271 1676 1314 1717 ἐν
1329 1672 1447 1745 αὐτῷ
1472 1676 1540 1717 καὶ
1560 1673 1630 1717 ὕπ’
1650 1673 1776 1717 αὐτόν

291 1731 413 1772 ἐστιν.
462 1731 583 1801 Apud
602 1731 767 1770 Suidam
790 1746 865 1785 pro
886 1731 1036 1783 πεσων,
1067 1734 1169 1772 male
1187 1737 1284 1781 παῖς
1304 1729 1362 1773 ὧν
1380 1733 1531 1772 editum
1554 1740 1625 1775 est.
1671 1734 1777 1772 Rur-

293 1801 406 1838 sum,
436 1785 482 1828 τό
500 1784 612 1841 ὕδωρ
643 1788 852 1841 ἐποίησεν
895 1789 952 1828 ita
973 1789 1119 1829 Rader.
1146 1790 1264 1832 Cedr.
1287 1796 1328 1829 et
1356 1790 1466 1829 Suid.
1526 1789 1579 1829 At
1605 1789 1775 1843 Logoth-

291 1817 412 1883 habe’t
436 1842 645 1893 ἐπέδειξεν.

408 1900 504 1951 Pag.
535 1903 603 1943 86.
635 1900 674 1944 5·
736 1899 819 1941 Καὶ
853 1904 980 1942 ταῦτα
1019 1900 1216 1956 εἰρηκώς]
1259 1901 1390 1942 Aliter
1419 1902 1539 1942 etiam
1565 1902 1667 1942 haec
1694 1902 1774 1942 ha-

293 1957 444 1997 bentur
472 1958 581 2010 apud
611 1956 781 2009 Logoth.
816 1964 855 1996 et
878 1958 1043 1997 Cedren.
1066 1957 1194 2007 οὕτως
1213 1957 1340 2000 εἰπών
1366 1958 1390 2000 o‘
1405 1962 1568 2028 Ερμῆς,
1595 1958 1772 2031 nis'goevon·

295 2016 450 2069 Ορκίζω
485 2026 527 2055 σε
558 2029 740 2068 ουρανου
772 2010 947 2070 μεγάλου
976 2013 1121 2086 ἐργάτα
1147 2014 1220 2057 τᾶν
1250 2020 1450 2072 μονογενῆ
1468 2013 1610 2071 Λόγον
1634 2013 1773 2067 αὐτοῦ,

291 2071 408 2120 ἰ’λεως
436 2070 522 2111 ἔσω.
582 2071 751 2121 8υἰε1ειε,
769 2073 942 2142 Ορκίζω
968 2085 1033 2123 σε,
1065 2069 1214 2127 οὕρανὲ
1239 2075 1345 2114 Θεοῦ
1366 2072 1540 2139 μεγάλου
1560 2071 1693 2124 σοφόν
1713 2073 1774 2145 ἕρ-

290 2140 387 2196 γον·
421 2127 564 2195 ὁρκίζω
594 2141 637 2168 σε
662 2125 808 2180 φωνὴν
832 2126 995 2183 πατρὸς,
1026 2127 1082 2182 ἣν
1099 2129 1338 2201 ἐφθέγξατο,υ
1342 2126 1528 2185 πρώτην,
1558 2129 1683 2198 ἦνίκα
1700 2128 1772 2171 τᾶν

291 2182 425 2226 πάντα
455 2181 610 2237 κόσμον
632 2184 881 2238 ἐστηρίξατο·
918 2185 1061 2254 ὁρκίζω
1081 2199 1124 2228 σε
1143 2185 1244 2228 κατά
1261 2189 1338 2228 τοῦ
1355 2190 1602 2241 μονογενοῦς
1619 2183 1770 2242 Λόγον,

290 2242 360 2283 καὶ
379 2244 453 2282 τοῦ
473 2239 620 2294 πατρὸς
637 2257 709 2311 τὀυ
730 2241 982 2309 περιέχοντος
1002 2239 1177 2292 πάντας·
1207 2244 1346 2295 ἵλεως,
1376 2245 1492 2292 ἵλεως
1518 2243 1598 2285 ἔσο.
1653 2244 1772 2282 Joan-

290 2312 363 2337 nea
394 2298 582 2338 Antioch.
615 2294 741 2340 αὐτου
765 2295 928 2354 Λόγου,
967 2300 1037 2341 καὶ
1067 2304 1141 2342 τοῦ
1164 2317 1392 2355 πνευματος
1419 2317 1490 2342 του
1519 2299 1772 2356 περιέχοντος

289 2351 437 2396 πάντα.

405 2411 502 2461 Pag
534 2413 702 2454 86-16·
762 2407 935 2465 Νάχωρ]
971 2413 1083 2452 Joan
1104 2412 1287 2454 Antioeh.
1308 2412 1415 2455 ὁκαὶ
1435 2415 1623 2468 Καραχω-

404 2468 501 2518 Pag.
528 2470 596 2510 86.
630 2470 694 2512 19.
751 2466 839 2508 vw'
843 2468 872 2519 .]
902 2469 971 2507 sic
993 2471 1219 2510 emendavit
1235 2470 1433 2522 Raderus,
1463 2484 1554 2510 cum
1577 2469 1788 2522 Scaligeri

291 2524 411 2564 edific
427 2537 640 2577 perperam
658 2524 878 2578 praeferret
896 2522 988 2579 vgss'.

405 2582 502 2632 Pag.
532 2584 599 2624 87.
627 2584 669 2624 3.
730 2579 834 2631 Qxfi'.
844 2582 859 2634 ]
890 2584 1084 2623 Emendat
1108 2584 1172 2622 vir
1190 2583 1357 2632 doctus,
1387 2578 1492 2648 ρςα’·
1521 2587 1563 2621 et
1590 2596 1667 2635 pro
1690 2579 1766 2635 σή,

290 2635 362 2690 σο,
388 2653 440 2679 ex
459 2651 547 2691 pag.
567 2639 634 2682 49.
656 2652 690 2677 c.
710 2652 791 2690 quo
812 2639 904 2678 loco
925 2641 1117 2680 scribitur
1135 2640 1296 2680 Nachor
1312 2640 1460 2679 vixisse
1481 2653 1605 2678 annos
1624 2652 1766 2678 chxx.

403 2695 500 2746 Pag.
532 2698 599 2738 87.
628 2694 668 2737 4.
729 2692 864 2749 Θάρα]
897 2694 1061 2750 Θάῤῥα,
1089 2696 1287 2759 Epiphan.
1312 2703 1352 2736 et
1376 2696 1532 2735 snidas.

405 2752 504 2804 Pag·
527 2755 594 2795 87.
614 2754 654 2794 6.
708 2751 976 2817 Ελληνιομός]
999 2755 1120 2805 Haec,
1142 2767 1243 2806 quae
1261 2754 1464 2807 descripta
1485 2757 1596 2792 sunt
1598 2766 1649 2792 ex
1670 2752 1765 2806 Epi-

289 2807 443 2861 phanio
465 2809 573 2848 haer.
594 2812 633 2852 1.
654 2822 782 2863 usque
805 2810 877 2849 ad
876 2823 1015 2862 voces,
1047 2808 1290 2865 Ιουδαῑσμός
1310 2811 1534 2865 μετέπειτα,
1564 2810 1735 2850 desunt
1721 2821 1765 2848 m

292 2865 390 2905 cod.
416 2865 625 2906 Holstenii.
1758 2892 1761 2894 -
