1884 3262
465 235 524 278 IN
558 235 887 280 CHRONICON
912 230 1210 284 ‘PASCHALE
1488 240 1589 286 289

239 345 331 394 Pag.
361 342 457 387 345.
492 348 558 387 10.
618 341 959 398 Σεῤῥοὲνου,οῒο.]
989 346 1141 387 Schott.
1174 343 1390 402 Σαρῤἆνου
1409 347 1478 389 καὶ
1495 349 1590 390 Πεί-

123 414 239 447 ωνος.
295 400 396 439 [dat.
425 407 464 440 et
491 401 622 452 Fasti,
652 402 808 440 Serrano
840 408 874 441 et
896 404 1074 455 Caepione.

237 459 329 507 Pag.
358 457 454 499 345.
497 457 562 498 14.
629 458 854 513 Βιμβρίου]
903 461 1047 511 Scalig.
1089 466 1128 499 et
1175 457 1332 498 Schott.
1372 462 1587 515 Φιμβρίου.

116 511 223 561 ,Id-st.
252 519 291 551 et
319 514 448 563 Fasti,
478 514 650 553 Fimbria.

237 572 330 620 Pag·
353 573 448 613 345.
480 571 544 613 15.
602 571 838 624 Σελευκεῖς]
868 572 1163 611 Seleucensium
1193 569 1437 626 αὐτονομίας
1465 580 1590 613 testes

120 625 279 677 aliquot'
316 628 464 665 nummi
502 633 662 679 extant,
706 642 808 680 quos
848 629 1011 680 collegit
1042 629 1088 669 V.
1118 630 1162 670 C.
1194 630 1333 668 Joann.
1359 630 1590 670 Harduinus

119 682 159 720 in
189 683 370 722 Nummis
398 685 619 724 illustratis.

236 742 329 789 Pag.
359 741 455 783 346.
484 745 523 783 6.
581 741 887 789 Ασκαλωνίται]
918 741 1161 780 Consulendi
1192 742 1243 781 de
1272 741 1350 781 hac
1382 743 1592 782 Ascaloni-

118 801 250 834 tarum
280 810 371 835 aera
402 797 579 848 Scaliger
607 797 676 838 lib.
706 811 767 836 111.
808 798 961 836 Canon.
1001 798 1193 850 Isagogic.
1227 813 1314 850 pag.
1345 802 1441 842 301.
1480 800 1591 839 Her-

118 858 270 890 wartus
305 853 346 891 in
388 853 627 904 Chronolog.
668 868 755 906 cap.
789 867 979 894 ccxxxw.
1017 861 1056 893 et
1093 854 1355 907 spanhemius
1387 856 1436 895 de
1466 871 1588 909 prae-

117 914 236 948 stant.
268 916 309 948 et
336 923 412 948 usu
438 910 665 949 numismat.
695 924 784 962 pag.
814 913 910 954 868.
948 911 1095 963 quibus
1135 912 1381 964 adjungendi
1412 913 1588 965 ejusdem

116 965 226 1003 urbis
263 966 414 1005 nummi
450 967 639 1006 illustrati
679 968 727 1006 ab
767 968 907 1006 eodem
943 968 1032 1007 viro
1070 969 1303 1008 doctissimo
1338 970 1451 1009 Joan.
1480 970 1590 1010 Har-

116 1021 253 1062 duino.

232 1082 324 1129 Pag.
353 1079 448 1122 346.
479 1083 518 1122 7.
579 1080 661 1121 Καὶ
690 1080 903 1133 Κιτιδίου]
937 1079 1091 1120 Schott.
1115 1081 1186 1122 καὶ
1206 1081 1368 1123 Διδίου.
1427 1081 1530 1121 Idat.
1550 1089 1590 1122 et

114 1134 244 1185 Fasti,
278 1135 428 1174 Metello
449 1135 583 1189 Nepote
604 1143 637 1177 et
661 1138 745 1176 Tito
767 1138 887 1178 Didio.

230 1195 324 1243 Pag.
353 1192 448 1236 346.
478 1198 518 1237 9.
579 1190 796 1248 Ιωοὶνθης]
825 1196 888 1234 Ex
916 1193 1089 1234 Eusebio
1120 1208 1160 1247 p.
1188 1197 1256 1237 39.
1278 1199 1318 1233 et
1338 1193 1430 1237 148.
1461 1194 1533 1234 ubi
1556 1194 1591 1234 is

112 1249 263 1288 Ioannes
281 1250 522 1302 appellatur.
1656 1259 1658 1261 ’

229 1309 323 1356 Pag.
352 1306 447 1349 346.
480 1310 546 1349 15.
608 1308 641 1347 Ο
666 1306 735 1346 καὶ
765 1305 1044 1359 Αλέξανδρος]
1084 1306 1147 1344 Ita
1177 1306 1385 1346 Eusebius.
1442 1308 1588 1359 Alixas,

114 1362 213 1401 aliis.
274 1362 373 1401 Vide
395 1364 599 1401 Petavium
614 1362 687 1402 lib.
706 1376 749 1402 x.
770 1362 819 1401 (le
841 1363 975 1400 Doctr.
993 1363 1131 1414 Temp.
1149 1375 1235 1414 cap.
1254 1377 1368 1403 XLVI.

227 1422 322 1469 Pag.
351 1419 449 1462 346.
482 1422 547 1463 19.
605 1417 793 1474 Βάλβου]
825 1419 1016 1458 schottus
1034 1425 1074 1458 et
1089 1419 1217 1468 Fasti,
1248 1415 1427 1461 Κᾶλδου.
1485 1420 1587 1460 Idat.

56 1501 69 1504 f
114 1476 247 1515 Galva.

228 1535 321 1582 Pag.
353 1531 446 1574 347.
479 1537 545 1575 11.
604 1528 873 1584 Σαλούστιος]
912 1532 1059 1571 Iisdem
1086 1530 1219 1570 verbis
1245 1531 1410 1569 Idatius.
1469 1531 1590 1572 Euse-

109 1588 222 1628 bius:
258 1589 459 1627 Sallustius
480 1590 627 1641 Crispus
647 1590 812 1642 Scriptor
831 1590 1040 1628 Historiam
1056 1591 1094 1627 in
1109 1588 1260 1627 Sabinis
1279 1590 1457 1627 Amiterni
1472 1592 1591 1628 nasci-

111 1650 185 1684 tur.
245 1645 345 1684 Vide
370 1645 627 1696 Scaligerum.

226 1705 319 1752 Pag.
351 1704 445 1744 347.
479 1706 541 1745 13.
601 1702 793 1754 Κοκκῆς]
822 1701 947 1753 Atqui
967 1701 1202 1752 Cleopatrae
1221 1699 1347 1737 filium
1365 1698 1475 1738 hunc
1496 1701 1590 1739 Pto-

110 1758 303 1796 lemaeum
332 1764 562 1798 constanter
593 1765 779 1798 asserunt
811 1772 970 1808 omnes,
1000 1758 1166 1810 ipseque
1198 1759 1353 1795 Auctor
1384 1755 1588 1799 Chronici.

107 1814 214 1854 Vide
231 1815 440 1854 Petavium
459 1815 552 1855 luco
574 1817 751 1855 laudato.
1004 1815 1007 1818 ’

230 1875 326 1922 Pag.
356 1873 451 1914 348.
481 1877 522 1916 2.
580 1872 663 1913 Καὶ
694 1868 960 1926 Νάρβωνος.]
996 1869 1149 1908 Schott.
1173 1867 1242 1909 καὶ
1263 1866 1497 1923 Νορβᾶνου.
1525 1870 1587 1909 Ita
1668 1867 1673 1870 ¹

111 1928 446 2035 Ιᾱὲιιὲιξξῗῗέὃ..
477 1983 517 2026 4.
578 1979 868 2035 Φουσκούλου]
909 1980 1120 2020 schottus:
1148 1977 1331 2022 Δεκύλου
1360 1980 1429 2022 καὶ
1459 1985 1587 2023 Δολα-

111 2040 241 2095 βέλλα.
298 2041 400 2080 Idat.
430 2042 600 2090 Diecula,
630 2044 706 2080 etc.
736 2042 842 2079 Fasti
873 2039 1043 2092 Capitol.
1071 2038 1222 2077 Decula.

228 2101 322 2149 Pag.
353 2098 450 2140 348.
479 2102 518 2141 7.
575 2099 714 2150 Βιτία]
754 2097 852 2136 ldat.
895 2097 976 2138 MS.
1025 2095 1133 2134 Vitia.
1192 2093 1347 2134 Schott.
1386 2100 1426 2133 et
1464 2095 1585 2146 Fasti,

109 2155 257 2204 Βατία,
298 2168 377 2207 quo
413 2155 574 2193 nomine
612 2155 746 2194 extitit
785 2153 898 2192 Vatia
937 2153 1037 2192 alter
1080 2151 1153 2190 sub
1192 2152 1371 2200 Nerone,
1416 2151 1466 2190 de
1505 2166 1586 2202 quo

111 2211 386 2250 exclamabant
423 2210 627 2261 homines,
681 2213 715 2250 Ο
762 2211 867 2249 Vatia
904 2209 1000 2248 solus
1039 2211 1110 2247 scis
1141 2211 1276 2257 vivere,
1325 2208 1394 2260 qui
1434 2207 1587 2247 scilieet

111 2268 257 2307 omissa
279 2269 352 2307 illa
372 2264 531 2317 aulica,
563 2281 610 2306 ac
639 2281 682 2306 ea
712 2272 945 2319 tempestate
977 2265 1210 2318 periculosa
1236 2266 1344 2315 vita,
1376 2264 1416 2319 in
1446 2265 1584 2303 villam

111 2332 351 2375 secesserat,
382 2331 427 2363 ut
457 2331 518 2364 est
547 2324 653 2376 apud
684 2325 873 2362 Senecam
903 2322 1027 2374 Epist.
1052 2335 1119 2362 LV.

229 2385 322 2433 Pag.
354 2381 448 2425 348.
480 2386 519 2425 8.
580 2381 807 2430 Κλαυδίου,
835 2380 928 2429 etc.]
948 2430 951 2431 ⁷
969 2378 1094 2417 Iidem
1133 2377 1242 2417 Coss,
1271 2376 1340 2428 qui
1370 2390 1475 2414 anno
1507 2389 1584 2414 su-

111 2438 284 2490 periori,
316 2439 494 2478 Servilius
531 2438 638 2477 Vatia
663 2442 697 2476 et
722 2437 898 2476 Claudius
923 2435 1099 2483 Pulcher,
1128 2433 1299 2485 proinde
1329 2433 1583 2485 expungendi

112 2508 163 2533 ex
189 2494 300 2535 hisce
329 2495 469 2534 Fastis.

228 2555 320 2602 Pag.
351 2551 443 2594 348.
474 2555 513 2595 9.
570 2547 790 2601 Διόνυσος]
823 2549 881 2587 Ina
905 2547 1044 2600 paullo
1073 2545 1201 2594 infra,
1233 2551 1273 2584 et
1302 2543 1408 2596 apud
1439 2543 1583 2582 Cedre-

112 2620 209 2645 num
236 2605 447 2663 pag-166.
507 2608 554 2647 In
585 2606 746 2646 Eusebii
775 2619 875 2644 vero
907 2603 1107 2643 Chronico
1138 2602 1187 2639 ab
1217 2601 1462 2652 Hieronymo
1491 2600 1583 2638 Dio-

111 2666 236 2716 nysius
263 2667 476 2703 nominatur.
537 2664 637 2704 Vide
677 2663 885 2703 Petavium
930 2661 980 2699 ad
1018 2657 1290 2712 Epiphanium
1327 2670 1416 2708 pag.
1460 2658 1581 2699 1382.

112 2717 340 2770 Διονύσου,
370 2735 440 2759 seu
467 2721 615 2759 Bacchi
643 2734 790 2759 nomen
823 2718 899 2757 sibi
930 2715 1186 2768 adscripsisse
1217 2712 1460 2752 Antiochum
1488 2713 1581 2764 Epi-

113 2775 284 2828 phanem
314 2779 458 2828 Regem
487 2778 626 2830 Syriae
653 2782 850 2816 testantur
888 2775 972 2828 ejus
1011 2773 1184 2821 nummi,
1226 2783 1327 2822 quos
1364 2768 1581 2832 ‘descripsit

112 2832 177 2871 vir
212 2833 272 2872 rei
298 2834 540 2872 nummariae
577 2833 842 2887 peritissimus
870 2832 904 2873 J.
935 2829 1173 2870 Vaillantius
1202 2827 1245 2865 in
1277 2825 1413 2877 Regnb.
1442 2827 1581 2878 Syriae

113 2903 154 2940 p.
183 2891 280 2932 382.
309 2897 348 2929 et
375 2903 486 2942 seqq.

177 2960 374 2996 chronicon
391 2961 562 2995 Paschale
590 2962 658 2996 vol.
681 2961 730 2995 ΙΙ.
1248 2953 1301 2993 19
