1884 3262
310 231 404 280 124
628 231 870 274 SELECTA
897 232 969 273 AD
996 232 1486 276 ILLUSTRATIONEM

418 339 488 383 ιθ’.
546 338 794 391 Ἐπαίνετος,
829 357 877 382 ου
910 339 934 382 6
953 337 1171 390 απόστολος
1196 341 1390 395 μέμνηται
1422 343 1466 383 ἐν
1495 345 1547 399 τῇ
1574 340 1670 396 πρὸς
1688 342 1773 384 Ῥω-

306 400 451 454 μαίους
465 398 658 467 ἐπιστολῇ
661 428 673 447 ,
706 394 752 446 ὃς
769 396 838 438 καὶ
866 397 1082 446 ἐπίσκοπος
1101 399 1368 452 Καρθαγένης
1387 383 1552 453 ἐγένετο.

415 451 463 495 κ’.
518 441 797 507 Ἀνδρόνικος,
828 470 876 494 ου
905 453 927 495 6
957 450 1173 503 ἀπόστολος
1199 455 1395 509 μέμνηται
1413 456 1456 497 ἐν
1484 459 1536 511 τῇ
1555 452 1659 510 πρὸς
1681 455 1770 497 ‘Pon-⁴

305 513 478 579 μαίους,
493 509 538 559 ὃς
555 510 623 551 καὶ
645 510 863 558 ἐπίσκοπος
881 513 1066 559 Σπανίας
1086 511 1251 565 ἐγένετο.

417 564 492 608 κα’.
545 563 759 636 Ἀμπλίας,
778 569 826 608 οὐ
848 567 916 607 καὶ
936 583 1060 608 αυτου
1083 567 1277 621 μέμνηται
1295 568 1339 609 ἐν
1361 571 1413 624 τῇ
1428 565 1531 622 πρός
1537 569 1801 621 Ρωμαίους,5

303 623 350 675 ὃς
369 624 438 666 καὶ
455 624 672 672 ἐπίσκοπος
689 620 888 694 Ὀδησσοῦ
912 623 1076 693 ἐγένετο.

415 679 489 733 κβ’.
550 677 782 733 Οὕρβανός,
814 696 863 721 ου
885 680 954 720 καὶ
986 677 1114 723 αὐτοῦ
1136 680 1179 721 ἐν
1198 684 1250 737 τῇ
1270 679 1371 735 πρός
1386 679 1602 733 Ῥωμαίους
1622 679 1768 734 μέμνη-

300 755 384 789 ται,
415 735 461 786 ὃς
479 738 695 785 ἐπίσκοπος
720 738 1021 785 Μακεδονίας’
1003 736 1166 790 εγένετο

412 791 484 866 κγ’.
543 792 721 846 Σταχυς,
753 788 803 834 οὗ
832 794 900 834 και
924 790 1051 834 αυτοῦ
1068 793 1111 834 ἐν
1131 810 1178 850 τη
1206 791 1310 847 πρὸς
1323 793 1540 844 Ῥωμαίους
1561 791 1766 845 μέμνηται,

156 856 184 891 Ρ
208 856 277 893 428
302 849 352 893 6v
381 851 451 892 καὶ
478 848 663 903 Ἀνδρέας
694 849 717 890 6
745 846 964 899 απόστολος
994 848 1069 902 τὴν
1099 835 1308 902 Πόντικην
1333 846 1547 889 θαλασσαν
1569 848 1767 890 διαπλέων
1777 864 1823 899 10

298 910 342 951 ἐν
358 905 640 977 Ἀργυροπὸλει
661 909 734 957 τῆς
754 903 915 967 Θράκης
945 907 1166 948 ἐπίσκοπον
1186 909 1262 947 τοῦ
1281 906 1499 954 Βυζαντίου
1519 905 1765 957 κατέστησεν.

411 961 483 1005 κδ’.
537 961 746 1015 Ἀπελλῆς,
782 967 829 1005 οὐ
850 963 920 1004 καὶ
940 959 1067 1004 αυτοῦ
1085 963 1128 1004 ἐν
1147 966 1199 1018 τῇ
1214 961 1316 1017 πρός
1336 962 1554 1015 Ῥωμαίους
1571 961 1767 1016 μέμνηται

299 1021 324 1064 6
342 1018 583 1069 οἷπόστολος,
613 1018 656 1068 ὃς
676 1019 744 1060 καὶ
770 1017 890 1068 αὐτὸς
910 1021 1127 1068 ἐπίσκοπος
1151 1019 1380 1089 Ἡρακλείας
1400 1018 1564 1073 ἐγένετο.

297 1136 315 1177 ἕ
410 1075 476 1120 κε’.
538 1074 737 1131 Φύγελλος
779 1094 827 1118 τα
868 1078 1057 1130 Σίμωνος
1093 1073 1305 1130 φρονήσας
1341 1072 1514 1127 Ἑφέσου
1548 1075 1766 1127 ἐπίσκοπος

341 1135 460 1176 ένετο.
524 1177 527 1181 ,
1777 1143 1820 1179 15

231 1198 235 1204 '
316 1153 338 1190 γ
409 1187 487 1238 κς’.
542 1187 845 1244 Ἑρμογένης,
832 1187 878 1238 ὀς
910 1189 954 1230 ἐν
983 1184 1195 1251 Μεγαροις
1224 1188 1294 1230 καὶ
1328 1185 1449 1236 αυτὸς
1482 1160 1648 1240 κατέστη
1678 1186 1764 1228 ἐπί-

297 1262 456 1296 σκοπος.

410 1299 485 1352 κζ’.
541 1305 705 1356 Δημᾶς,
737 1317 785 1342 ου
808 1300 831 1342 6
837 1296 1074 1369 edndoeomg
1105 1298 1352 1354 μνημονεύει
1379 1301 1424 1342 ἐν
1446 1304 1501 1357 τῇ
1519 1298 1622 1355 πρός
1647 1296 1767 1353 Τιμό-

296 1366 398 1402 θεον
427 1359 591 1429 δευτέρα
618 1359 806 1413 ἐπιστολῇ
837 1355 897 1398 ’ὅτι
926 1355 1281 1427 ἕτεροδοξήσαντες
1307 1354 1511 1411 Φυγελλος
1539 1357 1608 1397 καὶ
1627 1355 1766 1424 Ἑρμο-

267 1417 415 1471 ’.γένης
446 1413 670 1467 ανέστησαν
708 1417 761 1470 τῇ
789 1415 1026 1454 διδασκαλία
1060 1411 1201 1455 αὐτοῦ.
1260 1414 1282 1456 6
1311 1413 1355 1455 δὲ
1378 1416 1525 1466 Δημᾶς
1554 1410 1822 1467 οἷγαπήσαςὲο

293 1472 365 1515 τᾶν
385 1476 461 1514 νῦν
483 1473 614 1512 αἰωνα
641 1472 847 1512 κατέλιπεν
876 1468 947 1511 τόν
978 1455 1235 1524 ειῖαγγελικόν
1261 1467 1404 1528 λόγον,
1441 1470 1509 1511 καὶ
1537 1470 1580 1511 ἐν
1612 1472 1765 1510 Θεσσα-

293 1531 432 1586 λονίκῃ
457 1527 587 1583 ἷερευς
614 1544 696 1568 των
727 1523 903 1568 εἰδώλων
932 1527 1107 1580 ἐγένετο,
1138 1527 1229 1597 περὶ
1250 1529 1298 1568 οὑ
1321 1527 1391 1568 καὶ
1411 1523 1601 1579 Ἰωαννης
1618 1525 1640 1568 6
1663 1522 1764 1567 οἶπό-

245 1602 247 1604 “
294 1590 431 1635 στολος
454 1586 654 1654 ἔγραψεν,
681 1581 746 1633 Ἐξ
766 1583 884 1642 ημῶν
902 1583 1098 1653 ἐξηλθον,
1129 1580 1219 1625 ἄλλ’
1242 1600 1316 1625 ουκ
1334 1578 1441 1636 ησαν
1457 1584 1498 1633 ἐξ
1516 1583 1646 1636 ημῶν.

405 1640 478 1694 κη’.
534 1638 748 1693 Ἀπελλῆς,
771 1642 818 1681 οὑ
840 1640 910 1680 καὶ
935 1636 1061 1681 αυτοῦ
1081 1641 1125 1682 ἐν
1144 1644 1196 1697 τῇ
1213 1638 1316 1707 πρός
1333 1639 1549 1693 Ῥωμαίους
1568 1639 1763 1693 μέμνηται

292 1698 314 1741 6
337 1695 578 1747 απόστολος,
619 1695 661 1746 ὂς
690 1697 758 1738 καὶ
790 1694 910 1745 αὐτός
936 1697 1153 1746 ἐπίσκοπος
1183 1694 1376 1752 Σμυρνης
1400 1696 1554 1751 ἐγένετο
1586 1694 1664 1750 πρὸ
1687 1698 1823 1744 τοῦ25

293 1755 411 1810 αγίου
438 1750 724 1824 Πολυκάρπου.
1856 1762 1859 1763 ’

403 1809 484 1852 κθ’.
540 1808 860 1878 Ἀριστόβουλος,
890 1803 941 1849 οὐ
965 1808 1034 1849 καὶ
1055 1805 1183 1849 αὕτου
1202 1809 1246 1849 ἐν
1262 1812 1314 1865 τῇ
1336 1807 1440 1880 πρός
1459 1809 1677 1862 Ῥωμαίους
1693 1807 1761 1861 μέ-

291 1884 438 1937 μνηται
460 1867 480 1910 6
494 1863 716 1914 απόστολος
729 1899 740 1917 ,
772 1864 818 1913 ὃς
838 1866 1058 1934 Βρετανίας
1079 1850 1297 1913 ἐπίσκοπος
1322 1866 1486 1919 ἐγένετο.

403 1921 449 1965 λ.
490 1920 741 1993 Ναρκισσος,
766 1924 814 1962 οὐ
836 1921 905 1962 καὶ
926 1917 1054 1962 αὐτοῦ
1071 1920 1267 1974 μέμνηται
1287 1922 1330 1963 ἐν
1348 1925 1400 1977 τῇ
1417 1920 1519 1976 πρὸς
1530 1921 1758 1975 Ῥωμαίους,

289 1978 333 2030 ὂς
354 1980 425 2022 καὶ
448 1977 567 2028 αὐτὸς
588 1980 806 2027 ἐπίσκοπος
822 1975 1014 2036 Αθηνῶν
1033 1977 1209 2031 γέγονεν.
1767 1987 1814 2023 30

139 2055 170 2090 v
195 2052 265 2091 344
403 2033 474 2078 λα’.
531 2036 760 2089 Ἡρωδίων,
792 2036 840 2075 οὑ
869 2034 937 2075 καὶ
962 2032 1090 2075 αὐτου
1112 2033 1307 2085 μέμνηται
1328 2033 1371 2074 ἐν
1390 2037 1443 2089 τῇ
1471 2032 1571 2089 πρὸς
1595 2006 1765 2087 Ῥωμαί-·

290 2110 362 2143 ους
382 2093 407 2135 6
428 2089 651 2140 απόστολος
663 2122 674 2141 ,
707 2090 753 2140 ὃς
768 2091 837 2131 καὶ
855 2091 1071 2139 ἐπίσκοπος
1091 2093 1265 2143 Πατρῶν
1271 2090 1450 2158 ἐγένετο.

401 2148 476 2218 λβ’.
507 2148 684 2203 ’Ἁγαβος
713 2148 737 2189 6
767 2148 810 2188 ἐν
829 2152 915 2195 ταῖς
939 2143 1142 2199 Πραξεσιν
1155 2163 1238 2187 των
1255 2142 1487 2188 αποστόλων
1508 2143 1764 2204 μνημονευό-

289 2223 430 2260 μενος,
466 2203 508 2254 ὃς
529 2205 597 2246 καὶ
613 2207 870 2262 προφητικοῦ
891 2205 1131 2273 χαρίσματος
1147 2198 1322 2272 η’ξιώθη.

402 2259 471 2316 λγ’.
526 2261 692 2312 Ῥοῦφος
705 2293 716 2311 ,
747 2263 795 2301 οὐ
815 2260 883 2300 καὶ
905 2256 1030 2300 αυτοῦ
1057 2260 1100 2300 ἐν
1121 2263 1173 2316 τῇ
1193 2257 1294 2313 πρός
1312 2257 1567 2312 Ῥωμαίους“
1545 2276 1567 2301 ο
1583 2255 1751 2300 ‹indeto-
1763 2266 1811 2304 35

288 2324 355 2368 λος
373 2318 589 2388 μέμνηται,
624 2316 666 2366 ὃς
685 2317 752 2358 καὶ
772 2313 892 2387 αὕτόῒς
911 2316 1126 2365 ἐπίσκοπος
1144 2317 1292 2368 Θηβῶν
1309 2315 1472 2386 ἐγένετο

401 2373 470 2416 λδ’.
524 2370 800 2445 Ἀσύγκριτος,
830 2376 878 2414 οὐ
911 2372 979 2413 καὶ
1003 2369 1132 2414 αυτοῦ
1155 2373 1199 2413 ἐν
1218 2375 1274 2441 τῇ
1301 2370 1403 2426 πρός
1427 2369 1648 2424 Ρωμαίους
1670 2370 1755 2412 ἐπι-

290 2436 409 2489 στολῇ
426 2431 638 2485 μέμνηται,
671 2429 716 2478 ὃς
736 2430 805 2471 καὶ
827 2425 947 2477 αυτός
973 2429 1189 2477 ἐπίσκοπος
1213 2413 1445 2482 Ου’ρβανίας
1461 2426 1625 2482 ἐγένετο.

378 2578 412 2612 2.
442 2571 677 2631 Καρταγένης
701 2575 751 2618 Ρ,
790 2572 1028 2619 Χαρταγένης
1050 2574 1090 2610 1..
1146 2574 1327 2608 Caeterum
1351 2574 1402 2608 sic
1425 2572 1562 2608 ordinat
1584 2571 1636 2606 L=
1670 2571 1752 2606 Am-

381 2621 489 2668 plius,
515 2621 749 2661 Andronicus,
774 2621 985 2677 Epaenetus.
1064 2621 1099 2655 5.
1124 2618 1163 2655 ἐν
1186 2620 1253 2666 τῇ]
1279 2618 1319 2654 ἐκ
1343 2621 1407 2676 τῆς
1427 2620 1467 2654 L.
1562 2621 1595 2655 6.
1617 2614 1751 2653 Ὀδύσ-

379 2679 446 2703 σου
471 2668 540 2702 LP.
645 2668 698 2703 13.
731 2664 751 2702 6
778 2665 983 2707 ἀπόστολος
1005 2677 1069 2700 om.
1095 2666 1135 2699 L.
1246 2667 1300 2702 18.
1334 2663 1354 2702 6
1379 2677 1443 2701 om.
1468 2665 1510 2699 P.
1604 2664 1660 2698 19.
1692 2660 1750 2699 ὅτι

378 2710 643 2772 ετεροδόξησαν
669 2711 730 2749 ὅτε
759 2715 800 2748 Φ.
824 2712 888 2748 καὶ
908 2709 959 2747 E.
983 2711 1046 2746 καὶ
1070 2707 1274 2769 ἀνέστησαν
1298 2711 1338 2748 P.
1428 2711 1485 2745 24.
1514 2707 1684 2755 Ἀμπέλης
1707 2709 1748 2751 P,

378 2759 551 2816 Ἀπέλλης
566 2760 606 2795 L.
742 2760 799 2795 28.
827 2758 1050 2814 Βρεττανίας
1074 2758 1114 2790 Ρ.
1209 2755 1373 2802 ἐγένετο]
1396 2755 1544 2812 γέγονεν
1568 2757 1608 2790 L.

379 2806 435 2841 30.
460 2803 574 2846 αυτὸς
597 2817 659 2841 om.
686 2805 726 2839 P.
865 2806 921 2840 31.
966 2799 1029 2847 Ηρ
1033 2802 1149 2839 οδίων
1172 2802 1213 2837 Ρ.
1351 2804 1407 2840 32.
1457 2798 1477 2837 6
1501 2814 1564 2837 om.
1590 2802 1629 2835 Ρ.

378 2853 434 2887 35.
485 2850 505 2887 ὁ
530 2863 595 2887 om.
617 2851 660 2885 P.
775 2852 831 2887 36.
880 2817 1044 2895 Θηβῶνρ]
1079 2844 1282 2893 ‘Youoevioee
1306 2850 1346 2886 L.
1395 2849 1538 2892 (Nonne
1562 2858 1626 2893 pro
1649 2843 1746 2891 Ονρ

377 2898 508 2943 βανίας
531 2910 564 2933 v.
583 2899 639 2935 38.
654 2897 691 2941 2)
