<?xml version="1.0" encoding="UTF-8"?>
<!DOCTYPE html PUBLIC "-//W3C//DTD XHTML 1.0 Transitional//EN"
    "http://www.w3.org/TR/xhtml1/DTD/xhtml1-transitional.dtd">
<html xmlns="http://www.w3.org/1999/xhtml" xml:lang="en" lang="en">
 <head>
  <title>
</title>
<meta http-equiv="Content-Type" content="text/html;charset=utf-8" />
  <meta name='ocr-system' content='tesseract 3.04.00' />
  <meta name='ocr-capabilities' content='ocr_page ocr_carea ocr_par ocr_line ocrx_word'/>
</head>
<body>
  <div class='ocr_page' id='page_1' title='image "./corpusscriptorum05niebuoft_0222.png"; bbox 0 0 1884 3262; ppageno 0'>
   <div class='ocr_carea' id='block_1_1' title="bbox 302 228 1490 279">
    <p class='ocr_par' dir='ltr' id='par_1_1' title="bbox 302 228 1490 279">
     <span class='ocr_line' id='line_1_1' title="bbox 302 228 1490 279; baseline -0.008 0"><span class='ocrx_word' id='word_1_1' title='bbox 302 234 404 279; x_wconf 75' lang='lat'><strong><em>212</em></strong></span> <span class='ocrx_word' id='word_1_2' title='bbox 624 230 865 273; x_wconf 87' lang='lat' dir='ltr'>SELECTA</span> <span class='ocrx_word' id='word_1_3' title='bbox 895 229 968 271; x_wconf 90' lang='lat' dir='ltr'><strong><em>AD</em></strong></span> <span class='ocrx_word' id='word_1_4' title='bbox 1001 228 1490 271; x_wconf 87' lang='lat' dir='ltr'><strong>ILLUSTRATIONEM</strong></span> 
     </span>
    </p>
   </div>
   <div class='ocr_carea' id='block_1_2' title="bbox 300 333 1766 748">
    <p class='ocr_par' dir='ltr' id='par_1_2' title="bbox 300 333 1766 734">
     <span class='ocr_line' id='line_1_2' title="bbox 303 333 1765 408; baseline -0.003 -25"><span class='ocrx_word' id='word_1_5' title='bbox 303 357 400 384; x_wconf 91' lang='grc' dir='ltr'><strong><em>οταν</em></strong></span> <span class='ocrx_word' id='word_1_6' title='bbox 418 358 495 408; x_wconf 89' lang='grc' dir='ltr'><strong><em>γαρ</em></strong></span> <span class='ocrx_word' id='word_1_7' title='bbox 515 336 807 393; x_wconf 83' lang='grc' dir='ltr'><strong><em>μεριζόμενος</em></strong></span> <span class='ocrx_word' id='word_1_8' title='bbox 787 355 808 380; x_wconf 91' lang='grc' dir='ltr'><strong><em>ο</em></strong></span> <span class='ocrx_word' id='word_1_9' title='bbox 826 337 1092 392; x_wconf 82' lang='grc' dir='ltr'><strong><em>συναγόμενος</em></strong></span> <span class='ocrx_word' id='word_1_10' title='bbox 1110 355 1191 379; x_wconf 89' lang='grc' dir='ltr'><strong><em>των</em></strong></span> <span class='ocrx_word' id='word_1_11' title='bbox 1218 339 1318 380; x_wconf 81' lang='grc' dir='ltr'><strong><em>ἑτων</em></strong></span> <span class='ocrx_word' id='word_1_12' title='bbox 1340 334 1517 393; x_wconf 74' lang='grc' dir='ltr'><strong><em>ἇριθμός</em></strong></span> <span class='ocrx_word' id='word_1_13' title='bbox 1533 334 1614 378; x_wconf 77' lang='grc' dir='ltr'><strong><em>απὸ</em></strong></span> <span class='ocrx_word' id='word_1_14' title='bbox 1637 338 1709 390; x_wconf 81' lang='grc' dir='ltr'><strong><em>τῆς</em></strong></span> <span class='ocrx_word' id='word_1_15' title='bbox 1729 333 1765 377; x_wconf 83' lang='grc' dir='ltr'><strong><em>α’</em></strong></span> 
     </span>
     <span class='ocr_line' id='line_1_3' title="bbox 303 392 1764 465; baseline -0.003 -26"><span class='ocrx_word' id='word_1_16' title='bbox 303 394 573 450; x_wconf 81' lang='grc' dir='ltr'><strong><em>έπινεμήσεως</em></strong></span> <span class='ocrx_word' id='word_1_17' title='bbox 598 398 655 445; x_wconf 87' lang='grc' dir='ltr'><strong><em>εἰς</em></strong></span> <span class='ocrx_word' id='word_1_18' title='bbox 681 394 753 437; x_wconf 79' lang='grc' dir='ltr'><strong><em>τόν</em></strong></span> <span class='ocrx_word' id='word_1_19' title='bbox 775 392 807 436; x_wconf 84' lang='grc' dir='ltr'><strong><em>δ’</em></strong></span> <span class='ocrx_word' id='word_1_20' title='bbox 825 394 949 448; x_wconf 82' lang='grc' dir='ltr'><strong><em>μηδὲν</em></strong></span> <span class='ocrx_word' id='word_1_21' title='bbox 978 397 1194 462; x_wconf 79' lang='grc' dir='ltr'><em>καταλείπῃ</em></span> <span class='ocrx_word' id='word_1_22' title='bbox 1214 396 1257 436; x_wconf 77' lang='grc' dir='ltr'><strong><em>ἐν</em></strong></span> <span class='ocrx_word' id='word_1_23' title='bbox 1277 398 1333 450; x_wconf 77' lang='grc' dir='ltr'><strong><em>τῷ</em></strong></span> <span class='ocrx_word' id='word_1_24' title='bbox 1353 395 1526 463; x_wconf 80' lang='grc' dir='ltr'><strong><em>ἐνιαυτῳ</em></strong></span> <span class='ocrx_word' id='word_1_25' title='bbox 1546 394 1683 465; x_wconf 56' lang='grc' dir='ltr'><strong><em>έκείνρ)</em></strong></span> <span class='ocrx_word' id='word_1_26' title='bbox 1707 394 1764 434; x_wconf 82' lang='grc' dir='ltr'><strong><em>δί-</em></strong></span> 
     </span>
     <span class='ocr_line' id='line_1_4' title="bbox 302 436 1765 520; baseline -0.003 -25"><span class='ocrx_word' id='word_1_27' title='bbox 302 467 440 496; x_wconf 82' lang='grc' dir='ltr'><strong><em>σεκτον</em></strong></span> <span class='ocrx_word' id='word_1_28' title='bbox 461 454 631 507; x_wconf 86' lang='grc' dir='ltr'><strong><em>γίνεται,</em></strong></span> <span class='ocrx_word' id='word_1_29' title='bbox 664 450 796 520; x_wconf 81' lang='grc' dir='ltr'><strong><em>ω’σπερ</em></strong></span> <span class='ocrx_word' id='word_1_30' title='bbox 816 451 907 506; x_wconf 87' lang='grc' dir='ltr'><strong><em>περὶ</em></strong></span> <span class='ocrx_word' id='word_1_31' title='bbox 926 456 997 504; x_wconf 82' lang='grc' dir='ltr'><strong><em>τῆς</em></strong></span> <span class='ocrx_word' id='word_1_32' title='bbox 1017 449 1236 505; x_wconf 77' lang='grc' dir='ltr'><strong><em>μελλούσης</em></strong></span> <span class='ocrx_word' id='word_1_33' title='bbox 1254 451 1419 493; x_wconf 84' lang='grc' dir='ltr'><strong><em>εἰσιέναι</em></strong></span> <span class='ocrx_word' id='word_1_34' title='bbox 1435 448 1472 503; x_wconf 85' lang='grc' dir='ltr'><strong><em>η’</em></strong></span> <span class='ocrx_word' id='word_1_35' title='bbox 1493 436 1765 504; x_wconf 79' lang='grc' dir='ltr'><strong><em>έπινεμησεως</em></strong></span> 
     </span>
     <span class='ocr_line' id='line_1_5' title="bbox 304 504 1765 578; baseline -0.003 -27"><span class='ocrx_word' id='word_1_36' title='bbox 304 512 360 559; x_wconf 86' lang='grc' dir='ltr'><strong><em>εἰς</em></strong></span> <span class='ocrx_word' id='word_1_37' title='bbox 379 509 449 551; x_wconf 76' lang='grc' dir='ltr'><strong><em>τόν</em></strong></span> <span class='ocrx_word' id='word_1_38' title='bbox 468 509 638 561; x_wconf 84' lang='grc' dir='ltr'><strong><em>τέσσαρα</em></strong></span> <span class='ocrx_word' id='word_1_39' title='bbox 657 506 907 578; x_wconf 82' lang='grc' dir='ltr'><strong><em>μεριζόμενος</em></strong></span> <span class='ocrx_word' id='word_1_40' title='bbox 925 506 1043 550; x_wconf 77' lang='grc' dir='ltr'><strong><em>ου’δὲν</em></strong></span> <span class='ocrx_word' id='word_1_41' title='bbox 1060 504 1359 575; x_wconf 79' lang='grc' dir='ltr'><strong><em>καταλιμπανει.</em></strong></span> <span class='ocrx_word' id='word_1_42' title='bbox 1421 509 1576 562; x_wconf 91' lang='grc' dir='ltr'><strong><em>Ογδοον</em></strong></span> <span class='ocrx_word' id='word_1_43' title='bbox 1594 505 1670 561; x_wconf 74' lang='grc' dir='ltr'><strong><em>γὰρ</em></strong></span> <span class='ocrx_word' id='word_1_44' title='bbox 1689 506 1765 548; x_wconf 71' lang='grc' dir='ltr'><strong><em>ὕπ-</em></strong></span> 
     </span>
     <span class='ocr_line' id='line_1_6' title="bbox 304 561 1766 638; baseline -0.003 -30"><span class='ocrx_word' id='word_1_45' title='bbox 304 565 417 638; x_wconf 76' lang='grc' dir='ltr'><strong><em>άρχει</em></strong></span> <span class='ocrx_word' id='word_1_46' title='bbox 448 562 527 607; x_wconf 65' lang='lat' dir='ltr'><strong><em>vind</em></strong></span> <span class='ocrx_word' id='word_1_47' title='bbox 552 569 647 634; x_wconf 81' lang='grc' dir='ltr'><strong><em>τῆς</em></strong></span> <span class='ocrx_word' id='word_1_48' title='bbox 655 562 783 618; x_wconf 71' lang='grc' dir='ltr'><strong><em>αὐτῆς</em></strong></span> <span class='ocrx_word' id='word_1_49' title='bbox 813 562 973 632; x_wconf 75' lang='grc' dir='ltr'><strong><em>πρώτης</em></strong></span> <span class='ocrx_word' id='word_1_50' title='bbox 996 561 1276 618; x_wconf 80' lang='grc' dir='ltr'><strong><em>ἐπινεμησεως.</em></strong></span> <span class='ocrx_word' id='word_1_51' title='bbox 1340 566 1502 622; x_wconf 89' lang='grc' dir='ltr'><strong><em>Ομοίως</em></strong></span> <span class='ocrx_word' id='word_1_52' title='bbox 1537 563 1580 605; x_wconf 82' lang='grc' dir='ltr'><strong><em>δὲ</em></strong></span> <span class='ocrx_word' id='word_1_53' title='bbox 1610 563 1680 604; x_wconf 82' lang='grc' dir='ltr'><strong><em>καὶ</em></strong></span> <span class='ocrx_word' id='word_1_54' title='bbox 1709 564 1766 612; x_wconf 86' lang='grc' dir='ltr'><strong><em>εἷς</em></strong></span> 
     </span>
     <span class='ocr_line' id='line_1_7' title="bbox 300 617 1765 676; baseline -0.003 -12"><span class='ocrx_word' id='word_1_55' title='bbox 300 622 346 665; x_wconf 66' lang='lat' dir='ltr'><strong><em>vo*</em></strong></span> <span class='ocrx_word' id='word_1_56' title='bbox 375 619 462 676; x_wconf 73' lang='grc' dir='ltr'><strong><em>ιβ’</em></strong></span> <span class='ocrx_word' id='word_1_57' title='bbox 449 623 534 670; x_wconf 90' lang='grc' dir='ltr'><strong><em>ε’τος</em></strong></span> <span class='ocrx_word' id='word_1_58' title='bbox 555 620 601 663; x_wconf 75' lang='grc' dir='ltr'><strong><em>τό</em></strong></span> <span class='ocrx_word' id='word_1_59' title='bbox 622 617 704 663; x_wconf 75' lang='grc' dir='ltr'><strong><em>ἆπδ</em></strong></span> <span class='ocrx_word' id='word_1_60' title='bbox 725 626 798 674; x_wconf 81' lang='grc' dir='ltr'><strong><em>τῆς</em></strong></span> <span class='ocrx_word' id='word_1_61' title='bbox 819 619 981 676; x_wconf 80' lang='grc' dir='ltr'><strong><em>πρώτης</em></strong></span> <span class='ocrx_word' id='word_1_62' title='bbox 1008 619 1299 674; x_wconf 79' lang='grc' dir='ltr'><strong><em>έπινεμήσεως,</em></strong></span> <span class='ocrx_word' id='word_1_63' title='bbox 1327 621 1396 661; x_wconf 83' lang='grc' dir='ltr'><strong><em>καὶ</em></strong></span> <span class='ocrx_word' id='word_1_64' title='bbox 1426 622 1482 669; x_wconf 86' lang='grc' dir='ltr'><strong><em>εἰς</em></strong></span> <span class='ocrx_word' id='word_1_65' title='bbox 1513 619 1578 662; x_wconf 85' lang='grc' dir='ltr'><strong><em>τὸν</em></strong></span> <span class='ocrx_word' id='word_1_66' title='bbox 1600 617 1664 671; x_wconf 86' lang='grc' dir='ltr'><strong><em>ις’,</em></strong></span> <span class='ocrx_word' id='word_1_67' title='bbox 1695 619 1765 660; x_wconf 80' lang='grc' dir='ltr'><strong><em>καὶ</em></strong></span> 
     </span>
     <span class='ocr_line' id='line_1_8' title="bbox 300 674 1763 748; baseline -0.002 -27"><span class='ocrx_word' id='word_1_68' title='bbox 300 681 446 732; x_wconf 79' lang='grc' dir='ltr'><strong><em>ἐφεξῆς</em></strong></span> <span class='ocrx_word' id='word_1_69' title='bbox 477 677 677 727; x_wconf 82' lang='grc' dir='ltr'><strong><em>ωσαύτως.</em></strong></span> <span class='ocrx_word' id='word_1_70' title='bbox 744 676 801 719; x_wconf 68' lang='lat' dir='ltr'><strong><em>To?</em></strong></span> <span class='ocrx_word' id='word_1_71' title='bbox 829 695 905 734; x_wconf 88' lang='grc' dir='ltr'><strong><em>γαρ</em></strong></span> <span class='ocrx_word' id='word_1_72' title='bbox 935 676 1032 731; x_wconf 76' lang='grc' dir='ltr'><strong><em>μετοῖ</em></strong></span> <span class='ocrx_word' id='word_1_73' title='bbox 1061 681 1136 719; x_wconf 84' lang='grc' dir='ltr'><strong><em>τοῦ</em></strong></span> <span class='ocrx_word' id='word_1_74' title='bbox 1148 691 1359 748; x_wconf 90' lang='grc' dir='ltr'><strong><em>μερισμου</em></strong></span> <span class='ocrx_word' id='word_1_75' title='bbox 1388 681 1461 718; x_wconf 84' lang='grc' dir='ltr'><strong><em>τοῦ</em></strong></span> <span class='ocrx_word' id='word_1_76' title='bbox 1485 674 1535 728; x_wconf 86' lang='grc' dir='ltr'><strong><em>δ’,</em></strong></span> <span class='ocrx_word' id='word_1_77' title='bbox 1567 693 1621 726; x_wconf 86' lang='grc' dir='ltr'><strong><em>ως</em></strong></span> <span class='ocrx_word' id='word_1_78' title='bbox 1647 675 1763 726; x_wconf 71' lang='grc' dir='ltr'><strong><em>εἰκὸς,</em></strong></span> 
     </span>
    </p>
   </div>
   <div class='ocr_carea' id='block_1_3' title="bbox 153 710 1764 789">
    <p class='ocr_par' dir='ltr' id='par_1_3' title="bbox 153 710 1764 789">
     <span class='ocr_line' id='line_1_9' title="bbox 153 710 1764 789; baseline -0.004 -8"><span class='ocrx_word' id='word_1_79' title='bbox 153 746 184 780; x_wconf 90' lang='lat' dir='ltr'><strong>V</strong></span> <span class='ocrx_word' id='word_1_80' title='bbox 207 746 276 781; x_wconf 85' lang='grc'><strong><em>382</em></strong></span> <span class='ocrx_word' id='word_1_81' title='bbox 299 732 679 789; x_wconf 85' lang='grc' dir='ltr'><strong><em>καταλιμπανόμενα</em></strong></span> <span class='ocrx_word' id='word_1_82' title='bbox 705 731 808 776; x_wconf 71' lang='grc' dir='ltr'><strong><em>αὐτά</em></strong></span> <span class='ocrx_word' id='word_1_83' title='bbox 843 736 919 776; x_wconf 85' lang='grc' dir='ltr'><strong><em>εἰσι</em></strong></span> <span class='ocrx_word' id='word_1_84' title='bbox 949 733 998 775; x_wconf 73' lang='grc' dir='ltr'><strong><em>τοὶ</em></strong></span> <span class='ocrx_word' id='word_1_85' title='bbox 1021 734 1086 787; x_wconf 83' lang='grc' dir='ltr'><strong><em>ε’τη</em></strong></span> <span class='ocrx_word' id='word_1_86' title='bbox 1109 732 1158 775; x_wconf 73' lang='grc' dir='ltr'><strong><em>τοὶ</em></strong></span> <span class='ocrx_word' id='word_1_87' title='bbox 1186 733 1282 788; x_wconf 78' lang='grc' dir='ltr'><strong><em>μετοὲ</em></strong></span> <span class='ocrx_word' id='word_1_88' title='bbox 1312 732 1358 776; x_wconf 82' lang='grc' dir='ltr'><em>τό</em></span> <span class='ocrx_word' id='word_1_89' title='bbox 1389 710 1584 785; x_wconf 75' lang='grc' dir='ltr'><strong><em>δίσεξτδν,</em></strong></span> <span class='ocrx_word' id='word_1_90' title='bbox 1617 733 1692 775; x_wconf 74' lang='grc' dir='ltr'><strong><em>εἴτε</em></strong></span> <span class='ocrx_word' id='word_1_91' title='bbox 1716 733 1764 774; x_wconf 67' lang='grc' dir='ltr'><strong><em>ἓν</em></strong></span> 
     </span>
    </p>
   </div>
   <div class='ocr_carea' id='block_1_4' title="bbox 100 1842 243 1889">
    <p class='ocr_par' dir='ltr' id='par_1_4' title="bbox 100 1842 243 1889">
     <span class='ocr_line' id='line_1_10' title="bbox 100 1842 243 1889; baseline 0 -11"><span class='ocrx_word' id='word_1_92' title='bbox 100 1845 113 1859; x_wconf 81' lang='grc'><em>“</em></span> <span class='ocrx_word' id='word_1_93' title='bbox 136 1842 243 1889; x_wconf 78' lang='grc' dir='ltr'><strong><em>χάριν</em></strong></span> 
     </span>
    </p>
   </div>
   <div class='ocr_carea' id='block_1_5' title="bbox 68 1892 273 1935">
    <p class='ocr_par' dir='ltr' id='par_1_5' title="bbox 68 1892 273 1935">
     <span class='ocr_line' id='line_1_11' title="bbox 68 1892 273 1935; baseline -0.005 -10"><span class='ocrx_word' id='word_1_94' title='bbox 68 1892 273 1935; x_wconf 75' lang='grc' dir='ltr'><strong><em>ζητουντες.</em></strong></span> 
     </span>
    </p>
   </div>
   <div class='ocr_carea' id='block_1_6' title="bbox 292 786 1766 1600">
    <p class='ocr_par' dir='ltr' id='par_1_6' title="bbox 292 786 1764 1582">
     <span class='ocr_line' id='line_1_12' title="bbox 296 786 1763 859; baseline -0.003 -25"><span class='ocrx_word' id='word_1_95' title='bbox 296 793 608 844; x_wconf 79' lang='grc' dir='ltr'><strong><em>καταλειφθείη,</em></strong></span> <span class='ocrx_word' id='word_1_96' title='bbox 640 792 715 833; x_wconf 77' lang='grc' dir='ltr'><strong><em>εἴτε</em></strong></span> <span class='ocrx_word' id='word_1_97' title='bbox 737 788 832 842; x_wconf 87' lang='grc' dir='ltr'><strong><em>δυό,</em></strong></span> <span class='ocrx_word' id='word_1_98' title='bbox 864 792 940 833; x_wconf 74' lang='grc' dir='ltr'><strong><em>εἴτε</em></strong></span> <span class='ocrx_word' id='word_1_99' title='bbox 965 792 1075 859; x_wconf 89' lang='grc' dir='ltr'><strong><em>τρία·</em></strong></span> <span class='ocrx_word' id='word_1_100' title='bbox 1109 807 1166 831; x_wconf 91' lang='grc' dir='ltr'><strong><em>ων</em></strong></span> <span class='ocrx_word' id='word_1_101' title='bbox 1198 807 1341 839; x_wconf 89' lang='grc' dir='ltr'><strong><em>τινων,</em></strong></span> <span class='ocrx_word' id='word_1_102' title='bbox 1374 807 1429 840; x_wconf 89' lang='grc' dir='ltr'><strong><em>ως</em></strong></span> <span class='ocrx_word' id='word_1_103' title='bbox 1461 791 1635 845; x_wconf 80' lang='grc' dir='ltr'><strong><em>εἷ’,ρηται</em></strong></span> <span class='ocrx_word' id='word_1_104' title='bbox 1659 788 1705 838; x_wconf 74' lang='grc' dir='ltr'><strong><em>τό</em></strong></span> <span class='ocrx_word' id='word_1_105' title='bbox 1728 786 1763 830; x_wconf 84' lang='grc' dir='ltr'><strong><em>δ’</em></strong></span> 
     </span>
     <span class='ocr_line' id='line_1_13' title="bbox 300 843 1764 921; baseline -0.003 -29"><span class='ocrx_word' id='word_1_106' title='bbox 300 847 349 893; x_wconf 78' lang='grc' dir='ltr'><strong><em>οὗ</em></strong></span> <span class='ocrx_word' id='word_1_107' title='bbox 378 848 636 918; x_wconf 78' lang='grc' dir='ltr'><strong><em>λαμβάνομεν</em></strong></span> <span class='ocrx_word' id='word_1_108' title='bbox 652 848 778 921; x_wconf 81' lang='grc' dir='ltr'><strong><em>μέχρι</em></strong></span> <span class='ocrx_word' id='word_1_109' title='bbox 805 843 857 890; x_wconf 84' lang='grc' dir='ltr'><strong><em>οὑ</em></strong></span> <span class='ocrx_word' id='word_1_110' title='bbox 881 865 902 889; x_wconf 94' lang='grc' dir='ltr'><strong><em>ο</em></strong></span> <span class='ocrx_word' id='word_1_111' title='bbox 924 863 1004 888; x_wconf 90' lang='grc' dir='ltr'><strong><em>των</em></strong></span> <span class='ocrx_word' id='word_1_112' title='bbox 1036 844 1069 888; x_wconf 88' lang='grc' dir='ltr'><strong><em>δ’</em></strong></span> <span class='ocrx_word' id='word_1_113' title='bbox 1090 848 1190 888; x_wconf 82' lang='grc' dir='ltr'><strong><em>ἐτων</em></strong></span> <span class='ocrx_word' id='word_1_114' title='bbox 1220 844 1397 919; x_wconf 65' lang='grc' dir='ltr'><strong><em>ἀριθμός</em></strong></span> <span class='ocrx_word' id='word_1_115' title='bbox 1419 850 1621 918; x_wconf 76' lang='grc' dir='ltr'><strong><em>πληρωθῇ</em></strong></span> <span class='ocrx_word' id='word_1_116' title='bbox 1635 880 1647 899; x_wconf 91' lang='grc'><strong><em>,</em></strong></span> <span class='ocrx_word' id='word_1_117' title='bbox 1674 844 1764 889; x_wconf 83' lang='grc' dir='ltr'><strong><em>τότε</em></strong></span> 
     </span>
     <span class='ocr_line' id='line_1_14' title="bbox 298 902 1766 974; baseline -0.003 -25"><span class='ocrx_word' id='word_1_118' title='bbox 298 907 367 949; x_wconf 82' lang='grc' dir='ltr'><strong><em>καὶ</em></strong></span> <span class='ocrx_word' id='word_1_119' title='bbox 386 905 430 948; x_wconf 73' lang='lat' dir='ltr'><strong><em>vd</em></strong></span> <span class='ocrx_word' id='word_1_120' title='bbox 451 903 483 947; x_wconf 87' lang='grc' dir='ltr'><strong><em>δ’</em></strong></span> <span class='ocrx_word' id='word_1_121' title='bbox 503 902 636 946; x_wconf 71' lang='grc' dir='ltr'><strong><em>αὐτων</em></strong></span> <span class='ocrx_word' id='word_1_122' title='bbox 652 906 700 945; x_wconf 90' lang='grc' dir='ltr'><strong><em>εν</em></strong></span> <span class='ocrx_word' id='word_1_123' title='bbox 720 907 880 974; x_wconf 79' lang='grc' dir='ltr'><strong><em>γίνεται.</em></strong></span> <span class='ocrx_word' id='word_1_124' title='bbox 940 909 1018 945; x_wconf 89' lang='grc' dir='ltr'><strong><em>Δεῖ</em></strong></span> <span class='ocrx_word' id='word_1_125' title='bbox 1041 921 1118 945; x_wconf 92' lang='grc' dir='ltr'><strong><em>ουν</em></strong></span> <span class='ocrx_word' id='word_1_126' title='bbox 1147 902 1191 945; x_wconf 85' lang='grc' dir='ltr'><strong><em>τὸ</em></strong></span> <span class='ocrx_word' id='word_1_127' title='bbox 1215 906 1262 944; x_wconf 65' lang='lat' dir='ltr'><strong><em>‘ev</em></strong></span> <span class='ocrx_word' id='word_1_128' title='bbox 1284 902 1329 945; x_wconf 74' lang='lat'><strong><em>756</em></strong></span> <span class='ocrx_word' id='word_1_129' title='bbox 1357 902 1438 945; x_wconf 80' lang='grc' dir='ltr'><strong><em>ἀπὸ</em></strong></span> <span class='ocrx_word' id='word_1_130' title='bbox 1467 907 1542 945; x_wconf 83' lang='grc' dir='ltr'><strong><em>τοῦ</em></strong></span> <span class='ocrx_word' id='word_1_131' title='bbox 1567 906 1766 958; x_wconf 80' lang='grc' dir='ltr'><strong><em>μερισμοῦ</em></strong></span> 
     </span>
     <span class='ocr_line' id='line_1_15' title="bbox 298 957 1764 1033; baseline -0.003 -28"><span class='ocrx_word' id='word_1_132' title='bbox 298 966 373 1005; x_wconf 80' lang='grc' dir='ltr'><strong><em>τοῦ</em></strong></span> <span class='ocrx_word' id='word_1_133' title='bbox 393 963 427 1005; x_wconf 82' lang='grc' dir='ltr'><strong><em>δ’</em></strong></span> <span class='ocrx_word' id='word_1_134' title='bbox 442 966 523 1003; x_wconf 77' lang='grc' dir='ltr'><strong><em>τῶν</em></strong></span> <span class='ocrx_word' id='word_1_135' title='bbox 542 958 577 1011; x_wconf 85' lang='grc' dir='ltr'><strong><em>ζ’</em></strong></span> <span class='ocrx_word' id='word_1_136' title='bbox 601 961 701 1003; x_wconf 75' lang='grc' dir='ltr'><strong><em>ἐτῶν</em></strong></span> <span class='ocrx_word' id='word_1_137' title='bbox 722 958 802 1003; x_wconf 85' lang='grc' dir='ltr'><strong><em>α’πὸ</em></strong></span> <span class='ocrx_word' id='word_1_138' title='bbox 823 965 896 1014; x_wconf 83' lang='grc' dir='ltr'><strong><em>τῆς</em></strong></span> <span class='ocrx_word' id='word_1_139' title='bbox 917 959 954 1001; x_wconf 82' lang='grc' dir='ltr'><strong><em>α’</em></strong></span> <span class='ocrx_word' id='word_1_140' title='bbox 974 957 1247 1033; x_wconf 68' lang='grc' dir='ltr'><strong><em>ἐπινεμησεως</em></strong></span> <span class='ocrx_word' id='word_1_141' title='bbox 1276 960 1394 1015; x_wconf 89' lang='grc' dir='ltr'><strong><em>μέχρι</em></strong></span> <span class='ocrx_word' id='word_1_142' title='bbox 1415 964 1488 1014; x_wconf 85' lang='grc' dir='ltr'><strong><em>τῆς</em></strong></span> <span class='ocrx_word' id='word_1_143' title='bbox 1506 960 1764 1019; x_wconf 81' lang='grc' dir='ltr'><strong><em>ἐνισταμένης</em></strong></span> 
     </span>
     <span class='ocr_line' id='line_1_16' title="bbox 298 1015 1762 1086; baseline -0.002 -24.956"><span class='ocrx_word' id='word_1_144' title='bbox 298 1018 472 1074; x_wconf 75' lang='grc' dir='ltr'><strong><em>ἑβδόμης</em></strong></span> <span class='ocrx_word' id='word_1_145' title='bbox 488 1015 703 1073; x_wconf 86' lang='grc' dir='ltr'><strong><em>γινόμενον</em></strong></span> <span class='ocrx_word' id='word_1_146' title='bbox 721 1022 975 1086; x_wconf 86' lang='grc' dir='ltr'><strong><em>προσθεῖναι</em></strong></span> <span class='ocrx_word' id='word_1_147' title='bbox 980 1022 1064 1065; x_wconf 86' lang='grc' dir='ltr'><strong><em>τοῖς</em></strong></span> <span class='ocrx_word' id='word_1_148' title='bbox 1081 1018 1131 1066; x_wconf 87' lang='grc' dir='ltr'><strong><em>ζ’</em></strong></span> <span class='ocrx_word' id='word_1_149' title='bbox 1119 1018 1231 1058; x_wconf 88' lang='grc' dir='ltr'><strong><em>ε’τεσι.</em></strong></span> <span class='ocrx_word' id='word_1_150' title='bbox 1292 1019 1481 1058; x_wconf 85' lang='grc' dir='ltr'><strong><em>Γίνονται</em></strong></span> <span class='ocrx_word' id='word_1_151' title='bbox 1513 1019 1589 1058; x_wconf 87' lang='grc' dir='ltr'><strong><em>οὐν</em></strong></span> <span class='ocrx_word' id='word_1_152' title='bbox 1614 1033 1662 1058; x_wconf 88' lang='grc' dir='ltr'><strong><em>τα</em></strong></span> <span class='ocrx_word' id='word_1_153' title='bbox 1695 1017 1762 1070; x_wconf 86' lang='grc' dir='ltr'><strong><em>ε’τη</em></strong></span> 
     </span>
     <span class='ocr_line' id='line_1_17' title="bbox 299 1070 1761 1145; baseline -0.002 -27"><span class='ocrx_word' id='word_1_154' title='bbox 299 1075 374 1119; x_wconf 90' lang='grc' dir='ltr'><strong><em>συν</em></strong></span> <span class='ocrx_word' id='word_1_155' title='bbox 399 1080 453 1145; x_wconf 84' lang='grc' dir='ltr'><strong><em>τῇ</em></strong></span> <span class='ocrx_word' id='word_1_156' title='bbox 471 1074 690 1142; x_wconf 81' lang='grc' dir='ltr'><strong><em>προσθέσει</em></strong></span> <span class='ocrx_word' id='word_1_157' title='bbox 710 1091 781 1116; x_wconf 88' lang='grc' dir='ltr'><strong><em>του</em></strong></span> <span class='ocrx_word' id='word_1_158' title='bbox 810 1071 843 1115; x_wconf 82' lang='grc' dir='ltr'><strong><em>δ’</em></strong></span> <span class='ocrx_word' id='word_1_159' title='bbox 864 1077 921 1130; x_wconf 79' lang='grc' dir='ltr'><strong><em>τῷ</em></strong></span> <span class='ocrx_word' id='word_1_160' title='bbox 949 1071 1116 1128; x_wconf 80' lang='grc' dir='ltr'><strong><em>αριθμω</em></strong></span> <span class='ocrx_word' id='word_1_161' title='bbox 1135 1070 1191 1126; x_wconf 77' lang='grc' dir='ltr'><strong><em>η’·</em></strong></span> <span class='ocrx_word' id='word_1_162' title='bbox 1223 1070 1293 1126; x_wconf 83' lang='grc' dir='ltr'><strong><em>αφ’</em></strong></span> <span class='ocrx_word' id='word_1_163' title='bbox 1311 1091 1369 1115; x_wconf 90' lang='grc' dir='ltr'><strong><em>ων</em></strong></span> <span class='ocrx_word' id='word_1_164' title='bbox 1392 1074 1486 1115; x_wconf 88' lang='grc' dir='ltr'><strong><em>δέον</em></strong></span> <span class='ocrx_word' id='word_1_165' title='bbox 1511 1070 1674 1126; x_wconf 85' lang='grc' dir='ltr'><strong><em>αφελεῖν</em></strong></span> <span class='ocrx_word' id='word_1_166' title='bbox 1700 1075 1761 1144; x_wconf 64' lang='grc' dir='ltr'><strong><em>ἓν,</em></strong></span> 
     </span>
     <span class='ocr_line' id='line_1_18' title="bbox 295 1120 1762 1187; baseline -0.002 -13"><span class='ocrx_word' id='word_1_167' title='bbox 295 1132 407 1174; x_wconf 80' lang='grc' dir='ltr'><strong><em>καθα</em></strong></span> <span class='ocrx_word' id='word_1_168' title='bbox 429 1120 751 1187; x_wconf 82' lang='grc' dir='ltr'><strong><em>προδεδήλωται,</em></strong></span> <span class='ocrx_word' id='word_1_169' title='bbox 778 1130 846 1171; x_wconf 85' lang='grc' dir='ltr'><strong><em>καὶ</em></strong></span> <span class='ocrx_word' id='word_1_170' title='bbox 867 1127 988 1171; x_wconf 90' lang='grc' dir='ltr'><strong><em>παλιν</em></strong></span> <span class='ocrx_word' id='word_1_171' title='bbox 1015 1134 1183 1183; x_wconf 83' lang='grc' dir='ltr'><strong><em>μενοῦσι</em></strong></span> <span class='ocrx_word' id='word_1_172' title='bbox 1200 1134 1258 1184; x_wconf 80' lang='grc' dir='ltr'><strong><em>τῷ</em></strong></span> <span class='ocrx_word' id='word_1_173' title='bbox 1279 1127 1444 1186; x_wconf 89' lang='grc' dir='ltr'><strong><em>αριθμω</em></strong></span> <span class='ocrx_word' id='word_1_174' title='bbox 1463 1127 1510 1179; x_wconf 83' lang='grc' dir='ltr'><strong><em>ζ’.</em></strong></span> <span class='ocrx_word' id='word_1_175' title='bbox 1573 1129 1664 1185; x_wconf 90' lang='grc' dir='ltr'><strong><em>Χρη</em></strong></span> <span class='ocrx_word' id='word_1_176' title='bbox 1684 1125 1762 1172; x_wconf 82' lang='grc' dir='ltr'><strong><em>οὖν</em></strong></span> 
     </span>
     <span class='ocr_line' id='line_1_19' title="bbox 296 1183 1761 1258; baseline -0.002 -27"><span class='ocrx_word' id='word_1_177' title='bbox 296 1188 453 1238; x_wconf 84' lang='grc' dir='ltr'><strong><em>τούτοις</em></strong></span> <span class='ocrx_word' id='word_1_178' title='bbox 483 1191 733 1258; x_wconf 85' lang='grc' dir='ltr'><strong><em>προσθηναι</em></strong></span> <span class='ocrx_word' id='word_1_179' title='bbox 751 1186 826 1240; x_wconf 80' lang='grc' dir='ltr'><strong><em>τη“ν</em></strong></span> <span class='ocrx_word' id='word_1_180' title='bbox 859 1187 1171 1256; x_wconf 78' lang='grc' dir='ltr'><strong><em>ἐπιζητουμένην</em></strong></span> <span class='ocrx_word' id='word_1_181' title='bbox 1196 1187 1375 1240; x_wconf 89' lang='grc' dir='ltr'><strong><em>ημέραν,</em></strong></span> <span class='ocrx_word' id='word_1_182' title='bbox 1404 1187 1599 1238; x_wconf 83' lang='grc' dir='ltr'><strong><em>τουτέστι,</em></strong></span> <span class='ocrx_word' id='word_1_183' title='bbox 1630 1186 1705 1240; x_wconf 84' lang='grc' dir='ltr'><strong><em>τη“ν</em></strong></span> <span class='ocrx_word' id='word_1_184' title='bbox 1735 1183 1761 1228; x_wconf 82' lang='grc' dir='ltr'><strong><em>ι’</em></strong></span> 
     </span>
     <span class='ocr_line' id='line_1_20' title="bbox 295 1240 1762 1314; baseline -0.002 -26"><span class='ocrx_word' id='word_1_185' title='bbox 295 1251 369 1288; x_wconf 81' lang='grc' dir='ltr'><strong><em>τοῦ</em></strong></span> <span class='ocrx_word' id='word_1_186' title='bbox 383 1246 607 1313; x_wconf 89' lang='grc' dir='ltr'><strong><em>Απριλλίου</em></strong></span> <span class='ocrx_word' id='word_1_187' title='bbox 627 1241 775 1297; x_wconf 75' lang='grc' dir='ltr'><strong><em>μηνός,</em></strong></span> <span class='ocrx_word' id='word_1_188' title='bbox 814 1259 904 1296; x_wconf 88' lang='grc' dir='ltr'><strong><em>ητις</em></strong></span> <span class='ocrx_word' id='word_1_189' title='bbox 919 1243 1002 1284; x_wconf 79' lang='grc' dir='ltr'><strong><em>ἐστὶ</em></strong></span> <span class='ocrx_word' id='word_1_190' title='bbox 1018 1259 1099 1296; x_wconf 90' lang='grc' dir='ltr'><strong><em>παρ</em></strong></span> <span class='ocrx_word' id='word_1_191' title='bbox 1100 1240 1420 1314; x_wconf 80' lang='grc' dir='ltr'><strong><em>Ἀλεξανδρεῦσι</em></strong></span> <span class='ocrx_word' id='word_1_192' title='bbox 1440 1241 1498 1285; x_wconf 90' lang='grc' dir='ltr'><strong><em>ιε’.</em></strong></span> <span class='ocrx_word' id='word_1_193' title='bbox 1530 1249 1608 1285; x_wconf 87' lang='grc' dir='ltr'><strong><em>Δεῖ</em></strong></span> <span class='ocrx_word' id='word_1_194' title='bbox 1621 1246 1762 1285; x_wconf 84' lang='grc' dir='ltr'><strong><em>τοίνυν</em></strong></span> 
     </span>
     <span class='ocr_line' id='line_1_21' title="bbox 296 1296 1758 1369; baseline -0.002 -25"><span class='ocrx_word' id='word_1_195' title='bbox 296 1320 369 1351; x_wconf 87' lang='grc' dir='ltr'><strong><em>τας</em></strong></span> <span class='ocrx_word' id='word_1_196' title='bbox 388 1319 421 1344; x_wconf 92' lang='grc' dir='ltr'><strong><em>ιε</em></strong></span> <span class='ocrx_word' id='word_1_197' title='bbox 440 1299 586 1349; x_wconf 78' lang='grc' dir='ltr'><strong><em>ταύτας</em></strong></span> <span class='ocrx_word' id='word_1_198' title='bbox 607 1305 851 1354; x_wconf 84' lang='grc' dir='ltr'><strong><em>προσθεῖναι</em></strong></span> <span class='ocrx_word' id='word_1_199' title='bbox 873 1304 957 1348; x_wconf 90' lang='grc' dir='ltr'><strong><em>τοῖς</em></strong></span> <span class='ocrx_word' id='word_1_200' title='bbox 986 1298 1084 1340; x_wconf 79' lang='grc' dir='ltr'><strong><em>ἓπτοὲ</em></strong></span> <span class='ocrx_word' id='word_1_201' title='bbox 1107 1305 1191 1348; x_wconf 87' lang='grc' dir='ltr'><strong><em>τοῖς</em></strong></span> <span class='ocrx_word' id='word_1_202' title='bbox 1220 1299 1317 1369; x_wconf 80' lang='grc' dir='ltr'><strong><em>μετοὶ</em></strong></span> <span class='ocrx_word' id='word_1_203' title='bbox 1346 1317 1420 1353; x_wconf 90' lang='grc' dir='ltr'><strong><em>την</em></strong></span> <span class='ocrx_word' id='word_1_204' title='bbox 1449 1296 1663 1355; x_wconf 62' lang='grc' dir='ltr'><strong><em>ἀφαίρεσιν</em></strong></span> <span class='ocrx_word' id='word_1_205' title='bbox 1685 1317 1758 1341; x_wconf 90' lang='grc' dir='ltr'><strong><em>του</em></strong></span> 
     </span>
     <span class='ocr_line' id='line_1_22' title="bbox 297 1353 1761 1411; baseline -0.002 -10"><span class='ocrx_word' id='word_1_206' title='bbox 297 1358 404 1410; x_wconf 75' lang='grc' dir='ltr'><strong><em>ἑνὸς,</em></strong></span> <span class='ocrx_word' id='word_1_207' title='bbox 437 1358 504 1399; x_wconf 84' lang='grc' dir='ltr'><strong><em>καὶ</em></strong></span> <span class='ocrx_word' id='word_1_208' title='bbox 523 1359 704 1411; x_wconf 88' lang='grc' dir='ltr'><strong><em>γίνονται</em></strong></span> <span class='ocrx_word' id='word_1_209' title='bbox 724 1353 799 1409; x_wconf 75' lang='grc' dir='ltr'><strong><em>κβ.</em></strong></span> <span class='ocrx_word' id='word_1_210' title='bbox 857 1356 964 1397; x_wconf 83' lang='grc' dir='ltr'><strong><em>Δέον</em></strong></span> <span class='ocrx_word' id='word_1_211' title='bbox 992 1354 1036 1396; x_wconf 82' lang='grc' dir='ltr'><strong><em>δὲ</em></strong></span> <span class='ocrx_word' id='word_1_212' title='bbox 1067 1359 1260 1410; x_wconf 84' lang='grc' dir='ltr'><strong><em>μετρησαι</em></strong></span> <span class='ocrx_word' id='word_1_213' title='bbox 1287 1353 1367 1398; x_wconf 62' lang='lat' dir='ltr'><em>‹inc›</em></span> <span class='ocrx_word' id='word_1_214' title='bbox 1388 1360 1461 1398; x_wconf 84' lang='grc' dir='ltr'><strong><em>τοῦ</em></strong></span> <span class='ocrx_word' id='word_1_215' title='bbox 1482 1358 1761 1411; x_wconf 88' lang='grc' dir='ltr'><strong><em>Σεπτεμβρίου</em></strong></span> 
     </span>
     <span class='ocr_line' id='line_1_23' title="bbox 293 1413 1760 1468; baseline -0.002 -11"><span class='ocrx_word' id='word_1_216' title='bbox 293 1413 415 1458; x_wconf 88' lang='grc' dir='ltr'><strong><em>πόσοι</em></strong></span> <span class='ocrx_word' id='word_1_217' title='bbox 438 1418 563 1468; x_wconf 83' lang='grc' dir='ltr'><strong><em>μῆνες</em></strong></span> <span class='ocrx_word' id='word_1_218' title='bbox 582 1413 684 1454; x_wconf 84' lang='grc' dir='ltr'><strong><em>εἰσὶν</em></strong></span> <span class='ocrx_word' id='word_1_219' title='bbox 707 1413 781 1462; x_wconf 89' lang='grc' dir='ltr'><strong><em>ε’ως</em></strong></span> <span class='ocrx_word' id='word_1_220' title='bbox 799 1416 874 1454; x_wconf 81' lang='grc' dir='ltr'><strong><em>τοῦ</em></strong></span> <span class='ocrx_word' id='word_1_221' title='bbox 888 1413 1214 1465; x_wconf 82' lang='grc' dir='ltr'><strong><em>ἐπιζητουμένου</em></strong></span> <span class='ocrx_word' id='word_1_222' title='bbox 1217 1411 1365 1466; x_wconf 82' lang='grc' dir='ltr'><strong><em>μηνὸς,</em></strong></span> <span class='ocrx_word' id='word_1_223' title='bbox 1387 1413 1584 1464; x_wconf 81' lang='grc' dir='ltr'><strong><em>τουτέστι,</em></strong></span> <span class='ocrx_word' id='word_1_224' title='bbox 1604 1416 1760 1468; x_wconf 87' lang='grc' dir='ltr'><strong><em>Απριλ-</em></strong></span> 
     </span>
     <span class='ocr_line' id='line_1_24' title="bbox 293 1466 1762 1541; baseline -0.001 -27"><span class='ocrx_word' id='word_1_225' title='bbox 293 1474 403 1523; x_wconf 93' lang='grc' dir='ltr'><strong><em>λίου,</em></strong></span> <span class='ocrx_word' id='word_1_226' title='bbox 434 1471 502 1513; x_wconf 80' lang='grc' dir='ltr'><strong><em>καὶ</em></strong></span> <span class='ocrx_word' id='word_1_227' title='bbox 533 1471 610 1511; x_wconf 83' lang='grc' dir='ltr'><strong><em>εἰσι</em></strong></span> <span class='ocrx_word' id='word_1_228' title='bbox 627 1466 678 1522; x_wconf 82' lang='grc' dir='ltr'><strong><em>η’,</em></strong></span> <span class='ocrx_word' id='word_1_229' title='bbox 708 1469 779 1510; x_wconf 86' lang='grc' dir='ltr'><strong><em>καὶ</em></strong></span> <span class='ocrx_word' id='word_1_230' title='bbox 802 1466 971 1517; x_wconf 79' lang='grc' dir='ltr'><strong><em>τούτους</em></strong></span> <span class='ocrx_word' id='word_1_231' title='bbox 1002 1466 1327 1537; x_wconf 76' lang='grc' dir='ltr'><strong><em>διπλασιάζοντες</em></strong></span> <span class='ocrx_word' id='word_1_232' title='bbox 1353 1486 1401 1510; x_wconf 90' lang='grc' dir='ltr'><strong><em>τα</em></strong></span> <span class='ocrx_word' id='word_1_233' title='bbox 1422 1468 1471 1517; x_wconf 79' lang='grc' dir='ltr'><strong><em>ις’</em></strong></span> <span class='ocrx_word' id='word_1_234' title='bbox 1489 1472 1762 1541; x_wconf 84' lang='grc' dir='ltr'><strong><em>προστίθεμεν</em></strong></span> 
     </span>
     <span class='ocr_line' id='line_1_25' title="bbox 292 1522 1760 1600; baseline -0.001 -30"><span class='ocrx_word' id='word_1_235' title='bbox 292 1534 378 1578; x_wconf 91' lang='grc' dir='ltr'><strong><em>τοῖς</em></strong></span> <span class='ocrx_word' id='word_1_236' title='bbox 389 1526 470 1600; x_wconf 58' lang='grc' dir='ltr'><strong><em>κβ,,</em></strong></span> <span class='ocrx_word' id='word_1_237' title='bbox 500 1527 568 1568; x_wconf 87' lang='grc' dir='ltr'><strong><em>καὶ</em></strong></span> <span class='ocrx_word' id='word_1_238' title='bbox 584 1528 766 1580; x_wconf 89' lang='grc' dir='ltr'><strong><em>γίνονται</em></strong></span> <span class='ocrx_word' id='word_1_239' title='bbox 784 1529 844 1581; x_wconf 76' lang='grc' dir='ltr'><strong><em>τῷ</em></strong></span> <span class='ocrx_word' id='word_1_240' title='bbox 866 1522 1030 1597; x_wconf 78' lang='grc' dir='ltr'><strong><em>αριθμῷ</em></strong></span> <span class='ocrx_word' id='word_1_241' title='bbox 1045 1523 1115 1579; x_wconf 86' lang='grc' dir='ltr'><strong><em>λη’.</em></strong></span> <span class='ocrx_word' id='word_1_242' title='bbox 1180 1530 1332 1567; x_wconf 85' lang='grc' dir='ltr'><strong><em>Τοῦτον</em></strong></span> <span class='ocrx_word' id='word_1_243' title='bbox 1361 1522 1438 1568; x_wconf 74' lang='grc' dir='ltr'><strong><em>οὖν</em></strong></span> <span class='ocrx_word' id='word_1_244' title='bbox 1463 1525 1511 1568; x_wconf 75' lang='lat' dir='ltr'><strong><em>vo?</em></strong></span> <span class='ocrx_word' id='word_1_245' title='bbox 1543 1543 1760 1581; x_wconf 85' lang='grc' dir='ltr'><strong><em>τριακοντα</em></strong></span> 
     </span>
    </p>
   </div>
   <div class='ocr_carea' id='block_1_7' title="bbox 292 1580 1832 1658">
    <p class='ocr_par' dir='ltr' id='par_1_7' title="bbox 292 1580 1832 1658">
     <span class='ocr_line' id='line_1_26' title="bbox 292 1580 1832 1658; baseline -0.002 -31"><span class='ocrx_word' id='word_1_246' title='bbox 292 1583 399 1628; x_wconf 81' lang='grc' dir='ltr'><strong><em>ὄκτω</em></strong></span> <span class='ocrx_word' id='word_1_247' title='bbox 414 1581 634 1658; x_wconf 69' lang='grc' dir='ltr'><strong><em>ἀριθμόν,</em></strong></span> <span class='ocrx_word' id='word_1_248' title='bbox 661 1584 900 1652; x_wconf 83' lang='grc' dir='ltr'><strong><em>μερίζοντες</em></strong></span> <span class='ocrx_word' id='word_1_249' title='bbox 928 1581 977 1623; x_wconf 75' lang='grc' dir='ltr'><strong><em>τοὶ</em></strong></span> <span class='ocrx_word' id='word_1_250' title='bbox 1007 1581 1124 1633; x_wconf 79' lang='grc' dir='ltr'><strong><em>ἑπτα,</em></strong></span> <span class='ocrx_word' id='word_1_251' title='bbox 1156 1580 1398 1653; x_wconf 76' lang='grc' dir='ltr'><strong><em>ἐκβάλλομεν</em></strong></span> <span class='ocrx_word' id='word_1_252' title='bbox 1425 1581 1598 1633; x_wconf 79' lang='grc' dir='ltr'><strong><em>ἓπτάδας</em></strong></span> <span class='ocrx_word' id='word_1_253' title='bbox 1627 1583 1758 1634; x_wconf 84' lang='grc' dir='ltr'><strong><em>πέντε,</em></strong></span> <span class='ocrx_word' id='word_1_254' title='bbox 1829 1616 1832 1620; x_wconf 90' lang='grc'>.</span> 
     </span>
    </p>
   </div>
   <div class='ocr_carea' id='block_1_8' title="bbox 291 1635 1758 1754">
    <p class='ocr_par' dir='ltr' id='par_1_8' title="bbox 291 1635 1758 1752">
     <span class='ocr_line' id='line_1_27' title="bbox 291 1635 1758 1710; baseline -0.001 -26"><span class='ocrx_word' id='word_1_255' title='bbox 291 1643 361 1684; x_wconf 81' lang='grc' dir='ltr'><strong><em>καὶ</em></strong></span> <span class='ocrx_word' id='word_1_256' title='bbox 379 1642 616 1710; x_wconf 88' lang='grc' dir='ltr'><strong><em>ευρίσκομεν</em></strong></span> <span class='ocrx_word' id='word_1_257' title='bbox 645 1635 927 1693; x_wconf 80' lang='grc' dir='ltr'><strong><em>οἷπομενούσας</em></strong></span> <span class='ocrx_word' id='word_1_258' title='bbox 951 1637 997 1693; x_wconf 88' lang='grc' dir='ltr'><strong><em>γ’,</em></strong></span> <span class='ocrx_word' id='word_1_259' title='bbox 1026 1639 1094 1680; x_wconf 82' lang='grc' dir='ltr'><strong><em>καὶ</em></strong></span> <span class='ocrx_word' id='word_1_260' title='bbox 1118 1639 1328 1691; x_wconf 82' lang='grc' dir='ltr'><strong><em>δηλοῦσι</em></strong></span> <span class='ocrx_word' id='word_1_261' title='bbox 1313 1639 1375 1682; x_wconf 88' lang='grc' dir='ltr'><strong><em>ότι</em></strong></span> <span class='ocrx_word' id='word_1_262' title='bbox 1404 1658 1430 1693; x_wconf 94' lang='grc' dir='ltr'><strong><em>η</em></strong></span> <span class='ocrx_word' id='word_1_263' title='bbox 1462 1637 1486 1681; x_wconf 91' lang='grc' dir='ltr'><strong><em>ι’</em></strong></span> <span class='ocrx_word' id='word_1_264' title='bbox 1515 1644 1590 1682; x_wconf 83' lang='grc' dir='ltr'><strong><em>τοῦ</em></strong></span> <span class='ocrx_word' id='word_1_265' title='bbox 1605 1643 1758 1695; x_wconf 57' lang='grc' dir='ltr'><strong><em>Λπριλὲ-</em></strong></span> 
     </span>
     <span class='ocr_line' id='line_1_28' title="bbox 291 1694 1471 1754; baseline -0.003 -14"><span class='ocrx_word' id='word_1_266' title='bbox 291 1701 379 1741; x_wconf 91' lang='grc' dir='ltr'><strong><em>λίου</em></strong></span> <span class='ocrx_word' id='word_1_267' title='bbox 399 1696 527 1752; x_wconf 79' lang='grc' dir='ltr'><strong><em>μηνός</em></strong></span> <span class='ocrx_word' id='word_1_268' title='bbox 549 1698 606 1746; x_wconf 85' lang='grc' dir='ltr'><strong><em>εἰς</em></strong></span> <span class='ocrx_word' id='word_1_269' title='bbox 624 1698 760 1751; x_wconf 89' lang='grc' dir='ltr'><strong><em>τρίτην</em></strong></span> <span class='ocrx_word' id='word_1_270' title='bbox 779 1695 934 1750; x_wconf 91' lang='grc' dir='ltr'><strong><em>ημέραν</em></strong></span> <span class='ocrx_word' id='word_1_271' title='bbox 955 1699 1027 1750; x_wconf 79' lang='grc' dir='ltr'><strong><em>τῆς</em></strong></span> <span class='ocrx_word' id='word_1_272' title='bbox 1045 1694 1267 1749; x_wconf 80' lang='grc' dir='ltr'><strong><em>ἕβδομαδος</em></strong></span> <span class='ocrx_word' id='word_1_273' title='bbox 1283 1699 1471 1754; x_wconf 76' lang='grc' dir='ltr'><strong><em>καταντᾷ.</em></strong></span> 
     </span>
    </p>
   </div>
   <div class='ocr_carea' id='block_1_9' title="bbox 289 1831 1756 2057">
    <p class='ocr_par' dir='ltr' id='par_1_9' title="bbox 289 1831 1756 2057">
     <span class='ocr_line' id='line_1_29' title="bbox 289 1831 1756 1898; baseline -0.003 -14"><span class='ocrx_word' id='word_1_274' title='bbox 289 1833 550 1890; x_wconf 80' lang='grc' dir='ltr'><strong><em>Απόδειξις</em></strong></span> <span class='ocrx_word' id='word_1_275' title='bbox 571 1834 700 1887; x_wconf 85' lang='grc' dir='ltr'><strong><em>τίνος</em></strong></span> <span class='ocrx_word' id='word_1_276' title='bbox 722 1834 741 1856; x_wconf 83' lang='grc'>*</span> <span class='ocrx_word' id='word_1_277' title='bbox 754 1833 1121 1897; x_wconf 80' lang='grc' dir='ltr'><strong><em>χαριζητοῦντες</em></strong></span> <span class='ocrx_word' id='word_1_278' title='bbox 1140 1836 1233 1883; x_wconf 80' lang='grc' dir='ltr'><strong><em>τοῦ</em></strong></span> <span class='ocrx_word' id='word_1_279' title='bbox 1250 1831 1385 1898; x_wconf 77' lang='grc' dir='ltr'><strong><em>παροῖ</em></strong></span> <span class='ocrx_word' id='word_1_280' title='bbox 1400 1832 1756 1896; x_wconf 79' lang='grc' dir='ltr'><strong><em>Αλεξανδρεῦσι</em></strong></span> 
     </span>
     <span class='ocr_line' id='line_1_30' title="bbox 357 1909 1703 1979; baseline -0.001 -18"><span class='ocrx_word' id='word_1_281' title='bbox 357 1910 504 1979; x_wconf 75' lang='grc' dir='ltr'><strong><em>μηνός</em></strong></span> <span class='ocrx_word' id='word_1_282' title='bbox 525 1910 614 1976; x_wconf 86' lang='grc' dir='ltr'><strong><em>τήν</em></strong></span> <span class='ocrx_word' id='word_1_283' title='bbox 640 1914 853 1960; x_wconf 84' lang='grc' dir='ltr'><strong><em>ποστεάν</em></strong></span> <span class='ocrx_word' id='word_1_284' title='bbox 875 1912 1062 1977; x_wconf 78' lang='grc' dir='ltr'><strong><em>ἡμέραν</em></strong></span> <span class='ocrx_word' id='word_1_285' title='bbox 1084 1913 1242 1977; x_wconf 76' lang='grc' dir='ltr'><strong><em>εὑρεῖν</em></strong></span> <span class='ocrx_word' id='word_1_286' title='bbox 1258 1918 1386 1976; x_wconf 84' lang='grc' dir='ltr'><strong><em>τρεῖς</em></strong></span> <span class='ocrx_word' id='word_1_287' title='bbox 1404 1912 1583 1979; x_wconf 79' lang='grc' dir='ltr'><strong><em>ἡμέρας</em></strong></span> <span class='ocrx_word' id='word_1_288' title='bbox 1604 1909 1703 1977; x_wconf 79' lang='grc' dir='ltr'><strong><em>πρό</em></strong></span> 
     </span>
     <span class='ocr_line' id='line_1_31' title="bbox 701 1987 1350 2057; baseline 0.003 -18"><span class='ocrx_word' id='word_1_289' title='bbox 701 1992 794 2040; x_wconf 79' lang='grc' dir='ltr'><strong><em>τοῦ</em></strong></span> <span class='ocrx_word' id='word_1_290' title='bbox 818 1993 1164 2056; x_wconf 82' lang='grc' dir='ltr'><strong><em>Σεπτεμβρίου</em></strong></span> <span class='ocrx_word' id='word_1_291' title='bbox 1184 1987 1350 2057; x_wconf 85' lang='grc' dir='ltr'><strong><em>μηνός.</em></strong></span> 
     </span>
    </p>
   </div>
   <div class='ocr_carea' id='block_1_10' title="bbox 288 2089 1754 2204">
    <p class='ocr_par' dir='ltr' id='par_1_10' title="bbox 288 2089 1754 2204">
     <span class='ocr_line' id='line_1_32' title="bbox 401 2089 1754 2146; baseline 0 -12"><span class='ocrx_word' id='word_1_292' title='bbox 401 2090 558 2145; x_wconf 88' lang='grc' dir='ltr'><strong><em>Επειδη</em></strong></span> <span class='ocrx_word' id='word_1_293' title='bbox 581 2089 802 2146; x_wconf 79' lang='grc' dir='ltr'><strong><em>οἷναγκαῖον</em></strong></span> <span class='ocrx_word' id='word_1_294' title='bbox 823 2091 905 2133; x_wconf 79' lang='grc' dir='ltr'><strong><em>ἐστὶ</em></strong></span> <span class='ocrx_word' id='word_1_295' title='bbox 932 2095 1108 2146; x_wconf 79' lang='grc' dir='ltr'><strong><em>γνῶναι,</em></strong></span> <span class='ocrx_word' id='word_1_296' title='bbox 1138 2091 1228 2146; x_wconf 86' lang='grc' dir='ltr'><strong><em>η’τοι</em></strong></span> <span class='ocrx_word' id='word_1_297' title='bbox 1246 2089 1460 2146; x_wconf 76' lang='grc' dir='ltr'><strong><em>γινώσκειν</em></strong></span> <span class='ocrx_word' id='word_1_298' title='bbox 1486 2094 1596 2142; x_wconf 86' lang='grc' dir='ltr'><strong><em>τίνος</em></strong></span> <span class='ocrx_word' id='word_1_299' title='bbox 1621 2093 1754 2134; x_wconf 77' lang='grc' dir='ltr'><strong><em>ἕνεκεν</em></strong></span> 
     </span>
     <span class='ocr_line' id='line_1_33' title="bbox 288 2147 1752 2204; baseline 0 -14"><span class='ocrx_word' id='word_1_300' title='bbox 288 2147 514 2202; x_wconf 79' lang='grc' dir='ltr'><strong><em>ζητούντων</em></strong></span> <span class='ocrx_word' id='word_1_301' title='bbox 539 2165 659 2202; x_wconf 88' lang='grc' dir='ltr'><strong><em>ημων</em></strong></span> <span class='ocrx_word' id='word_1_302' title='bbox 687 2147 820 2202; x_wconf 75' lang='grc' dir='ltr'><strong><em>εὖρεῐν</em></strong></span> <span class='ocrx_word' id='word_1_303' title='bbox 848 2149 1021 2190; x_wconf 89' lang='grc' dir='ltr'><strong><em>ποστέαν</em></strong></span> <span class='ocrx_word' id='word_1_304' title='bbox 1045 2150 1123 2202; x_wconf 85' lang='grc' dir='ltr'><strong><em>ε’χει</em></strong></span> <span class='ocrx_word' id='word_1_305' title='bbox 1156 2149 1180 2191; x_wconf 83' lang='lat' dir='ltr'><strong><em>o‘</em></strong></span> <span class='ocrx_word' id='word_1_306' title='bbox 1206 2147 1315 2204; x_wconf 77' lang='grc' dir='ltr'><strong><em>παροέ</em></strong></span> <span class='ocrx_word' id='word_1_307' title='bbox 1335 2151 1628 2204; x_wconf 81' lang='grc' dir='ltr'><strong><em>Αλεξανδρεῦσι</em></strong></span> <span class='ocrx_word' id='word_1_308' title='bbox 1658 2148 1752 2203; x_wconf 78' lang='grc' dir='ltr'><strong><em>μήν,</em></strong></span> 
     </span>
    </p>
   </div>
   <div class='ocr_carea' id='block_1_11' title="bbox 285 2203 1753 2396">
    <p class='ocr_par' dir='ltr' id='par_1_11' title="bbox 285 2203 1753 2387">
     <span class='ocr_line' id='line_1_34' title="bbox 286 2203 1753 2277; baseline 0.001 -31"><span class='ocrx_word' id='word_1_309' title='bbox 286 2211 391 2259; x_wconf 83' lang='grc' dir='ltr'><strong><em>τρεῖς</em></strong></span> <span class='ocrx_word' id='word_1_310' title='bbox 408 2205 560 2260; x_wconf 87' lang='grc' dir='ltr'><strong><em>ημέρας</em></strong></span> <span class='ocrx_word' id='word_1_311' title='bbox 579 2203 835 2275; x_wconf 84' lang='grc' dir='ltr'><strong><em>λαμβανομεν</em></strong></span> <span class='ocrx_word' id='word_1_312' title='bbox 863 2203 943 2273; x_wconf 83' lang='grc' dir='ltr'><strong><em>προ“</em></strong></span> <span class='ocrx_word' id='word_1_313' title='bbox 971 2208 1044 2258; x_wconf 84' lang='grc' dir='ltr'><strong><em>τῆς</em></strong></span> <span class='ocrx_word' id='word_1_314' title='bbox 1074 2203 1198 2261; x_wconf 77' lang='grc' dir='ltr'><strong><em>οῗρχης</em></strong></span> <span class='ocrx_word' id='word_1_315' title='bbox 1224 2209 1298 2247; x_wconf 86' lang='grc' dir='ltr'><strong><em>τοῦ</em></strong></span> <span class='ocrx_word' id='word_1_316' title='bbox 1304 2208 1590 2277; x_wconf 86' lang='grc' dir='ltr'><strong><em>Σεπτεβρίου·</em></strong></span> <span class='ocrx_word' id='word_1_317' title='bbox 1622 2206 1753 2248; x_wconf 81' lang='grc' dir='ltr'><strong><em>ἰστέον</em></strong></span> 
     </span>
     <span class='ocr_line' id='line_1_35' title="bbox 285 2257 1751 2330; baseline 0.001 -27"><span class='ocrx_word' id='word_1_318' title='bbox 285 2262 402 2316; x_wconf 80' lang='grc' dir='ltr'><strong><em>ημῶν</em></strong></span> <span class='ocrx_word' id='word_1_319' title='bbox 426 2266 507 2303; x_wconf 78' lang='grc' dir='ltr'><strong><em>τῶν</em></strong></span> <span class='ocrx_word' id='word_1_320' title='bbox 538 2264 733 2330; x_wconf 85' lang='grc' dir='ltr'><strong><em>Ρωμαίων</em></strong></span> <span class='ocrx_word' id='word_1_321' title='bbox 758 2259 831 2314; x_wconf 74' lang='grc' dir='ltr'><strong><em>τήν</em></strong></span> <span class='ocrx_word' id='word_1_322' title='bbox 860 2257 987 2315; x_wconf 78' lang='grc' dir='ltr'><strong><em>αρχήν</em></strong></span> <span class='ocrx_word' id='word_1_323' title='bbox 1006 2266 1088 2302; x_wconf 80' lang='grc' dir='ltr'><strong><em>τῶν</em></strong></span> <span class='ocrx_word' id='word_1_324' title='bbox 1116 2266 1259 2316; x_wconf 74' lang='grc' dir='ltr'><strong><em>μηνῶν</em></strong></span> <span class='ocrx_word' id='word_1_325' title='bbox 1288 2258 1370 2304; x_wconf 76' lang='grc' dir='ltr'><strong><em>οἷπό</em></strong></span> <span class='ocrx_word' id='word_1_326' title='bbox 1401 2267 1474 2305; x_wconf 84' lang='grc' dir='ltr'><strong><em>τοῦ</em></strong></span> <span class='ocrx_word' id='word_1_327' title='bbox 1506 2264 1751 2316; x_wconf 78' lang='grc' dir='ltr'><strong><em>Ιανουαρίου</em></strong></span> 
     </span>
     <span class='ocr_line' id='line_1_36' title="bbox 287 2315 1750 2396; baseline 0 -36"><span class='ocrx_word' id='word_1_328' title='bbox 287 2335 417 2373; x_wconf 89' lang='grc' dir='ltr'><strong><em>μηνος</em></strong></span> <span class='ocrx_word' id='word_1_329' title='bbox 445 2316 742 2371; x_wconf 85' lang='grc' dir='ltr'><strong><em>ψηφηζόντων,</em></strong></span> <span class='ocrx_word' id='word_1_330' title='bbox 772 2321 853 2358; x_wconf 75' lang='grc' dir='ltr'><strong><em>τῶν</em></strong></span> <span class='ocrx_word' id='word_1_331' title='bbox 879 2317 923 2359; x_wconf 80' lang='grc' dir='ltr'><strong><em>δὲ</em></strong></span> <span class='ocrx_word' id='word_1_332' title='bbox 948 2319 1237 2396; x_wconf 82' lang='grc' dir='ltr'><strong><em>Αλεξανδρέων</em></strong></span> <span class='ocrx_word' id='word_1_333' title='bbox 1267 2315 1348 2360; x_wconf 67' lang='lat' dir='ltr'><strong><em>nmo*</em></strong></span> <span class='ocrx_word' id='word_1_334' title='bbox 1371 2323 1446 2361; x_wconf 84' lang='grc' dir='ltr'><strong><em>τοῦ</em></strong></span> <span class='ocrx_word' id='word_1_335' title='bbox 1474 2320 1750 2389; x_wconf 84' lang='grc' dir='ltr'><strong><em>Σεπτεμβρίου</em></strong></span> 
     </span>
    </p>
   </div>
   <div class='ocr_carea' id='block_1_12' title="bbox 140 2371 1750 2445">
    <p class='ocr_par' dir='ltr' id='par_1_12' title="bbox 140 2371 1750 2445">
     <span class='ocr_line' id='line_1_37' title="bbox 140 2371 1750 2445; baseline 0.002 -31"><span class='ocrx_word' id='word_1_336' title='bbox 140 2379 169 2414; x_wconf 90' lang='lat' dir='ltr'>P</span> <span class='ocrx_word' id='word_1_337' title='bbox 193 2378 262 2416; x_wconf 82' lang='lat'><strong><em>476</em></strong></span> <span class='ocrx_word' id='word_1_338' title='bbox 284 2379 358 2417; x_wconf 86' lang='grc' dir='ltr'><strong><em>τοῦ</em></strong></span> <span class='ocrx_word' id='word_1_339' title='bbox 374 2374 589 2429; x_wconf 82' lang='grc' dir='ltr'><strong><em>λεγομένου</em></strong></span> <span class='ocrx_word' id='word_1_340' title='bbox 609 2378 723 2424; x_wconf 81' lang='grc' dir='ltr'><strong><em>Θωθ,</em></strong></span> <span class='ocrx_word' id='word_1_341' title='bbox 744 2371 838 2428; x_wconf 92' lang='grc' dir='ltr'><strong><em>παρ’</em></strong></span> <span class='ocrx_word' id='word_1_342' title='bbox 858 2371 1012 2415; x_wconf 75' lang='grc' dir='ltr'><strong><em>αὕτων·</em></strong></span> <span class='ocrx_word' id='word_1_343' title='bbox 1045 2388 1287 2445; x_wconf 85' lang='grc' dir='ltr'><strong><em>συναγονται</em></strong></span> <span class='ocrx_word' id='word_1_344' title='bbox 1302 2374 1400 2424; x_wconf 87' lang='grc' dir='ltr'><strong><em>τέως</em></strong></span> <span class='ocrx_word' id='word_1_345' title='bbox 1420 2392 1492 2417; x_wconf 90' lang='grc' dir='ltr'><strong><em>του</em></strong></span> <span class='ocrx_word' id='word_1_346' title='bbox 1508 2372 1750 2430; x_wconf 69' lang='grc' dir='ltr'><strong><em>Αὔγουστον</em></strong></span> 
     </span>
    </p>
   </div>
   <div class='ocr_carea' id='block_1_13' title="bbox 640 2484 803 2501">
    <p class='ocr_par' dir='ltr' id='par_1_13' title="bbox 640 2484 803 2501">
     <span class='ocr_line' id='line_1_38' title="bbox 640 2484 803 2501; baseline 0 -1"><span class='ocrx_word' id='word_1_347' title='bbox 640 2484 650 2500; x_wconf 72' lang='lat'>9</span> <span class='ocrx_word' id='word_1_348' title='bbox 691 2486 699 2501; x_wconf 67' lang='grc' dir='ltr'>ἱ</span> <span class='ocrx_word' id='word_1_349' title='bbox 742 2484 752 2498; x_wconf 89' lang='grc' dir='ltr'><em>Ι</em></span> <span class='ocrx_word' id='word_1_350' title='bbox 791 2485 803 2500; x_wconf 73' lang='grc'><strong><em>1·</em></strong></span> 
     </span>
    </p>
   </div>
   <div class='ocr_carea' id='block_1_14' title="bbox 283 2541 1763 2783">
    <p class='ocr_par' dir='ltr' id='par_1_14' title="bbox 283 2541 1752 2656">
     <span class='ocr_line' id='line_1_39' title="bbox 283 2541 1752 2616; baseline 0 -30"><span class='ocrx_word' id='word_1_351' title='bbox 283 2547 393 2599; x_wconf 87' lang='grc' dir='ltr'><strong><em>δρεῖς</em></strong></span> <span class='ocrx_word' id='word_1_352' title='bbox 409 2561 505 2593; x_wconf 85' lang='grc' dir='ltr'><strong><em>τους</em></strong></span> <span class='ocrx_word' id='word_1_353' title='bbox 526 2548 658 2615; x_wconf 79' lang='grc' dir='ltr'><strong><em>μῆνας</em></strong></span> <span class='ocrx_word' id='word_1_354' title='bbox 677 2543 887 2596; x_wconf 83' lang='grc' dir='ltr'><strong><em>ψηφήζειν</em></strong></span> <span class='ocrx_word' id='word_1_355' title='bbox 907 2541 1087 2585; x_wconf 82' lang='grc' dir='ltr'><strong><em>εἰώθασι.</em></strong></span> <span class='ocrx_word' id='word_1_356' title='bbox 1148 2544 1438 2600; x_wconf 84' lang='grc' dir='ltr'><strong><em>Συναγομένου</em></strong></span> <span class='ocrx_word' id='word_1_357' title='bbox 1446 2543 1538 2616; x_wconf 80' lang='grc' dir='ltr'><strong><em>γοῖρ</em></strong></span> <span class='ocrx_word' id='word_1_358' title='bbox 1562 2548 1637 2587; x_wconf 80' lang='grc' dir='ltr'><strong><em>τοῦ</em></strong></span> <span class='ocrx_word' id='word_1_359' title='bbox 1661 2541 1752 2598; x_wconf 87' lang='grc' dir='ltr'><strong><em>α’ρι-</em></strong></span> 
     </span>
     <span class='ocr_line' id='line_1_40' title="bbox 283 2598 1746 2672; baseline 0 -30"><span class='ocrx_word' id='word_1_360' title='bbox 283 2605 398 2655; x_wconf 82' lang='grc' dir='ltr'><strong><em>θμοῦ</em></strong></span> <span class='ocrx_word' id='word_1_361' title='bbox 420 2604 501 2642; x_wconf 81' lang='grc' dir='ltr'><strong><em>τῶν</em></strong></span> <span class='ocrx_word' id='word_1_362' title='bbox 521 2598 601 2643; x_wconf 80' lang='grc' dir='ltr'><strong><em>οἷπό</em></strong></span> <span class='ocrx_word' id='word_1_363' title='bbox 622 2605 695 2642; x_wconf 89' lang='grc' dir='ltr'><strong><em>τοῦ</em></strong></span> <span class='ocrx_word' id='word_1_364' title='bbox 715 2602 958 2652; x_wconf 88' lang='grc' dir='ltr'><strong><em>Ιανουαρίου</em></strong></span> <span class='ocrx_word' id='word_1_365' title='bbox 986 2599 1136 2653; x_wconf 79' lang='grc' dir='ltr'><strong><em>μηνὸς,</em></strong></span> <span class='ocrx_word' id='word_1_366' title='bbox 1153 2601 1273 2672; x_wconf 83' lang='grc' dir='ltr'><strong><em>μέχρι</em></strong></span> <span class='ocrx_word' id='word_1_367' title='bbox 1299 2604 1373 2643; x_wconf 83' lang='grc' dir='ltr'><strong><em>τοῦ</em></strong></span> <span class='ocrx_word' id='word_1_368' title='bbox 1390 2599 1630 2656; x_wconf 71' lang='grc' dir='ltr'><strong><em>Αὔγουστον</em></strong></span> <span class='ocrx_word' id='word_1_369' title='bbox 1649 2605 1746 2655; x_wconf 85' lang='grc' dir='ltr'><strong><em>πλη-</em></strong></span> 
     </span>
    </p>

    <p class='ocr_par' dir='ltr' id='par_1_15' title="bbox 284 2654 1763 2769">
     <span class='ocr_line' id='line_1_41' title="bbox 284 2654 1763 2712; baseline 0 -12"><span class='ocrx_word' id='word_1_370' title='bbox 284 2658 504 2712; x_wconf 85' lang='grc' dir='ltr'><strong><em>ρουμένου,</em></strong></span> <span class='ocrx_word' id='word_1_371' title='bbox 534 2657 729 2707; x_wconf 85' lang='grc' dir='ltr'><strong><em>τουτέστι,</em></strong></span> <span class='ocrx_word' id='word_1_372' title='bbox 748 2673 831 2697; x_wconf 89' lang='grc' dir='ltr'><strong><em>των</em></strong></span> <span class='ocrx_word' id='word_1_373' title='bbox 851 2654 956 2698; x_wconf 82' lang='grc' dir='ltr'><strong><em>ὀκτω</em></strong></span> <span class='ocrx_word' id='word_1_374' title='bbox 976 2661 1117 2709; x_wconf 72' lang='grc' dir='ltr'><strong><em>μηνῶν</em></strong></span> <span class='ocrx_word' id='word_1_375' title='bbox 1138 2654 1221 2699; x_wconf 77' lang='grc' dir='ltr'><strong><em>οἷπό</em></strong></span> <span class='ocrx_word' id='word_1_376' title='bbox 1239 2654 1273 2697; x_wconf 86' lang='grc' dir='ltr'><strong><em>λ’</em></strong></span> <span class='ocrx_word' id='word_1_377' title='bbox 1291 2673 1477 2712; x_wconf 83' lang='grc' dir='ltr'><strong><em>ημερων,</em></strong></span> <span class='ocrx_word' id='word_1_378' title='bbox 1502 2674 1558 2706; x_wconf 89' lang='grc' dir='ltr'><strong><em>ως</em></strong></span> <span class='ocrx_word' id='word_1_379' title='bbox 1577 2659 1763 2712; x_wconf 53' lang='grc' dir='ltr'><strong><em>εἴρηται,</em></strong></span> 
     </span>
     <span class='ocr_line' id='line_1_42' title="bbox 285 2710 1745 2783; baseline 0.001 -27"><span class='ocrx_word' id='word_1_380' title='bbox 285 2713 427 2764; x_wconf 70' lang='grc' dir='ltr'><strong><em>καθώς</em></strong></span> <span class='ocrx_word' id='word_1_381' title='bbox 456 2714 498 2756; x_wconf 85' lang='grc' dir='ltr'><strong><em>οἰ</em></strong></span> <span class='ocrx_word' id='word_1_382' title='bbox 521 2715 784 2768; x_wconf 81' lang='grc' dir='ltr'><strong><em>Αλεξανδρεῖς</em></strong></span> <span class='ocrx_word' id='word_1_383' title='bbox 815 2710 1055 2755; x_wconf 77' lang='grc' dir='ltr'><strong><em>ἀποτελοῦσι</em></strong></span> <span class='ocrx_word' id='word_1_384' title='bbox 1075 2730 1170 2762; x_wconf 86' lang='grc' dir='ltr'><strong><em>τους</em></strong></span> <span class='ocrx_word' id='word_1_385' title='bbox 1201 2731 1282 2767; x_wconf 82' lang='grc' dir='ltr'><strong><em>μηι</em></strong></span> <span class='ocrx_word' id='word_1_386' title='bbox 1284 2731 1351 2766; x_wconf 86' lang='grc' dir='ltr'><strong><em>ας,</em></strong></span> <span class='ocrx_word' id='word_1_387' title='bbox 1382 2715 1574 2783; x_wconf 88' lang='grc' dir='ltr'><strong><em>μένουσιν</em></strong></span> <span class='ocrx_word' id='word_1_388' title='bbox 1597 2714 1745 2783; x_wconf 80' lang='grc' dir='ltr'><strong><em>ημέραι</em></strong></span> 
     </span>
    </p>
   </div>
   <div class='ocr_carea' id='block_1_15' title="bbox 281 2766 1744 2897">
    <p class='ocr_par' dir='ltr' id='par_1_16' title="bbox 281 2766 1744 2883">
     <span class='ocr_line' id='line_1_43' title="bbox 282 2766 1744 2825; baseline 0.001 -14"><span class='ocrx_word' id='word_1_389' title='bbox 282 2776 405 2824; x_wconf 88' lang='grc' dir='ltr'><strong><em>τρεῖς·</em></strong></span> <span class='ocrx_word' id='word_1_390' title='bbox 436 2771 505 2812; x_wconf 80' lang='grc' dir='ltr'><strong><em>καὶ</em></strong></span> <span class='ocrx_word' id='word_1_391' title='bbox 537 2770 789 2825; x_wconf 69' lang='grc' dir='ltr'><strong><em>εὑρίσκονται</em></strong></span> <span class='ocrx_word' id='word_1_392' title='bbox 819 2771 864 2810; x_wconf 83' lang='grc' dir='ltr'><strong><em>αἰ</em></strong></span> <span class='ocrx_word' id='word_1_393' title='bbox 891 2766 1010 2810; x_wconf 69' lang='grc' dir='ltr'><strong><em>αὐταὶ</em></strong></span> <span class='ocrx_word' id='word_1_394' title='bbox 1035 2776 1139 2824; x_wconf 86' lang='grc' dir='ltr'><strong><em>τρεῖς</em></strong></span> <span class='ocrx_word' id='word_1_395' title='bbox 1167 2770 1313 2824; x_wconf 85' lang='grc' dir='ltr'><strong><em>ημέραι</em></strong></span> <span class='ocrx_word' id='word_1_396' title='bbox 1342 2775 1417 2812; x_wconf 82' lang='grc' dir='ltr'><strong><em>τοῦ</em></strong></span> <span class='ocrx_word' id='word_1_397' title='bbox 1441 2768 1586 2820; x_wconf 79' lang='grc' dir='ltr'><strong><em>ἔνατον</em></strong></span> <span class='ocrx_word' id='word_1_398' title='bbox 1614 2769 1744 2825; x_wconf 78' lang='grc' dir='ltr'><strong><em>μηνός</em></strong></span> 
     </span>
     <span class='ocr_line' id='line_1_44' title="bbox 281 2825 1743 2897; baseline 0 -29"><span class='ocrx_word' id='word_1_399' title='bbox 281 2843 391 2880; x_wconf 88' lang='grc' dir='ltr'><strong><em>παρα</em></strong></span> <span class='ocrx_word' id='word_1_400' title='bbox 419 2829 640 2881; x_wconf 88' lang='grc' dir='ltr'><strong><em>Ρωμαίοις,</em></strong></span> <span class='ocrx_word' id='word_1_401' title='bbox 669 2826 844 2868; x_wconf 89' lang='grc' dir='ltr'><strong><em>τουτέστι</em></strong></span> <span class='ocrx_word' id='word_1_402' title='bbox 871 2842 943 2867; x_wconf 90' lang='grc' dir='ltr'><strong><em>του</em></strong></span> <span class='ocrx_word' id='word_1_403' title='bbox 964 2828 1210 2895; x_wconf 86' lang='grc' dir='ltr'><strong><em>Σεπτεβρίου</em></strong></span> <span class='ocrx_word' id='word_1_404' title='bbox 1238 2844 1310 2869; x_wconf 90' lang='grc' dir='ltr'><strong><em>του</em></strong></span> <span class='ocrx_word' id='word_1_405' title='bbox 1341 2842 1422 2897; x_wconf 86' lang='grc' dir='ltr'><strong><em>παρ</em></strong></span> <span class='ocrx_word' id='word_1_406' title='bbox 1424 2825 1743 2883; x_wconf 82' lang='grc' dir='ltr'><strong><em>’Λλεξανδρευσι</em></strong></span> 
     </span>
    </p>
   </div>
   <div class='ocr_carea' id='block_1_16' title="bbox 281 2881 1740 2947">
    <p class='ocr_par' dir='ltr' id='par_1_17' title="bbox 281 2881 1740 2947">
     <span class='ocr_line' id='line_1_45' title="bbox 281 2881 1740 2947; baseline 0.001 -22"><span class='ocrx_word' id='word_1_407' title='bbox 281 2881 455 2938; x_wconf 77' lang='grc' dir='ltr'><strong><em>πρώτου</em></strong></span> <span class='ocrx_word' id='word_1_408' title='bbox 516 2887 622 2926; x_wconf 92' lang='grc' dir='ltr'><strong><em>Οταν</em></strong></span> <span class='ocrx_word' id='word_1_409' title='bbox 640 2900 715 2925; x_wconf 90' lang='grc' dir='ltr'><strong><em>ουν</em></strong></span> <span class='ocrx_word' id='word_1_410' title='bbox 736 2884 884 2937; x_wconf 77' lang='grc' dir='ltr'><strong><em>ἔχωμεν</em></strong></span> <span class='ocrx_word' id='word_1_411' title='bbox 907 2882 1024 2936; x_wconf 84' lang='grc' dir='ltr'><strong><em>ημεῖς</em></strong></span> <span class='ocrx_word' id='word_1_412' title='bbox 1043 2881 1110 2925; x_wconf 80' lang='grc' dir='ltr'><strong><em>κθ’</em></strong></span> <span class='ocrx_word' id='word_1_413' title='bbox 1130 2887 1204 2925; x_wconf 83' lang='grc' dir='ltr'><strong><em>τοῦ</em></strong></span> <span class='ocrx_word' id='word_1_414' title='bbox 1221 2881 1364 2947; x_wconf 64' lang='grc' dir='ltr'><strong><em>Αὔγοί</em></strong></span> <span class='ocrx_word' id='word_1_415' title='bbox 1366 2898 1478 2936; x_wconf 90' lang='grc' dir='ltr'><strong><em>στου,</em></strong></span> <span class='ocrx_word' id='word_1_416' title='bbox 1508 2902 1549 2927; x_wconf 92' lang='grc' dir='ltr'><strong><em>οι</em></strong></span> <span class='ocrx_word' id='word_1_417' title='bbox 1539 2886 1740 2935; x_wconf 63' lang='grc' dir='ltr'><strong><em>Ἀλεξαν-</em></strong></span> 
     </span>
    </p>
   </div>
  </div>
 </body>
</html>
