1884 3262
522 238 582 279 IN
617 237 947 282 CHRONICON
972 240 1261 282 PASCHALE.
1542 235 1644 285 245

164 346 385 386 Alexandr.
429 347 614 397 Samarei:
654 354 774 400 atque
811 349 868 387 sie
897 350 1057 389 videtur
1079 350 1293 402 legendum
1315 380 1328 402 ‚
1365 363 1456 388 nam
1487 364 1525 388 n.
1553 364 1640 389 Lm.

163 405 368 442 Sarmatae
399 410 630 443 occurrunt.

276 460 371 499 Ibid.
431 463 616 510 Κίλικες]
648 460 745 500 Cod.
775 461 866 501 vat.
900 458 1087 514 Κήλικες.
1118 463 1239 514 Mox,
1272 465 1436 517 Ιβερεΐς.
1466 461 1642 512 Σκύθες.

278 520 372 568 Pag.
402 518 468 560 57.
501 522 540 561 6.
581 518 918 572 Παμφλαγῶνες]
948 520 1231 571 Pamphlagones
1252 521 1375 560 habet
1398 520 1516 560 etiam
1535 521 1640 570 idem

162 572 311 612 Chron.
343 574 454 615 Alex.
488 575 585 614 Cod.
617 574 742 614 vatic.
777 577 1072 627 Παφλαγῶνες.

275 631 371 670 Ibid.
434 632 488 671 Of
506 631 575 673 καὶ
597 631 767 684 Αχαῖοι]
801 632 900 672 cod.
935 632 1022 671 Vat.
1050 631 1243 684 Αρχαῖοι.

278 690 372 738 Peg.
401 690 469 731 57.
500 692 539 732 9.
579 689 633 728 Οἱ
655 688 723 729 καὶ
750 687 868 742 Τῖοι]
902 689 997 728 cod.
1020 688 1149 727 vatic.
1170 687 1298 729 οἱκαὶ
1322 690 1468 731 Kinna..
1491 690 1640 731 chron.

160 743 374 783 Alexandr.
406 745 562 784 Romaei
587 748 651 796 qui
688 749 721 784 et
749 745 868 784 Cittei.
930 745 1137 798 Hippolyt.
1168 746 1327 784 Romam·
1356 750 1421 799 qui
1448 752 1481 786 et
1498 748 1639 786 Latini.

278 803 369 852 Pag.
398 801 466 843 57.
512 805 578 844 10.
641 802 694 842 Οἱ
717 801 788 842 καὶ
818 801 1030 853 Κελταῖοι]
1082 802 1297 855 Hippolyt.
1331 807 1395 854 qui
1431 808 1466 843 et
1506 805 1640 854 Celtae,

158 858 357 909 Aquitani,
388 864 463 896 etc.
494 858 612 908 Mox,
644 872 721 911 pro
758 856 999 911 Τυράννιοι,
1037 859 1205 911 Tyrreni.
1337 864 1344 868 “

274 917 366 964 Pag·
398 916 466 957 57.
511 918 576 957 11.
635 911 827 969 Σπᾶνοι]
868 916 927 954 Ita
969 917 1117 967 passim
1159 916 1399 968 Scriptores.
1458 917 1638 956 Galenus

156 970 224 1011 lib.
255 985 300 1010 11.
330 971 381 1010 de
410 971 593 1014 Aliment.
624 970 673 1012 τοῖ
696 971 798 1013 κατὰ
822 970 900 1026 τήν
925 974 1095 1027 Ιβηρίαν
1123 988 1165 1013 τε
1186 973 1257 1014 καὶ
1278 973 1466 1014 Σπανίαν
1491 970 1637 1026 ὀνομα-

158 1027 342 1081 ζομένην.
1184 1030 1188 1034 ’

275 1087 368 1135 Pag.
400 1084 467 1128 57.
501 1088 565 1128 13.
636 1085 691 1127 Oc
731 1085 798 1126 καὶ
830 1082 1061 1142 Μᾶκορες]
1118 1086 1215 1126 Cod.
1254 1086 1382 1126 vatic.
1425 1082 1638 1140 Μάκαρες.

155 1141 266 1180 Haec
296 1142 440 1180 desunt
469 1142 512 1180 in
542 1142 692 1183 Chron.
727 1143 940 1182 Alexandr.
983 1151 1029 1183 ut
1061 1151 1100 1183 et
1132 1157 1233 1196 quae
1262 1158 1358 1182 mox
1398 1150 1636 1196 sequuntur,

106 1203 110 1206 ’
158 1198 285 1239 οἱκαὶ
305 1195 532 1251 Σπορᾶδεςζ
587 1199 689 1239 Vide
723 1202 939 1252 Scymnum
974 1200 1117 1239 Chium
1148 1216 1188 1253 p.
1219 1203 1318 1243 381.

274 1259 367 1306 Pag.
398 1255 464 1298 57.
501 1256 568 1297 14.
636 1257 846 1307 Ναυσθοὶ,
879 1256 980 1309 etc.]
1022 1257 1151 1297 Aliter
1180 1271 1313 1297 Lxxn.
1351 1257 1537 1295 nationes
1569 1270 1635 1294 ex-

154 1311 267 1351 hibet
306 1312 533 1351 Chronicon
573 1312 787 1352 Alexandr.
840 1315 876 1352 Τ
874 1317 1073 1352 aramantz‘i
1109 1319 1298 1353 extenores
1317 1345 1328 1362 ‚
1368 1316 1432 1365 qui
1459 1327 1571 1364 usque
1596 1316 1636 1351 in

154 1371 345 1421 Aethiopia
375 1371 591 1408 extendunt.-
627 1371 695 1408 ubi
735 1370 950 1422 legendum
992 1371 1230 1410 Gar-amantii
1246 1401 1258 1421 ,
1287 1377 1334 1409 ut
1371 1370 1496 1423 paulo
1529 1375 1634 1415 ante,

159 1427 395 1465 Gai-amantii
421 1429 620 1465 exteriores.

273 1486 366 1533 Pag.
396 1482 462 1525 57.
498 1486 562 1526 16.
630 1479 770 1523 Ταῦτά
802 1479 932 1535 ἐστιν]
987 1482 1096 1523 Haec
1126 1490 1166 1523 et
1197 1482 1402 1536 sequentia
1431 1482 1637 1522 habentur

155 1540 274 1579 etiam
306 1540 348 1578 in
380 1539 519 1579 eodem
552 1539 749 1579 Chronico
782 1540 1066 1580 Alexandrino.
1542 1581 1545 1588 ,

269 1599 363 1647 Pag.
394 1597 460 1639 58.
493 1596 532 1638 4.
607 1599 688 1648 Τῆς
715 1594 934 1649 Εἰρήνης]
982 1598 1049 1635 Sic
1089 1597 1185 1647 legit
1227 1596 1374 1635 chron.
1415 1595 1634 1634 Alexandr.

155 1653 234 1693 Sed
263 1653 426 1693 videtur
456 1653 712 1692 scribendum
743 1651 961 1707 Κυρήνης,
991 1660 1039 1692 ut
1069 1667 1207 1705 supra.

269 1713 364 1760 Pag.
395 1710 462 1752 58.
492 1713 531 1753 8.
592 1709 842 1763 Μαδινέωιι]
873 1711 1086 1763 Hippolyt.
1117 1710 1424 1748 Madianemium.

266 1768 363 1806 Ibid.
421 1767 784 1820 Κηνὸοκολπῖται]
827 1766 975 1808 Chron.
1007 1767 1224 1808 Alexandr.
1257 1774 1298 1806 et
1326 1765 1542 1818 Hippolyt.
1576 1765 1636 1804 Ci-

153 1824 405 1876 nedocolpitae.

270 1884 365 1932 Pag.
395 1882 462 1925 58.
490 1884 559 1925 13.
617 1879 815 1933 Αδιανοὶ]
848 1881 949 1921 cod.
979 1881 1108 1921 vatic.
1138 1881 1323 1921 Λσιανοί.
1384 1880 1451 1918 Sic
1479 1879 1635 1932 pariter

152 1937 399 1991 Hippolytus
431 1945 471 1978 et
501 1939 688 1978 Chronic.
720 1938 939 1978 Alexandr.
981 1940 1134 1978 Asianos
1163 1939 1269 1977 inter
1297 1950 1427 1975 Lxxn.
1447 1937 1630 1975 natio'nes

155 1996 274 2047 supra
303 1995 527 2034 nominavit
557 1996 675 2035 etiam
708 1994 938 2034 Chronicon
970 1995 1175 2035 Paschale.

267 2051 363 2091 Ibid.
419 2049 594 2105 Λύκιοι]
626 2053 835 2105 Hippolyt.
864 2053 987 2103 Legii.

270 2109 366 2158 Pag-
394 2109 460 2151 58.
498 2113 562 2153 16.
628 2108 771 2161 Τίνος]
805 2109 1013 2163 Hippolyt.
1044 2108 1124 2150 MS.
1159 2108 1395 2146 Tenoencteo:
1425 2106 1496 2146 sed
1511 2120 1632 2146 voces

155 2165 420 2205 divellendae.

269 2223 364 2262 Ibid.
425 2223 586 2274 Καίως]
615 2223 827 2275 Hippolyt.
860 2222 976 2270 Gens,
998 2222 1167 2274 Gyarae,
1185 2221 1315 2268 Delos,
1336 2219 1476 2268 Finus,
1496 2220 1630 2259 Renea.

273 2283 366 2330 Pag.
397 2279 464 2322 58.
497 2282 562 2322 18.
622 2282 738 2332 Ομοῦ
770 2274 845 2329 ιαῖ]
875 2278 1000 2317 Addit
1030 2278 1176 2319 Chron.
1209 2277 1426 2317 Alexandr.
1458 2277 1632 2330 Cyclades

155 2336 317 2376 undecim
331 2367 342 2386 ‚
373 2338 437 2389 qui
455 2336 638 2388 Myrtium
658 2336 830 2388 pelagum
848 2336 988 2373 habent.
1016 2343 1018 2345 ’

272 2397 365 2444 Pag·
396 2395 466 2437 58.
507 2397 574 2436 20.
636 2394 864 2440 Πλεῖσται]
913 2392 1004 2443 Leg.
1034 2390 1252 2440 πλείστας,
1307 2403 1357 2430 ex
1394 2389 1630 2443 Hippolyto,

154 2457 274 2504 atque
303 2451 358 2489 ita
389 2450 597 2489 edidimus.

271 2509 365 2558 Pag.
394 2508 462 2551 59.
491 2511 531 2549 2.
593 2501 755 2553 Θάσος]
785 2503 950 2555 Ηίρρο1.
985 2504 1162 2560 Thapsue.

271 2567 365 2615 Pag.
395 2565 463 2607 59.
494 2567 534 2607 8.
591 2561 795 2617 Αμισσος]
828 2560 976 2600 Chron.
999 2560 1220 2599 Alexandr.
1248 2561 1417 2599 Amissus
1435 2558 1629 2607 ΕἰαιίΙη-α,

154 2633 229 2673 pro
258 2623 414 2674 Αμισος
435 2620 627 2675 ἐλευθέρα
646 2648 669 2670 ,ι
698 2617 902 2671 quomodo
930 2617 1169 2669 indigitatur
1197 2617 1240 2655 in
1269 2616 1476 2656 veteribus
1505 2628 1629 2653 num-

157 2676 231 2715 mis
271 2677 381 2731 apud
419 2677 553 2717 virum
593 2676 869 2716 doctissimum
914 2675 1025 2714 Joan.
1068 2673 1324 2712 Harduinum
1365 2673 1407 2711 in
1448 2671 1630 2711 Nummis

157 2733 280 2786 antiq.
310 2734 496 2774 illustrat.
554 2735 656 2775 Vide
686 2735 903 2785 Scymnum
935 2731 1076 2770 Chium
1104 2745 1147 2783 p.
1179 2729 1275 2773 384.

269 2788 366 2841 Pag·
397 2790 464 2833 59·
510 2795 574 2834 10.
631 2785 917 2843 Αμηλλήσιοι]
978 2788 1123 2827 Chron.
1163 2785 1378 2826 Alexandr.
1425 2782 1628 2831 Emillisuz·‚

160 2845 311 2896 sicinii,
342 2847 537 2899 Campani,
563 2849 763 2900 Apollisii,
795 2846 982 2895 Calabra,
1011 2846 1182 2893 Lucani,
1219 2857 1269 2882 ex
1300 2856 1381 2894 quo
1410 2839 1627 2880 emendan-

1663 1940 1786 1978 v403
