1820 3276
279 202 386 252 494
534 199 724 248 NOTAE
757 201 816 246 IN
849 201 1178 247 CHRONICON
1206 202 1492 248 PASCHALE.

402 315 494 364 Pag
523 315 620 355 731
653 315 716 353 11.
775 312 1052 366 Επιποιῆσαι]
1082 311 1228 352 Eadem
1250 326 1351 353 vocs
1367 312 1477 354 haud
1499 314 1629 353 minus
1653 313 1749 354 trita

286 371 414 410 utitur
443 381 601 408 rursum
629 368 748 408 infra.

405 427 993 478 Ρας.733.17.1(υριακῆς
1022 422 1173 478 ουσης]
1213 425 1349 465 Tertia
1379 426 1483 464 enim
1512 426 1663 492 Aprilis
1689 426 1751 464 in·

289 483 387 522 cidit
414 482 455 520 in
491 480 739 520 Dominicam
767 480 846 520 hoc
876 495 981 520 anno
1011 482 1102 522 Chr.
1129 496 1332 523 ncxxvm.
1363 495 1442 534 quo
1473 482 1625 521 Pascha
1651 482 1751 522 inci·

289 539 348 578 dit
376 538 421 576 in
447 537 751 578 xxv11.Martii.

403 597 496 645 Pag.
525 593 620 637 734-
652 597 716 636 13.
774 596 893 646 Ημᾶς
922 592 965 634 δὲ
993 597 1044 650 τῇ
1068 610 1094 646 η
1096 590 1137 646 ’.]
1167 595 1227 632 lta
1256 594 1508 646 reposuimus
1535 608 1624 634 cum
1654 594 1750 633 Hol-

289 650 428 701 nenio,
458 664 533 703 pro
561 647 607 690 κ’.
636 664 729 689 nam
758 650 928 702 ipsemet
957 636 1164 689 Heraclius
1196 651 1248 689 ad
1277 664 1349 691 vn.
1378 650 1562 704 Aprilis
1550 665 1591 691 m
1613 651 1752 690 castris

290 708 341 747 ad
371 708 571 746 Canzacos
600 706 818 758 perstitisse
845 706 1040 746 duntaxat
1067 707 1204 759 paullo
1233 714 1323 746 ante
1353 707 1507 748 scribit.

405 767 499 814 Pag.
529 762 624 807 735.
656 767 693 806 1.
753 767 847 804 Ισον
874 762 1197 816 ὖπομνηστικοῦ]
1233 764 1354 802 Istius
1382 763 1507 803 Sirois
1536 765 1755 804 commoni-

289 820 407 870 torii,
445 834 513 859 seu
540 820 761 872 Epistolae,
800 820 978 858 meminit
1005 819 1256 874 Nicephorus
1287 821 1630 874 Constantinopol.
1659 834 1752 873 qua,

287 877 421 929 inquit
456 876 545 924 ille,
587 876 814 915 Heraclium
853 875 1092 916 hortabatur
1132 883 1180 915 ut
1219 877 1335 916 ambo
1371 877 1543 917 invicem
1582 877 1755 930 Imperia

291 933 596 986 conjungerent,
638 939 678 972 et
713 946 901 971 concessa
930 947 952 970 a
981 934 1065 972 Deo
1094 946 1193 985 pace
1223 934 1474 983 fruerentur,
1521 931 1565 973 es
1594 935 1681 986 lege
1709 933 1756 974 ut

288 996 460 1042 uterque
489 989 574 1028 suis
601 1003 643 1029 se
671 987 820 1028 finibus
850 990 1085 1029 contineret.
1145 991 1321 1029 Meminit
1355 991 1504 1042 pariter
1531 989 1756 1043 Theopha-

288 1061 358 1086 nes
399 1059 488 1085 ann.
525 1059 643 1086 xvm.
710 1045 795 1084 Hac
831 1060 953 1097 porro
986 1045 1290 1099 ὖπομνηστικοῦ
1327 1060 1428 1086 voce
1465 1061 1540 1099 pro
1578 1047 1755 1099 Epistola

291 1103 421 1142 utitur
448 1102 571 1141 etiam
599 1101 797 1141 Chosroes
825 1102 1032 1141 Persarum
1061 1103 1148 1144 Rex
1178 1103 1286 1156 apud
1314 1104 1569 1143 simocattam
1598 1104 1667 1143 lib.
1695 1117 1756 1144 ιν.

288 1173 379 1213 cap.
406 1172 496 1198 vm.
525 1157 663 1198 Sidon.
693 1158 763 1197 lib.
793 1158 884 1198 v⁴111.
915 1159 987 1211 Ep.
1012 1172 1072 1199 xx.

508 1215 672 1254 Dilectae
698 1216 803 1254 nimis
831 1219 865 1254 et
886 1216 1064 1267 peculiari

511 1271 671 1310 Phoebus
698 1274 991 1311 commonitorium
1022 1272 1188 1311 Thaliae.
1725 1288 1728 1293 ·

407 1330 501 1378 Pag.
531 1330 626 1371 735
655 1331 695 1370 8.
753 1328 1069 1381 Καλοποδὶνως]
1102 1328 1191 1367 vox
1219 1326 1349 1377 nihili,
1377 1329 1534 1368 tametsi
1560 1329 1618 1368 ita
1639 1328 1758 1367 etiam

290 1384 389 1424 eod.
419 1383 584 1423 Vatican
626 1384 846 1437 praeferat:
879 1385 1088 1436 legendum
1119 1386 1224 1424 enim
1246 1385 1421 1434 videtur,
1450 1385 1519 1427 καὶ
1535 1381 1758 1435 ἆνοδόνως,

291 1455 413 1494 quam
441 1453 583 1480 vocem
613 1454 705 1479 cum
733 1454 835 1480 voce
865 1437 1024 1491 ἀπόνως
1048 1441 1181 1495 jungit
1217 1441 1492 1481 Plutarchus
1480 1457 1522 1481 m
1552 1443 1759 1493 Cicerone,

291 1499 422 1552 absque
450 1498 530 1536 ulla
559 1497 784 1549 dzfficultate.

327 1591 331 1602 Ι
408 1556 500 1606 Pag.
528 1554 626 1596 735.
657 1557 722 1598 10.
758 1553 988 1606 γΔισσοῦν]
1025 1553 1073 1592 In
1115 1553 1194 1594 MS.
1223 1553 1420 1594 Vaticano
1448 1553 1548 1594 haec
1576 1567 1659 1594 vox
1687 1554 1760 1594 vix

289 1611 367 1662 legi
395 1616 542 1663 potest.

482 1786 610 1822 FINIS
635 1787 884 1823 NOTARUM
907 1786 970 1822 AD
995 1787 1286 1823 CHRONICON
1310 1788 1569 1824 PASOHALE.
