1884 3262
469 202 530 245 IN
563 201 892 246 GHRONICON
922 199 1212 245 PASCHALE.
1475 197 1576 245 299

111 313 295 355 Idatiani.
350 311 502 353 Schott.
521 307 756 353 Λεπούλου
775 308 821 352 τό
841 307 890 353 δ’.
947 310 1028 351 Sed
1047 310 1208 352 eosdem
1229 323 1314 351 esse
1332 323 1424 349 cum
1440 308 1580 363 proxi-

111 371 186 411 mis
218 375 387 410 constat.

228 430 320 478 Pag·
351 428 447 470 366.
474 428 518 469 7.
577 419 840 478 Σαμάρειαν]
871 423 933 463 Ex
953 423 1099 463 Chron.
1124 422 1306 473 Eusebii,
1334 422 1405 461 ubi
1428 435 1580 461 consu-

113 484 259 524 lendus
290 483 478 535 Scaliger.
533 479 638 521 Vide
664 487 870 534 praeterea
899 481 1116 532 Georgium
1150 480 1383 533 syncellum
1412 493 1454 531 p.
1483 481 1582 521 308.

113 541 266 581 Albert.
299 540 475 592 Aquens.
501 538 571 580 lib.
592 551 637 578 Χ.
666 553 754 592 cap.
771 551 888 577 xxv1.
916 538 1154 577 Guibertum
1186 537 1231 576 in
1257 536 1357 577 Hist.
1384 535 1583 578 Hierosol.

115 612 202 651 cap.
215 611 310 638 xxv.
332 603 372 636 et
387 596 479 637 Wil.
499 595 665 648 Tyrium
684 595 757 641 lib.
776 608 864 634 vm.
887 607 975 646 cap.
995 609 1024 633 1.

229 658 322 705 Pag.
351 656 447 697 366.
478 655 519 695 9.
582 650 634 693 Τὸ
664 647 849 704 Πᾶνιον]
888 652 952 691 Ex
982 650 1120 691 eodem
1143 649 1310 702 'Eusebii
1338 648 1489 691 Chron.
1513 648 1583 687 ubi

113 711 220 752 idem
239 710 426 762 Scaliger.
484 708 598 749 Adde
621 709 853 761 Syncellum
875 722 919 761 p.
939 710 1034 753 314.
1054 714 1095 747 et
1114 706 1170 745 ibi
1191 707 1381 748 Goarum.

237 770 323 819 Pag·
353 770 450 810 366.
480 769 546 809 10.
606 766 825 819 Φορνικίου
846 764 917 807 καὶ
935 763 1140 816 Σιλανοῦ]
1169 764 1277 803 Fasti
1305 762 1475 802 [datiani
1502 761 1585 803 MS.

114 825 282 864 Fornicio
310 828 344 863 et
374 824 547 872 Silvano,
582 836 796 875 perperam
835 822 879 861 in
908 829 1080 874 utroque
1110 821 1334 873 Scriptore:
1371 819 1586 870 legendum

115 882 232 931 enim,
263 888 309 920 ut
324 880 434 933 apud
455 880 621 919 Dionem
642 885 682 919 et
698 879 740 918 in
756 880 899 929 Fastis,
929 880 1134 933 Φουρνίου
1154 877 1223 918 καὶ
1242 878 1376 917 Καΐου
1394 877 1587 929 Σιλανοῦ.

114 939 146 977 F
148 938 255 978 urnii
284 937 465 977 meminit
489 936 683 976 Eusebius
707 937 750 975 in
769 936 917 977 Chron.
936 936 1071 975 Furnii
1082 939 1188 988 pater
1202 939 1237 973 et
1244 935 1352 986 filius
1372 934 1467 972 clari
1489 933 1586 971 Ora-

115 1000 207 1034 tores
224 996 414 1044 habentur,
447 1007 593 1046 quorum
603 995 713 1047 filius
731 994 937 1032 Consularis
958 997 1040 1032 ante
1057 997 1198 1044 patrem
1216 995 1375 1029 moritur.

232 1055 324 1102 Pag-
353 1054 450 1095 366·
482 1054 548 1093 11.
605 1051 804 1104 Δομετίου
842 1050 912 1091 καὶ
950 1045 1241 1102 Λενοβᾶρβου]
1281 1046 1390 1085 Fasti
1416 1044 1588 1085 Idatiani

114 1108 224 1148 MSS.
251 1109 408 1147 Domitio
439 1108 625 1160 Scipione,
650 1113 683 1146 et
709 1109 951 1147 Ahenobarbo.
1009 1106 1088 1146 Sed
1110 1107 1187 1158 leg.
1206 1104 1256 1143 L.
1274 1105 1432 1157 Domitio
1444 1104 1589 1142 Aheno-

115 1168 247 1214 barbo,
274 1170 308 1204 et
327 1165 370 1204 P.
392 1165 579 1217 Scipione,
609 1170 655 1203 ut
676 1165 783 1217 apud
807 1165 974 1203 Dionem
995 1170 1034 1203 et
1050 1163 1161 1202 alios.

143 1252 158 1259 ,
233 1225 327 1273 Pag.
357 1225 452 1266 366.
483 1225 547 1264 16.
609 1222 793 1270 Μείζονα
816 1217 1102 1274 οἰκοδόμησεν]
1142 1218 1278 1258 Editio
1306 1218 1450 1269 Scalig.
1480 1217 1589 1259 οἰκο-
1612 1227 1645 1260 V
1671 1225 1741 1264 436

116 1276 282 1333 δόμηκε.
340 1278 419 1317 Sed
439 1278 652 1329 legendum
676 1274 945 1329 οἰκοδόμησεν.

232 1339 327 1386 Pag.
356 1337 455 1378 366.
487 1338 551 1377 19.
611 1320 694 1375 Kal
723 1332 912 1387 Ktoioov‘]
945 1334 1037 1382 Leg.
1066 1338 1114 1372 ut
1136 1330 1244 1384 apud
1265 1330 1420 1371 Schott.
1438 1325 1600 1383 Βάρου,“

116 1393 183 1433 vel
216 1388 404 1446 Ου’άρου,
435 1397 480 1430 ut
497 1391 616 1443 ,apud
644 1392 834 1441 Dionem,
862 1397 902 1429 et
929 1390 971 1428 in
1000 1389 1140 1429 Fastis.
1210 1387 1338 1427 Vetus
1374 1387 1590 1439 Inscriptio

80 1494 93 1497 s
118 1449 227 1502 apud
256 1448 448 1500 Sponium
475 1449 519 1487 in
540 1448 757 1487 Miscellan.
773 1447 954 1486 eruditae
972 1446 1095 1497 antiq.
1117 1458 1206 1498 pag.
1225 1448 1323 1488 277.
1343 1450 1384 1483 et
1400 1446 1497 1486 289.
1527 1443 1593 1484 ΤΙ.

118 1505 342 1545 CLAUDIO
364 1506 479 1544 NER.
500 1506 546 1544 Τ.
568 1504 838 1553 QUINTILIO
858 1504 1001 1544 VARO
1025 1503 1134 1542 COS.
1190 1502 1324 1554 Atque
1344 1502 1406 1540 est
1422 1500 1491 1539 hic
1509 1500 1595 1553 pri-

116 1577 208 1603 mus
222 1562 369 1602 Tiberii
388 1562 642 1601 Consulatus.

233 1622 327 1669 Pag.
359 1622 458 1663 367.
487 1622 528 1662 3.
586 1616 823 1674 Στράτωνος
865 1613 1049 1671 πύργον]
1096 1616 1159 1655 Ex
1202 1615 1352 1655 Clu-on.
1379 1613 1525 1654 Euseb.
1552 1619 1594 1653 et

118 1676 188 1716 lib.
207 1690 253 1716 11.
286 1675 388 1716 Hist.
417 1676 527 1717 Eccl.
550 1689 636 1728 cap.
652 1691 694 1715 x.
722 1676 918 1714 Robertus
945 1672 1166 1712 Monachus
1191 1672 1231 1711 in
1261 1672 1363 1711 Hist.
1392 1671 1594 1710 Hierosol.

118 1733 190 1773 lib.
214 1746 307 1772 v111.
336 1733 410 1772 Est
435 1737 554 1772 autem
582 1733 756 1771 Caesarea
772 1734 928 1782 insignis
948 1733 1075 1770 civitas
1096 1730 1319 1778 Palestinae,
1347 1731 1386 1767 in
1409 1742 1480 1780 qua
1502 1728 1594 1766 Phi-

120 1791 240 1842 lippus
253 1791 444 1842 Apostolus
465 1791 600 1829 dieitur
616 1791 755 1829 domum
774 1790 961 1837 habuisse,
989 1801 1079 1840 quae
1101 1800 1210 1839 usque
1231 1787 1334 1825 hodie
1362 1789 1596 1834 monstratur,

119 1860 181 1886 nec
199 1851 276 1886 non
289 1851 323 1884 et
341 1848 540 1886 cubiculum
547 1847 717 1899 filiarum
735 1847 814 1895 ejus
823 1846 1117 1898 prophetantium.
1175 1843 1249 1884 Est
1271 1847 1390 1881 autem
1415 1845 1455 1881 in
1476 1843 1596 1880 littere

120 1907 232 1943 maris
259 1906 351 1953 sita,
381 1905 463 1942 olim
489 1903 654 1956 Pyrgos,
682 1905 722 1942 id
740 1908 791 1942 est
813 1903 963 1951 Turris,
993 1901 1180 1940 Stratonis
1198 1900 1394 1952 appellata.
1453 1899 1529 1938 Sed
1547 1899 1595 1937 ab

120 1960 266 2001 Herode
283 1961 384 2011 Rege
401 1962 561 1999 nobilius
575 1965 608 1999 et
621 1962 833 2013 pulchrius,
862 1963 897 1997 et
918 1962 1042 1998 contra
1059 1960 1130 1997 vim
1146 1960 1255 1996 maris
1273 1957 1402 1995 utilius
1416 1960 1594 2005 extructa,
1634 1995 1638 1998 ,

123 2019 162 2056 in
191 2018 350 2055 honorem
374 2017 538 2056 Caesaris
554 2018 715 2069 Augusti
733 2018 909 2056 Caesarea
939 2020 990 2055 est
1007 2018 1275 2065 cognominata,
1304 2016 1365 2052 cui
1380 2015 1487 2051 etiam
1502 2015 1540 2051 in
1557 2026 1596 2050 eo

123 2075 291 2126 templum
308 2075 388 2112 albo
411 2087 581 2114 marmore
600 2077 818 2123 construxit,
848 2079 923 2113 etc.
979 2072 1095 2111 Adde
1115 2071 1225 2111 Will.
1248 2070 1416 2122 Tyrium
1436 2069 1505 2107 lib.
1522 2082 1596 2107 vn.

126 2143 213 2183 cap.
234 2143 338 2169 xxu.
362 2131 433 2171 lib.
453 2145 495 2170 x.
516 2145 603 2183 cap.
620 2144 691 2171 xv.
748 2131 935 2169 Erratum
962 2143 1088 2182 porro
1116 2129 1158 2167 in
1190 2127 1358 2166 Novella
1382 2124 1598 2164 Justiniani

126 2200 208 2228 cm.
227 2187 384 2239 pridem
404 2194 649 2227 annotarunt
671 2187 750 2227 viri
773 2186 909 2234 docti,
938 2186 980 2224 in
998 2199 1077 2237 qua
1094 2185 1379 2238 Vespasianum
1398 2182 1597 2222 Stratonis

124 2249 277 2283 turrem
305 2245 535 2283 Caesaream
568 2258 589 2281 a
622 2258 664 2283 se
694 2244 918 2296 appellasse
945 2243 1116 2290 dicitur,
1157 2242 1251 2294 quia
1277 2242 1320 2279 in
1349 2239 1599 2280 Palaestinae

123 2300 308 2352 partibus
339 2301 485 2340 Caesar
510 2301 704 2340 salutatus
731 2301 804 2339 sit:
834 2298 944 2352 quod
965 2299 1084 2339 facile
1104 2300 1334 2339 confutatur
1354 2311 1406 2337 ex
1421 2295 1595 2349 Josepho

123 2357 193 2398 lib.
212 2371 284 2397 xv.
301 2357 437 2409 Antiq.
457 2371 545 2410 cap.
560 2371 648 2398 ειν.

233 2414 334 2454 nid.
391 2409 744 2468 Καριανθηδόνα]
784 2413 897 2461 Quae
929 2409 1164 2465 Ανθηὸὢν,
1206 2410 1379 2464 Josepho
1405 2410 1477 2449 lib.
1506 2421 1600 2448 1111.

126 2483 230 2523 (κιρ.-
253 2484 367 2510 xxxx.
406 2471 582 2523 dicitur,
620 2486 654 2516 a,
679 2484 759 2522 quo
795 2483 866 2508 sua
897 2467 1031 2508 hausit
1067 2470 1230 2508 Tzetzes
1266 2469 1310 2508 in
1341 2465 1599 2520 Lycophron-

124 2539 215 2579 pag.
245 2529 341 2570 121.
718 2572 722 2575 ,

244 2586 338 2634 Pag·
368 2586 462 2627 367.
491 2580 530 2625 4.
593 2583 876 2636 Περσαβίνην]
916 2581 1143 2620 Willelmus
1172 2581 1319 2633 Tyrius
1342 2580 1411 2619 lib.
1436 2592 1477 2618 x.
1510 2591 1599 2629 cap.

129 2651 215 2677 xrv.
244 2640 359 2678 Arsur
386 2641 552 2692 oppidum
579 2643 797 2679 maritimum
819 2641 915 2677 mari
933 2643 967 2677 et
990 2642 1088 2677 terra
1104 2638 1247 2677 obsidet.
1304 2637 1379 2676 Est
1403 2640 1520 2674 autem
1540 2635 1599 2673 hic

132 2694 252 2744 locus,
279 2699 345 2748 qui
361 2697 434 2734 alio
456 2700 590 2736 nomine
606 2697 844 2749 Antipatrida
861 2696 1080 2748 appellatur,
1109 2695 1154 2732 ab
1173 2694 1329 2734 Herodis
1346 2695 1503 2744 genitore
1521 2691 1595 2730 An—

132 2753 266 2802 tipatro
282 2755 333 2791 sic
351 2753 551 2804 appellatus
561 2782 574 2803 ,
603 2755 701 2793 locus
715 2754 818 2803 uber,
846 2754 1019 2792 silvarum
1035 2757 1070 2791 et
1084 2764 1301 2803 pascuarum
1318 2750 1451 2789 multas
1466 2749 1597 2787 habens

132 2809 402 2848 oemmsditates.
461 2810 575 2850 Adde
606 2811 677 2849 lib.
703 2824 760 2849 ix.
790 2822 880 2862 cap.
906 2822 995 2848 mx.
1056 2809 1115 2847 Ex
1140 2807 1221 2846 hoc
1248 2813 1380 2846 autem
1407 2804 1596 2851 Chronici

132 2863 224 2904 loco
242 2863 490 2918 Stephanum
508 2866 695 2909 emendat
708 2865 963 2907 Holsteniusz
988 2864 1255 2920 Anastasis,
1282 2859 1411 2913 πόλις.
1452 2865 1597 2917 ‘Hum—
