1820 3276
227 201 335 260 '430
618 207 701 210 ”
803 214 1126 259 NOTAE

235 323 304 375 qui
339 321 587 375 tyrannidem
621 324 867 376 arripuerat,
916 320 1152 377 Carthagine
1187 327 1229 366 in
1262 329 1436 380 quodam
1466 323 1620 368 firmato
1650 337 1697 369 a'c

233 380 388 419 munito
418 380 567 430 templo
596 380 870 431 obsideretur,
908 383 1050 422 missus
1079 390 1138 422 est
1167 384 1218 423 ad
1247 398 1336 423 eum
1367 386 1588 438 Reparatus
1619 387 1697 425 Ur-

232 436 294 476 bis
338 436 581 488 Episcopus,
633 437 699 488 qui
746 437 901 490 juraret
942 439 1158 479 Gontharis
1195 442 1355 481 nomine
1388 441 1519 495 ipsum
1559 443 1610 482 ab
1648 457 1696 481 eo

231 493 343 531 nulla
380 493 555 531 molestia
589 493 773 533 affectum
801 494 865 544 iri,
900 495 932 534 si
962 510 1003 535 se
1034 496 1209 549 dederet,
1239 498 1316 550 ipsi
1346 511 1427 536 non
1459 499 1696 551 obsequenti

232 555 412 588 extrema
451 549 632 588 minatus.
690 550 870 590 Territus
908 551 1158 592 Areobindus
1196 555 1411 606 spopondit
1447 555 1624 594 Praesuli
1655 569 1697 594 se

233 605 425 644 continuo
454 612 692 656 venturum,
732 608 768 647 εἰ
801 605 845 649 τὸ
870 612 988 650 θεῖον
1015 608 1185 664 λουτρὸν
1220 607 1480 666 ἱερουργήσας
1507 606 1611 667 ᾗπερ
1643 611 1695 652 el'-

232 667 394 712 θισται,
433 659 516 703 εἶτα
544 661 646 716 πρός
675 659 803 704 αὐτοῦ
830 664 873 705 οἱ
897 663 1197 719 ἐπομοσάμενος
1226 662 1332 720 ἀμφὶ
1363 670 1416 724 τῇ
1445 669 1620 723 σωτηρίᾳ
1645 665 1695 708 vol

231 715 353 759 πιστοὶ
383 719 495 771 δοίη·
534 722 568 758 si
602 722 674 771 ipse
701 720 821 759 divino
847 723 917 760 rite
941 727 1102 774 operatus
1129 724 1296 772 lavacro,
1328 738 1394 776 per.
1420 725 1461 762 id
1483 725 1628 773 juraret
1653 737 1698 763 ac

223 776 338 828 fidem
378 775 518 827 faceret
559 779 752 827 promissae
794 778 1059 818 incolumitatis.
1117 780 1164 819 Id
1211 780 1434 833 Episcopus
1478 781 1698 834 pollicitus,

232 845 404 884 puerum
457 846 572 871 sacro
621 834 849 886 Baptismo,
893 836 1121 875 solennibus
1170 835 1358 875 adhibitis
1393 837 1701 891 precationibus,

231 888 419 928 initiavit.
478 889 732 929 A-reobindus
770 904 867 930 vero
907 904 928 930 e
965 906 1085 932 manu
1121 893 1316 932 Antistitis
1346 901 1514 947 accepto
1545 894 1698 940 codice,

233 944 569 998 apprehensoque
600 959 726 999 puero
757 947 977 1000 baptizato,
1020 963 1093 1002 per
1130 963 1248 1002 quem
1286 951 1450 990 Praesul
1478 951 1598 989 fidem
1637 949 1698 989 illi

231 1002 423 1052 dederat,
465 1002 704 1042 Gontharim
742 1005 913 1056 supplex
955 1006 1073 1044 adiit:
1117 1020 1138 1044 a
1179 1020 1259 1059 quo
1295 1012 1427 1046 tamen
1465 1007 1559 1046 data
1597 1006 1700 1047 fides

80 1059 112 1092 V
136 1060 206 1097 517
230 1059 392 1098 minime
422 1065 482 1098 est
511 1065 694 1106 servata,
724 1060 932 1099 interfecto
961 1062 1156 1116 postridie
1186 1063 1425 1103 Areobindo.
1482 1064 1590 1103 Haec
1607 1064 1699 1116 plu-

229 1116 342 1155 ribus
379 1122 515 1155 narrat
551 1116 772 1168 Procopius
810 1117 879 1156 lib.
908 1131 956 1157 11.
992 1119 1197 1161 Vandalic.
1234 1133 1321 1172 cap.
1351 1134 1466 1160 xxV1.
1501 1127 1699 1160 extremo.

229 1173 314 1211 Nec
344 1172 454 1224 apud
485 1173 660 1212 Graecos
690 1172 886 1212 duntaxat
923 1175 967 1214 id
1006 1189 1082 1227 per
1121 1176 1366 1228 Baptismum
1410 1183 1700 1216 sacramentum

230 1229 428 1278 obtinuit,
472 1229 540 1267 sed
578 1230 696 1268 etiam
724 1229 833 1282 apud
865 1231 1043 1270 Latinosz
1083 1231 1189 1271 idem
1220 1233 1322 1271 enim
1351 1233 1457 1272 valet
1479 1234 1608 1283 jurare
1637 1247 1700 1272 sa-

231 1290 408 1325 cramento
438 1285 645 1324 Catholicae
670 1286 795 1334 Fidei,
834 1288 898 1324 sub
936 1291 1131 1327 testimonio
1157 1288 1266 1328 Fidei
1294 1289 1537 1339 Christianae,
1574 1294 1608 1329 et
1635 1290 1700 1328 sub

227 1343 457 1392 adjuratione
475 1342 574 1394 fidei
594 1356 667 1393 qua
695 1344 895 1383 Christiani
919 1358 1060 1383 sumus.-
1089 1358 1208 1396 quam
1238 1345 1450 1385 formulam
1480 1346 1627 1399 passim
1655 1346 1700 1384 iu

229 1399 436 1438 veteribus
471 1397 620 1438 chartis
656 1399 827 1452 reperiri
866 1399 1164 1440 observavimus
1199 1403 1242 1441 in
1273 1403 1402 1441 Gloss.
1432 1403 1588 1442 mediae
1624 1403 1701 1441 La·-

224 1456 304 1495 tin.
332 1456 375 1494 in
403 1469 442 1496 v.
472 1456 728 1495 Juramentum.
787 1455 1047 1496 Tabularium
1086 1458 1338 1498 Persiacense
1377 1459 1451 1500 Ch.
1479 1474 1555 1499 xu-
1591 1459 1700 1512 apud

230 1512 449 1552 Perardum
478 1511 520 1549 in
548 1512 835 1563 Burgundicis:
869 1517 903 1551 et
925 1528 990 1566 per
1017 1515 1120 1553 illam
1144 1516 1395 1569 professionem
1424 1529 1528 1568 quam
1555 1518 1596 1554 in
1622 1516 1703 1554 Ba.

224 1571 358 1622 ptismo
389 1571 645 1620 promiserunt,
693 1574 735 1607 ut
773 1572 955 1610 veritatem
987 1571 1183 1621 dixissent,
1230 1578 1294 1611 etc.
1352 1571 1497 1612 Charta
1539 1572 1701 1612 Joannis

228 1625 418 1678 Episcopi
461 1625 754 1664 Cameracensis
800 1641 864 1665 an.
901 1641 1098 1668 mccxxiv.
1135 1629 1175 1667 in
1214 1628 1428 1668 Tabulario
1466 1629 1613 1668 Montis
1657 1630 1699 1670 S.

229 1682 414 1721 Martini:
444 1683 504 1720 Ad
533 1684 649 1721 omnia
670 1683 872 1735 superdicta
891 1685 1088 1734 servanda,
1106 1686 1187 1737 fide
1205 1690 1238 1724 et
1251 1687 1455 1736 juramento
1473 1686 1701 1738 corporaliter

229 1743 263 1778 et
293 1739 480 1777 solenniter
501 1742 703 1790 praestitis,
732 1753 768 1778 se
797 1744 830 1778 et
849 1754 917 1779 sua
936 1755 1054 1780 coram
1071 1743 1169 1781 vobis
1187 1744 1332 1794 quilibet
1350 1757 1418 1795 pro
1437 1743 1593 1794 singulis
1609 1743 1701 1781 obli-

229 1798 356 1846 gavit,
387 1799 421 1832 et
449 1795 758 1835 christianitatem
788 1809 890 1834 suam
916 1800 1015 1837 nobis
1034 1803 1067 1836 et
1087 1799 1267 1852 Episcopo
1286 1797 1513 1839 Noviomensi
1526 1802 1564 1838 in
1582 1800 1702 1838 obsta-

66 1883 72 1886 .
229 1855 331 1902 giam
353 1854 494 1902 posuit,
530 1856 595 1890 etc.
654 1852 798 1892 Charta
835 1852 911 1891 alia
949 1855 1041 1893 anni
1078 1868 1246 1896 mccxxx.
1283 1855 1462 1908 ejusdem
1491 1856 1700 1908 Episcopi,

78 1905 110 1941 1>
137 1905 208 1943 583
230 1908 275 1946 in
303 1907 442 1947 eodem
473 1907 713 1948 Tabulario:
746 1910 939 1949 Sciendum
968 1912 1060 1962 quod
1080 1913 1261 1963 praedicti
1284 1913 1521 1951 Theodericus
1541 1916 1575 1950 et
1598 1912 1701 1950 Sara

228 1978 321 2004 uxor
338 1965 418 2013 ejus
437 1963 743 2004 Christianitatem
762 1979 863 2004 suam
883 1967 979 2005 vobis
994 1968 1221 2018 obligarunt,
1246 1983 1351 2020 super
1361 1970 1444 2018 jam
1466 1969 1574 2008 dictis
1590 1969 1701 2006 mnni-

230 2023 295 2059 bus
307 2022 465 2072 firmiter
489 2021 726 2060 observandis.
781 2021 828 2059 In
856 2022 1021 2062 eandem
1050 2025 1282 2063 sententiam
1310 2025 1477 2064 loannes
1504 2024 1701 2064 Sarisber.

230 2077 356 2129 Epist.
381 2079 478 2119 275.
509 2077 630 2116 Primo
650 2079 786 2127 Deum,
814 2081 869 2127 et,
897 2083 939 2118 ut
954 2080 1029 2119 dici
1042 2082 1150 2130 solet,
1182 2081 1488 2120 christianitatem
1510 2094 1614 2121 suam
1639 2082 1702 2120 ob-

229 2135 341 2172 sidem
367 2133 498 2171 dabat:
524 2133 568 2172 id
592 2140 666 2184 est,
696 2136 1096 2176 excommunicationi
1126 2151 1211 2176 sese
1240 2137 1445 2177 subdebat.
1503 2138 1571 2177 Est
1593 2137 1700 2177 euim

232 2190 486 2229 christianitas
515 2190 711 2242 professio
740 2190 835 2229 fidei
864 2205 984 2245 quam
1011 2193 1055 2232 in
1076 2194 1278 2247 Baptismo
1303 2195 1458 2245 damus,
1485 2207 1562 2248 per
1579 2206 1701 2246 quem

231 2245 448 2284 Christiani
476 2246 604 2285 fimus.
662 2247 834 2287 Proinde
856 2250 984 2298 jurare
1008 2263 1076 2302 per
1103 2251 1409 2290 Christianitatem
1437 2264 1561 2300 suam,
1598 2249 1701 2289 nihil

231 2301 341 2341 aliud
374 2307 436 2340 est
465 2316 584 2354 quam
609 2303 746 2357 jurare
775 2317 848 2356 per
873 2319 989 2346 suum
1008 2307 1268 2360 Baptismum.
1324 2307 1428 2347 Vide
1448 2306 1551 2346 idem
1571 2307 1701 2346 Gloss.

232 2359 276 2398 in
302 2371 340 2397 v.
373 2358 639 2398 Christianitas.
698 2360 809 2399 ldem
846 2375 971 2414 porro
1000 2370 1137 2404 narrat
1168 2363 1431 2417 Theophanes
1467 2362 1582 2415 quod·
1607 2361 1702 2403 Διι-

232 2420 324 2455 ctor
349 2413 548 2453 Chroniei.

346 2470 441 2520 Pag·
469 2473 565 2512 601.
597 2474 636 2514 8.
696 2475 791 2521 Εως
830 2476 903 2525 τῆς
943 2470 1071 2516 αὐτοῦ
1107 2474 1248 2528 ζωῆς]
1276 2473 1563 2528 Theophanes,
1595 2472 1699 2516 ὕπο-

233 2524 361 2579 σχέσει
393 2523 612 2579 ἅδιαδόχου
654 2530 978 2581 στρατηλατείας,
1023 2531 1081 2569 uti
1124 2531 1304 2570 emendat
1342 2530 1463 2569 Henr.
1503 2530 1699 2582 Valesius,

234 2596 328 2621 cum
357 2583 472 2634 prius
499 2582 700 2634 legeretur
727 2581 940 2637 διαδόχου,
979 2587 1183 2639 quomodo
1222 2585 1529 2639 chrysostomus
1562 2600 1700 2626 recen-

207 2637 325 2678 'sens
354 2645 504 2692 septem
544 2637 681 2691 ἕορτοῖς
719 2640 973 2692 δεσποτικᾶς,
1017 2642 1125 2695 apud
1166 2643 1380 2694 Georgium
1420 2643 1699 2683 Hamartolum

235 2696 280 2734 in
313 2694 513 2735 Chronico
542 2696 623 2736 MS.
655 2695 694 2734 in
724 2696 968 2747 JustinianO,
1008 2695 1181 2751 ἑβδόμη,
1217 2697 1248 2751 ἦ
1283 2698 1596 2769 προσδοκωμένη
1624 2702 1699 2752 τῆς

236 2755 463 2804 καθολικῆς
515 2747 766 2801 &vando-5009
808 2756 890 2794 τῶν
935 2757 1088 2809 νεκρῶν
1137 2752 1234 2807 μετοῖ
1272 2759 1443 2796 Λουκᾶν
1481 2752 1701 2808 αδιάδοχος

236 2805 367 2861 ἡμέρα
395 2809 565 2858 dicitur,
595 2808 639 2847 id
666 2815 726 2849 est
755 2815 849 2862 post
879 2823 997 2862 quam
1026 2810 1280 2851 festivitatem
1308 2812 1418 2851 nulla
1449 2811 1526 2851 alia
1555 2811 1699 2851 subse-

237 2863 384 2915 quitur.
442 2863 708 2918 Διαδέχεσθαι
744 2871 875 2906 autem
910 2867 1080 2907 sumitur
1115 2868 1347 2921 praesertim
1384 2867 1493 2922 apud
1521 2868 1698 2908 Graecos
