1884 3262
572 158 841 210 eunome}
874 130 1182 206 PAsciJAuS.
1245 135 1257 145 “

141 271 235 317 447.
262 270 396 324 Appio
428 272 561 311 Gaeco
591 276 631 310 et
650 271 846 311 Violente.

138 329 236 372 448.
266 329 435 368 Remulo
465 335 505 368 et
534 328 692 367 Albino.

137 384 237 430 449.
265 385 426 424 Metello
455 392 497 426 et
523 383 708 424 Minutio.

136 441 236 486 450.
266 442 492 482 Semfronio
522 448 561 482 et
592 442 770 482 Faberio.

135 498 236 543 451.
265 499 434 538 Lentulo
465 505 505 538 et
534 498 738 539 Abentesi.

136 556 233 601 452.
263 556 445 596 Dentone
475 562 516 596 et
543 556 701 595 Emilio.

138 613 234 655 453.
264 612 339 653 Hm
368 613 510 655 conss,
556 615 641 654 item
669 613 842 653 cominus
872 610 1066 659 Dictator,
1094 613 1130 650 et
1156 608 1318 652 Emilius
1346 606 1534 659 Magister

260 669 439 721 Equitum
455 671 628 709 mensibus
650 683 707 710 v1.
726 669 854 709 deinde
875 668 1042 722 fuerunt.

135 726 231 771 454.
262 726 441 766 Corvino
466 733 506 766 et
533 727 676 768 Pansa.

135 785 231 828 455.
260 783 423 823 Poetico
453 789 493 823 et
523 783 741 836 Torquato.

135 840 231 883 456.
262 839 450 892 Scipione
480 845 518 879 et
546 840 738 880 Maximo.

135 898 234 942 457.
262 897 383 936 Rullo
412 897 483 936 III.
513 903 552 937 et
579 898 746 937 Musone
773 896 844 938 ΠΙ.

134 954 233 997 458.
264 954 432 993 Claudio
452 954 501 993 Π.
531 959 572 994 et
601 954 785 994 Violente
814 953 864 995 H.

133 1010 233 1054 459.
261 1011 383 1050 Rullo
412 1010 460 1051 V.
493 1017 533 1052 et
558 1010 725 1052 Musone
758 1011 804 1051 V.

134 1068 231 1111 460.
259 1067 419 1107 Metello
453 1074 494 1108 et
518 1068 686 1119 Regulo.

134 1125 232 1168 461.
261 1125 434 1164 Cursore
463 1130 502 1165 et
533 1125 722 1165 Maximo.

134 1181 232 1225 462.
261 1181 439 1221 Maximo
470 1182 637 1234 Gurgite
667 1189 708 1222 et
737 1180 926 1222 Braccho.

134 1237 231 1282 463.
265 1239 429 1278 Metello
456 1239 510 1280 ΙΙ.
541 1244 582 1278 et
610 1239 757 1280 Vulbo.

134 1294 231 1338 464.
260 1299 403 1335 Ruffino
432 1304 469 1335 et
495 1300 665 1339 Dentato.

133 1352 232 1395 465.
264 1352 440 1392 Maximo
469 1358 509 1391 et
535 1352 707 1393 Noetuo.

135 1409 231 1453 466.
263 1409 451 1449 Cremulo
479 1415 520 1448 et
547 1408 708 1449 Albino.

135 1466 232 1509 467.
263 1467 456 1506 Marcello
486 1472 527 1505 et
555 1467 722 1506 Rutilio.

134 1521 231 1567 468.
262 1524 398 1562 Potito
429 1529 470 1563 et
497 1522 639 1562 Petito.

135 1581 230 1622 469.
261 1580 415 1634 Lepido
445 1585 485 1619 et
518 1580 699 1619 Caecina.

135 1634 233 1679 470.
260 1637 381 1676 'racio
409 1643 452 1677 et
480 1637 675 1677 Dantone.

135 1693 233 1736 471.
264 1694 472 1733 Dolabella
499 1700 540 1733 et
568 1693 758 1733 Maximo.

136 1756 232 1800 472.
263 1751 391 1790 Lucio
421 1757 462 1790 et
488 1751 610 1802 Papo.

135 1812 233 1856 473.
262 1808 436 1848 Barbula
466 1814 508 1848 et
535 1806 739 1860 Philippo.

136 1869 232 1913 474.
264 1863 493 1918 Laebymuo
522 1870 562 1904 et
595 1864 856 1903 Caeruntano.
938 1858 942 1861 '

138 1926 234 1970 475.
265 1923 485 1962 Ceverione
514 1928 556 1961 et
583 1921 764 1962 Musone.

137 1983 234 2027 476.
267 1980 435 2018 Lucinio
466 1985 506 2019 et
534 1979 662 2031 Pap0.

137 2041 233 2084 477.
263 2036 411 2075 Rufino
444 2042 483 2076 et
510 2035 709 2074 Bubulco.

136 2098 232 2141 478.
262 2094 432 2146 Gurgito
462 2099 504 2133 et
531 2092 726 2145 ClePyno.

137 2155 233 2198 479.
262 2151 423 2202 Benago
452 2156 491 2189 et
510 2149 696 2189 Lentulo.

137 2211 235 2255 480.
263 2208 422 2258 Benago
450 2206 498 2248 II.
529 2212 570 2246 et
595 2201 790 2244 Merinda.

139 2268 235 2311 481.
265 2263 418 2303 Licinio
448 2269 489 2303 et
518 2261 693 2301 Cambia.

138 2323 236 2368 482.
266 2321 439 2361 Cursore
468 2325 509 2359 et
537 2318 725 2358 Maximo.

138 2379 237 2426 483.
267 2377 437 2417 Claudjo
466 2382 506 2416 et
537 2375 772 2429 Clepisnate.

140 2437 238 2482 484.
266 2439 430 2484 clepsina
451 2442 487 2473 et
506 2437 636 2472 Blasio.

141 2494 238 2538 485.
266 2492 382 2531 Gallo
413 2490 560 2530 Sabino
590 2495 631 2529 et
659 2488 814 2528 Pisone.

142 2550 241 2594 486.
271 2548 489 2589 Simfronio
518 2546 707 2600 Sapiente
742 2551 782 2585 et
811 2542 931 2583 Ruso.

142 2607 238 2651 487.
268 2606 421 2658 Regulo
451 2611 494 2646 et
519 2603 685 2644 Libone.

142 2666 240 2708 488.
268 2662 394 2702 Fabio
418 2668 459 2702 et
485 2661 646 2701 Pictore
674 2664 714 2698 et
744 2658 878 2697 Poeta.
939 2696 942 2697 γ

143 2722 239 2765 489.
267 2719 443 2760 Maximo
472 2725 512 2759 et
539 2717 690 2758 vitulo.

143 2776 242 2820 490.
268 2775 486 2818 Theudace
513 2781 554 2815 et
580 2773 744 2814 Flacco.

147 2833 244 2879 491.
271 2834 450 2882 Maximo
474 2837 517 2880 et
541 2832 701 2880 Graue.

1520 154 1615 207 151

1560 271 1726 310 Ammo·

1563 890 1684 920 desunt.

1568 1176 1711 1207 Brachio.

1567 1235 1687 1265 Vultio.

1568 1523 1728 1555 Purheito.

1569 1581 1702 1612 cam.

1568 1638 1674 1671 Taua.

1544 1858 1548 1862 ·
1569 1841 1686 1871 [cebium
1694 1839 1851 1870 et'l'emu-

1529 1936 1537 1941 ,
1570 1879 1713 1972 ῦιῗέἕιὶ
1736 1911 1768 1939 et
1781 1908 1850 1939 Mn-

1570 2089 1697 2127 Lepino.

1568 2202 1726 2240 Meringn.

1567 2374 1754 2413 Lepimnte.

1567 2592 1733 2629 nunigulo.

1567 2654 1670 2685 Poeta.

1569 2766 1724 2797 'rendam
1782 2784 1791 2789 .
