1884 3262
283 214 384 261 292
851 210 1175 254 NOTAE

285 322 430 362 mensis
465 320 681 361 deduxisse
717 317 868 368 videri,
913 332 1015 371 quae
1054 326 1112 358 est
1150 319 1340 358 sententia
1370 318 1559 370 Scaligeri
1586 318 1658 359 lib.
1688 332 1752 359 111.

288 381 436 418 Canon.
466 379 616 428 Isagog.
672 376 718 414 Id
748 382 863 427 negat
890 373 1086 415 Hem-icus
1117 376 1295 415 Valesius
1326 377 1377 415 ad
1404 376 1546 427 Evagii
1632 375 1702 414 lib.
1722 389 1752 415 1.

287 450 373 488 cap.
403 449 475 473 ΧΠ.
516 433 705 484 huncque
743 433 801 471 sic
836 432 1006 484 intelligi
1039 433 1182 471 debere
1222 433 1449 482 contendit,
1493 439 1540 470 ut
1551 389 1754 471 Πέἑυοωε-

289 492 539 538 consultum,
590 503 670 541 quo
719 489 859 527 civitas
897 489 960 527 sui
998 490 1099 541 juris
1139 503 1184 527 ac
1222 489 1348 528 libera
1383 488 1642 540 pronuntiata
1680 493 1754 538 est,

288 562 419 587 mense
460 547 562 585 Maio
603 553 809 598 acceptum
849 545 994 596 fuerit,
1033 560 1079 586 ac
1115 546 1276 597 publice
1313 547 1581 597 propositum:
1629 558 1754 583 annos

287 619 411 657 porro
441 602 733 652 Antiochenos,
765 603 835 654 qui
861 615 1008 641 xnvm.
1038 604 1149 640 annis
1179 602 1358 640 Natalem
1390 601 1539 640 Christi
1565 607 1756 640 antever-

287 668 399 709 tunt,
429 674 511 699 non
541 659 590 697 ab
619 659 726 698 Maio
756 672 909 709 mense,
944 659 1053 710 quod
1082 659 1170 697 vult
1200 658 1407 707 petavius,
1436 658 1506 697 sed
1534 672 1556 696 a
1585 658 1758 696 Novem-

285 719 351 757 bri
380 717 524 756 deduci
551 722 698 756 censet.
755 716 905 754 Verum
934 716 1087 754 Auctor
1115 714 1303 754 Chronici
1330 715 1435 753 infra
1464 714 1599 753 verbis
1627 714 1757 753 diser-

286 775 340 814 tis
371 772 510 812 scribi't
541 787 562 810 a
597 773 727 823 primo
757 772 841 810 Caii
871 772 1070 822 Caesaris,
1113 778 1151 810 et
1178 771 1268 823 ipso
1298 785 1372 809 xn-
1409 771 1475 810 die
1507 771 1654 810 mensis
1682 770 1757 810 Ar-

287 831 453 879 temisii»,
486 829 691 878 seu1Maii‚
718 827 990 868 Antiochenos
1019 842 1144 867 annos
1174 842 1267 866 suos
1295 833 1459 880 putare:
1489 828 1545 867 ita
1572 834 1621 866 ut
1647 840 1757 866 men-

289 888 385 926 dum
414 888 464 926 sit
492 887 534 924 in
564 886 760 925 alterutro
789 886 881 923 loco
911 885 952 924 in
981 885 1127 924 mensis
1158 884 1242 932 die,
1283 898 1373 922 cum
1403 883 1470 924 hic
1499 898 1617 925 xxnI.
1650 884 1754 923 infra

288 959 362 983 ΧΠ.
392 944 559 982 dicatur.
619 939 875 995 Αὕτονομίας
909 947 1041 980 autem
1080 941 1423 980 Antiochenorum
1464 942 1657 980 memoria
1685 940 1756 978 ha-

287 1002 486 1040 beturin
524 999 650 1038 veteri
686 1012 873 1046 nummo,
914 997 1025 1037 hisce
1061 998 1220 1037 verbis:
1267 999 1617 1038 ΑΝΤΙΟΧΕΩΝ
1646 1000 1756 1037 ΜΗ-

291 1059 527 1098 ΤΡΟΠΟΛ.
593 1053 968 1103 AYTONOMOY,
996 1054 1061 1092 de
1101 1068 1180 1106 qua
1220 1055 1357 1103 etiam,
1397 1060 1445 1092 ut
1483 1060 1523 1093 et
1561 1048 1625 1093 de'
1651 1066 1756 1092 anno
1819 1104 1822 1107 ι

288 1128 368 1166 quo
399 1126 588 1152 concessa
617 1118 690 1162 est,
721 1112 857 1150 multis
885 1124 998 1162 egere
1028 1112 1201 1161 Scaliger
1231 1111 1279 1149 ad
1312 1111 1526 1150 Eusebium.
1551 1124 1641 1163 pag.
1663 1113 1757 1154 156.

287 1173 383 1214 240.
417 1177 457 1208 et
486 1170 555 1207 lib.
587 1183 649 1208 111.
691 1169 894 1206 Canonum
925 1168 1112 1218 Isagogic.
1147 1181 1234 1218 pag.
1266 1171 1359 1209 301.
1400 1167 1584 1206 Petavius
1610 1167 1682 1206 lib.
1712 1179 1756 1205 x.

289 1227 340 1266 de
370 1227 508 1265 Doctr.
539 1226 678 1277 Temp.
709 1238 796 1276 cap.
822 1237 920 1262 an.
951 1230 991 1262 et
1021 1224 1072 1262 ad
1100 1222 1370 1275 Epiphanium
1401 1238 1488 1275 pag.
1520 1227 1612 1267 192.
1641 1223 1758 1262 Hen-

286 1283 395 1322 ricus
438 1281 615 1322 Valesius
660 1280 712 1318 ad
758 1281 996 1331 Evagrium‚
1043 1281 1201 1318 Goarus
1231 1279 1300 1318 ‘ad
1341 1280 1568 1332 Syncellum
1605 1294 1648 1333 p.
1687 1281 1756 1322 74.

285 1339 518 1378 Herwartus
546 1338 589 1375 in
620 1336 809 1376 chronol.
840 1351 926 1389 cap.
957 1350 1042 1375 ccv.
1071 1349 1173 1375 σενι.
1194 1349 1298 1375 ccxi.
1320 1350 1440 1378 ccxu,
1464 1350 1601 1375 ccxm.
1625 1349 1755 1374 ccxiv.

288 1409 493 1435 ccxxxvii.
534 1394 826 1432 Grandamicus
861 1393 902 1432 in
943 1392 1182 1443 chronolog.
1223 1392 1368 1432 Christ.
1404 1392 1508 1445 part,
1537 1407 1582 1431 11.
1616 1406 1656 1445 p.
1685 1393 1755 1435 56.

287 1452 551 1505 Spanhemius
593 1451 692 1492 Diss
719 1465 776 1490 1x.
815 1449 864 1489 de
892 1450 1045 1489 Praest.
1075 1448 1266 1489 Numism.
1299 1464 1339 1502 p.
1367 1453 1464 1494 866.
1494 1456 1532 1488 et
1560 1449 1624 1488 alii
1657 1455 1758 1502 pas-

286 1510 361 1548 sim
391 1507 649 1558 Chronologi.

403 1565 500 1615 Pag.
532 1565 630 1607 355
659 1562 698 1604 5.
759 1561 842 1602 Και
870 1565 1031 1616 πρῶτον
1061 1561 1160 1615 ε’τος]
1189 1533 1460 1602 Indictionum
1491 1562 1572 1601 duo
1594 1561 1758 1601 videtur

289 1622 439 1661 Auctor
469 1620 659 1659 Chronici
686 1625 862 1659 statuere
894 1619 1118 1675 principia.
1148 1620 1322 1672 primum
1341 1618 1422 1658 hoc
1440 1633 1556 1669 anno,
1587 1619 1758 1658 alterum

286 1693 390 1718 anno
420 1676 568 1716 Christi
593 1689 756 1715 cccxm.
1310 1691 1314 1695 -

400 1736 495 1773 Post
522 1733 629 1771 hanc
659 1739 875 1773 extremam
903 1728 1114 1785 περιοχήν,
1149 1732 1387 1783 sequebatur
1408 1732 1456 1771 in
1485 1732 1658 1771 editione
1679 1732 1757 1769 Ra·

288 1791 452 1831 deriana
482 1790 691 1840 Catalogus
719 1789 1011 1841 Imperatorum
1044 1788 1092 1825 ab
1115 1787 1295 1839 Augusto
1324 1802 1451 1841 usque
1479 1789 1530 1827 ad
1561 1789 1757 1827 Constan-

282 1849 417 1887 -tinum
446 1845 774 1895 Monomachum,
807 1845 1020 1896 adscriptis
1038 1844 1248 1883 ‘duntaxat
1276 1845 1436 1898 Imperii
1466 1845 1600 1894 annis,
1629 1845 1756 1896 iisque

285 1903 394 1943 haud
438 1917 578 1955 parum
617 1915 773 1954 semper
806 1901 921 1950 fidis,
963 1906 1083 1955 atque
1114 1900 1212 1939 adeo
1242 1903 1360 1940 etiam
1388 1901 1431 1939 in
1460 1901 1608 1940 Codice
1636 1900 1757 1940 Vati-

287 1975 399 2010 cano,
430 1959 500 1998 sed
529 1959 604 1997 alia
634 1965 672 1997 et
700 1957 829 1996 multo
860 1956 1078 1996 recentiori
1100 1970 1219 1995 manu
1237 1971 1354 2009 quam
1373 1957 1599 1997 Chronicon
1621 1958 1756 2010 ipsum

270 2012 542 2068 descriptus,
583 2015 648 2053 cui
695 2014 744 2052 ab
783 2013 968 2065 imperito
1008 2012 1142 2064 aliquo
1179 2014 1371 2053 insertum
1407 2015 1634 2054 verosimile
1677 2020 1754 2053 est:

288 2088 382 2112 cum
420 2071 609 2111 Auctoris
649 2070 838 2109 Chronici
874 2083 960 2108 esse
999 2083 1080 2108 non
1119 2070 1275 2122 possit,
1319 2071 1390 2123 qui
1428 2074 1469 2110 in
1509 2071 1754 2120 Heraclium,

288 2144 368 2182 quo
398 2130 620 2182 imperante
650 2127 775 2176 vixit,
817 2126 974 2165 desinit.
1042 2126 1121 2165 Sed
1152 2133 1192 2165 et
1221 2141 1348 2179 neque
1376 2128 1492 2167 illum
1511 2128 1755 2178 *catalogum

288 2185 450 2237 agnovit
486 2184 625 2223 Codex
659 2183 868 2225 Holstenii.
926 2183 1059 2235 Atque
1096 2183 1140 2221 id
1181 2197 1321 2222 causae
1355 2184 1453 2236 fuit,
1489 2191 1538 2223 ut
1563 2191 1752 2236 tanquam

286 2256 498 2295 perperam
526 2238 950 2293 ἱηεεϊωωπάρεργον
979 2240 1072 2278 inde
1102 2241 1307 2289 avulsum,
1336 2254 1387 2279 ne
1420 2241 1540 2281 series
1567 2241 1754 2294 Scripto-

285 2299 340 2338 ris
374 2299 703 2349 abrumperetur,
741 2295 794 2335 ad
823 2295 1012 2334 Chronici
1042 2297 1213 2344 calcem,
1251 2311 1342 2337 cum
1372 2298 1460 2336 aliis
1488 2298 1646 2338 selectis
1671 2298 1754 2336 ali-

287 2362 388 2407 quot
423 2354 744 2402 amandaremus,
783 2366 832 2391 ne
869 2352 946 2391 hac
970 2353 1255 2405 {qualicunque
1285 2368 1414 2394 merce
1442 2354 1651 2403 fraudetur
1678 2354 1753 2401 Le·-

289 2418 389 2453 otor.
447 2410 653 2464 Ejusmodi
694 2415 824 2448 autem
862 2410 1090 2461 complures
1129 2410 1331 2450 habentur
1365 2411 1407 2449 in
1438 2411 1561 2450 codd.
1589 2411 1699 2450 MSS.
1727 2423 1752 2448 a

288 2468 451 2508 Graecis
476 2467 698 2519 conscripti
726 2466 1018 2518 Imperatorum
1048 2467 1237 2518 catalogi,
1267 2467 1465 2520 adjunctis
1495 2467 1656 2520 Imperii
1684 2481 1752 2506 an-

287 2525 374 2566 nis:
421 2524 492 2564 secl
521 2530 559 2562 et
587 2524 628 2562 in
657 2522 775 2561 editis
805 2523 981 2573 aliquot,
1023 2530 1069 2562 ut
1097 2524 1206 2575 apud
1236 2525 1275 2563 S.
1305 2525 1519 2563 Maximum
1548 2523 1599 2563 'in
1629 2525 1752 2563 Com-

144 2594 173 2627 p
197 2593 266 2628 518
288 2588 402 2634 puto,
429 2579 696 2632 Nicephorum
725 2579 768 2617 in
799 2578 1081 2630 Chronologia‚
1114 2581 1400 2620 Leunclavium
1429 2580 1470 2618 in
1498 2581 1592 2619 Jure
1621 2581 1751 2619 Grae-

291 2652 443 2677 corum.
477 2636 676 2676 Labbeum
704 2635 753 2674 ad
785 2636 968 2688 Glycam,
999 2637 1206 2675 Petaviu'm
1236 2638 1290 2676 ad
1314 2637 1533 2690 Nicephori
1551 2638 1751 2676 Constan-

288 2694 488 2746 tinopolit.
526 2693 795 2742 Breviarium,
842 2692 1002 2731 Henric.
1039 2693 1281 2733 Doduellum
1317 2695 1356 2733 in
1400 2693 1749 2734 Dissertationibns

290 2750 560 2803 Cyprianicis,
601 2757 676 2790 etc.
723 2763 824 2802 quos
870 2761 961 2787 cum
997 2750 1074 2788 isto
1113 2751 1294 2790 conferre
1332 2751 1481 2804 poterit
1508 2752 1683 2800 Lector,
1715 2749 1749 2788 si

288 2809 388 2846 tanti
422 2807 631 2857 videatur,
679 2811 725 2846 ut
762 2805 940 2845 omittam
980 2806 1218 2846 Clementem
1256 2807 1575 2847 Alexandrinum
1613 2807 1681 2847 lib.
1718 2819 1747 2848 1.

287 2865 472 2903 Stromat.
501 2876 589 2916 pag.
610 2863 703 2908 539.
733 2862 801 2915 qui
826 2868 1063 2902 >accuratum
1091 2863 1379 2916 Imperatorum
1409 2864 1652 2916 catalogum,
1680 2875 1746 2902 us-
