1884 3262
131 2427 160 2460 P
183 2427 252 2463 528

281 222 382 267 312
839 219 1163 262 NOTAE

281 331 390 371 Idem
411 336 622 384 peccatum
651 343 756 368 anno
786 343 969 370 vanum..
1001 329 1146 382 Cyclus
1176 329 1346 368 Lunaris
1376 329 1570 368 naturalis
1590 344 1646 369 Χῖ.
1668 343 1745 368 vo·

282 395 421 435 catur,
452 400 541 425 cum
571 387 765 425 naturalis
792 386 844 424 sit
870 401 942 425 ΧΠ.
973 400 1090 439 quem
1121 386 1258 424 eodem
1288 399 1390 424 anno
1423 385 1580 438 prodit,
1611 401 1631 424 3
1663 400 1744 438 quo

282 446 316 483 si
347 445 518 496 Epactae
549 443 811 493 ducerentur,
836 443 975 482 fuisset
1003 457 1079 483 xil.
1110 457 1189 481 non
1222 456 1340 494 quam
1373 442 1522 495 prodit.
1573 442 1745 482 Proinde

282 514 402 540 voces
432 497 531 540 κατοὲ
552 497 702 549 φύσιν,
731 513 815 539 esse
844 501 1040 550 glossema
1071 501 1270 552 opinatur.

396 559 489 608 Pag.
519 556 615 599 430.
649 557 711 599 14.
773 553 909 610 Γάλβα
929 556 995 597 καὶ
1020 553 1204 603 Σύλλου]
1239 555 1366 593 Servii
1395 554 1562 607 Sulpicii
1586 555 1746 606 Galbae,

281 620 321 652 et
351 614 397 653 L.
429 613 605 653 Cornelii
636 613 771 653 Sullae
801 614 1040 652 Consulatus
1070 613 1177 652 cadit
1197 641 1209 661 ‚
1249 612 1308 650 uti
1351 625 1472 664 supra
1507 612 1747 665 monuimus,

280 671 322 708 in
349 669 446 712 ind.
474 683 513 709 v.
553 684 615 709 an.
647 669 739 710 Chr.
767 683 915 709 xxxnt.
974 670 1074 710 Vide
1104 668 1306 708 Norisium
1345 668 1386 706 in
1425 668 1548 721 Epist.
1584 669 1748 708 Consu-

279 727 356 766 lari
416 741 438 765 a
467 759 476 768 .
511 729 576 769 16.
1770 729 1773 732 '

383 739 491 835 Ii‘agg·
519 783 614 826 430.
649 783 713 826 15.
767 783 1004 838 Αγρίππας]
1054 781 1116 820 ΕΧ
1145 780 1294 821 chron.
1326 780 1508 832 Eusebfi,
1545 781 1616 820 ubi
1646 795 1746 821 con-

278 839 470 879 sulendus
499 839 685 891 Scaliger.

394 896 489 947 Pag.
519 895 614 939 430.
648 899 711 938 17.
773 899 811 936 Γ
806 893 928 937 ἄλλον
958 894 1027 935 καὶ
1048 893 1310 945 Νοννιανοῦ]
1342 893 1380 932 C.
1404 894 1521 933 Sestio
1551 895 1686 944 Gallo,
1715 899 1755 934 et⁴

279 952 336 991 M.
355 953 509 992 Servilio
536 952 594 992 M.
615 953 659 991 F.
679 951 867 1002 Noniano,
896 952 939 990 in
966 951 1095 990 Fastis
1126 950 1415 1003 Onuphrianis.
1477 951 1613 998 Alter,
1644 950 1747 990 Non-

276 1011 407 1049 nianus
436 1010 554 1048 etiam
585 1009 733 1048 dicitur
772 1010 815 1048 in
843 1008 1043 1047 Idalianis.
1100 1007 1203 1047 Vide
1236 1007 1433 1046 Norisium
1463 1021 1501 1060 p.
1533 1010 1601 1051 23.

392 1066 489 1117 Pag.
519 1066 614 1108 430.
649 1069 714 1109 18.
772 1065 859 1106 Επὶ
877 1062 1031 1106 τούτων
1054 1067 1135 1105 τῶν
1162 1060 1359 1116 Τποὲτων]
1391 1065 1449 1103 Ex
1480 1063 1627 1104 Chron.
1660 1065 1749 1103 Eu-

277 1122 398 1173 sebii,
429 1136 479 1162 ex
511 1136 592 1175 quo
624 1123 742 1161 etiam
772 1122 941 1161 Orosius
970 1122 1039 1162 lib.
1071 1134 1142 1160 vn.
1176 1134 1262 1173 cap.
1291 1135 1347 1160 1v.

394 1179 490 1230 Pag·
519 1179 617 1222 481.
646 1183 687 1221 2.
750 1175 1059 1232 Τερτουλλιανός
1079 1177 1103 1218 ὅ
1124 1180 1330 1229 Ρωμαῖος]
1361 1177 1444 1216 Hae
1461 1190 1581 1216 voces
1604 1177 1750 1216 absunt

280 1234 330 1273 ab
360 1235 551 1275 Eusebio.

392 1293 489 1342 Pag.
520 1291 615 1334 431.
645 1294 683 1333 8.
741 1293 947 1331 Λελιανοῦ
976 1288 1044 1330 καὶ
1071 1285 1291 1342 Πλαύτου]
1319 1289 1429 1328 Fasti
1458 1289 1651 1340 Idatiani,
1681 1291 1751 1329 Ae-

276 1349 425 1387 miliano
458 1352 491 1386 et
522 1350 679 1388 Plautio.
738 1348 934 1399 Prosper,
978 1346 1145 1385 Gallieno
1182 1351 1216 1384 et
1255 1347 1460 1386 Plautiano.
1517 1347 1750 1400 Anonymus

279 1397 530 1457 cuspiniani,
564 1405 731 1443 Gallieno
752 1410 787 1443 et
811 1405 969 1444 Plautio.
1029 1403 1131 1442 Vide
1162 1403 1360 1442 Nor-isium
1390 1417 1430 1455 p.
1463 1403 1531 1446 24.

376 1461 491 1512 Pag.
516 1461 612 1503 431.
642 1462 681 1505 4
745 1456 926 1516 Τετάρτῳ
960 1459 1060 1508 ε’τει]
1114 1459 1216 1499 Vide
1253 1460 1470 1499 Baronium
1509 1474 1570 1499 an.
1601 1473 1747 1500 xxx1x.

277 1531 316 1556 11.
339 1531 398 1556 lx.
431 1525 471 1557 et
500 1532 541 1557 se

390 1574 487 1624 Pag.
516 1532 612 1617 433.
640 1576 709 1616 '11-
770 1576 835 1613 Εν
865 1575 923 1629 τῷ
961 1572 1176 1630 Παλατίῳ]
1222 1572 1346 1612 Immo
1385 1573 1427 1611 in
1464 1573 1561 1612 villa
1595 1574 1751 1612 Lucul-

276 1631 409 1680 liana,
440 1638 485 1670 ut
518 1637 577 1669 est
604 1629 713 1683 apud
737 1631 902 1672 Sueton
951 1615 1163 1680 Eusebius,
1196 1633 1234 1669 in
1258 1630 1468 1682 Campania.

393 1687 613 1755 Pag·4{31.
649 1690 713 1731 12.
772 1690 906 1735 Απαις
922 1686 991 1727 καὶ
1015 1683 1232 1742 αγύναιος]
1255 1688 1377 1725 Recte
1400 1686 1647 1759 adscriptum
1671 1687 1749 1726 Co-

278 1743 382 1792 dici,
412 1740 484 1795 οὐχ
509 1741 659 1791 οὕτως·
701 1742 843 1781 habuit
873 1743 979 1782 enim
1009 1757 1157 1783 uxores
1187 1750 1226 1782 et
1255 1743 1415 1783 liberos.

391 1799 488 1838 Ibid.
548 1803 667 1841 Ετῶν
696 1815 717 1840 ο
717 1795 760 1852 ’.]
790 1801 953 1842 Sueton
985 1814 1073 1853 cap.
1103 1814 1278 1839 Lxxvm.

390 1855 488 1906 Pag.
518 1855 612 1899 431·
648 1859 712 1898 18.
771 1859 858 1908 Em]
892 1853 954 1909 62]
999 1858 1054 1895 De
1084 1859 1197 1895 annis
1228 1856 1386 1908 impelii
1425 1856 1751 1908 Caligulaeege-

278 1917 374 1950 runt
403 1913 581 1962 Scaliger
608 1912 678 1950 lib.
701 1919 740 1952 v.
770 1925 809 1964 Ρ
834 1913 931 1955 468.
961 1913 1215 1953 Her-Wartus
1227 1913 1270 1951 in
1301 1912 1521 1964 Chronogr.
1554 1927 1643 1966 cap.
1665 1927 1750 1953 cer..

279 1976 319 2008 et
347 1969 531 2007 Petavius
562 1968 614 2006 ad
639 1967 907 2021 Epiphanium
938 1983 976 2021 p.
1007 1972 1103 2011 384.

391 2025 486 2075 Pag
516 2024 614 2067 ‘431-
647 2027 712 2068 14.
742 2028 858 2076 Ομοῦ
877 2020 1009 2077 ,εφμη’
1013 2029 1038 2074 .]
1071 2025 1230 2064 Abhinc
1251 2026 1302 2064 ad
1321 2025 1438 2064 finem
1460 2039 1589 2077 usque
1611 2025 1750 2066 Chro-

276 2080 382 2130 nici‚
412 2081 505 2120 anni
534 2081 674 2120 mundi
709 2095 843 2120 omnes
870 2081 1023 2120 unitate
1051 2090 1222 2134 peccant
1254 2089 1293 2121 et
1322 2083 1593 2135 superfluunt:
1638 2084 1749 2136 quod

277 2139 542 2202 paralogismo
572 2138 743 2187 accidit,
775 2138 870 2176 dum
900 2139 1103 2177 Librarius
1137 2139 1202 2178 vel
1230 2140 1375 2178 Lector
1404 2154 1547 2192 parum
1578 2155 1746 2180 accura-

280 2199 369 2242 tus,
410 2209 456 2233 ac
495 2194 663 2258 insuper
700 2195 882 2233 turbatus
919 2196 1024 2234 forte
1063 2195 1177 2234 hiatu
1210 2210 1405 2235 annorum
1438 2197 1625 2245 Neronis,
1666 2212 1748 2236 non

281 2250 563 2290 animadvertit
592 2251 636 2289 in
665 2251 939 2304 superioribus
976 2266 1120 2291 annum
1159 2253 1380 2308 decessoris
1409 2254 1627 2306 ultimum,
1667 2269 1748 2294 non

279 2302 521 2346 successoris
551 2308 723 2360 piimum
755 2314 984 2348 constanter
1013 2309 1228 2362 usurpari,
1266 2309 1346 2348 hoc
1385 2313 1624 2350 successoris
1653 2313 1748 2364 pri—

280 2377 391 2403 mum
421 2364 619 2415 designari
650 2365 837 2414 credens,
882 2372 922 2404 et
951 2379 1040 2404 eum
1080 2372 1119 2404 et
1158 2372 1335 2405 caeteros
1376 2366 1522 2406 similes
1550 2369 1601 2408 ad
1629 2368 1746 2408 finem

284 2434 420 2459 omnes
449 2421 601 2459 unitate
631 2421 754 2459 auxit.
814 2422 897 2460 Nec
936 2423 1012 2461 alia
1052 2422 1208 2461 ratione
1245 2423 1401 2462 occurri
1431 2438 1622 2463 annorum
1652 2426 1749 2464 rui-

281 2491 356 2515 nae
385 2482 554 2529 potest,
593 2477 671 2516 nisi
709 2477 954 2517 indictiones
997 2485 1037 2518 et
1076 2480 1339 2532 Olympiades
1381 2493 1516 2519 omnes
1555 2495 1630 2521 sua
1654 2482 1747 2521 sede

281 2534 556 2583 revellantur,
588 2533 698 2585 quod
728 2548 750 2571 a
778 2548 875 2573 vero
905 2535 1065 2586 longius
1103 2536 1288 2574 recedere
1317 2536 1447 2575 visum
1478 2543 1550 2577 est.
1612 2539 1747 2587 Quare

281 2604 359 2643 pro
388 2603 427 2628 v.
449 2603 653 2629 MDXLVm.
682 2590 985 2630 rescribendum
1013 2605 1051 2630 v.
1076 2606 1261 2634 mvxrvn.
1286 2592 1397 2630 etita
1421 2592 1628 2647 deinceps,
1651 2597 1748 2638 uni-

282 2653 365 2685 tate
395 2646 566 2700 dempta.
626 2646 735 2685 Haec
765 2647 974 2686 observata
1011 2648 1060 2687 ab
1090 2648 1264 2686 Antonio
1295 2648 1451 2688 Alieno.

397 2702 618 2754 Pag.431.
650 2703 714 2746 15
774 2704 1001 2758 Νιπρίνου]
1045 2705 1100 2743 [ta
1129 2705 1245 2744 etiam
1275 2705 1395 2786 editio
1424 2706 1632 2759 Scaligeri:
1675 2709 1746 2748 sed

285 2759 358 2809 leg.
390 2760 606 2813 Νιγρίνου·
636 2766 757 2812 atque
783 2760 839 2798 ita
869 2761 1177 2802 emendavimus.

402 2818 492 2865 Pssg-
524 2818 618 2859 431-
655 2820 718 2859 17
779 2812 1015 2884 Ιωσηππος]
1050 2818 1132 2856 Lib.
1161 2831 1278 2856 xvxu
1311 2818 1442 2870 Antiq.
1463 2818 1553 2860 Jud.
1580 2833 1664 2873 cap.
1686 2834 1744 2860 xx.
1770 2834 1773 2841 ’

364 2869 489 2910 'nia
551 2871 631 2913 Καὶ
653 2874 870 2928 Αγρίππαν
886 2869 1034 2925 λύσας]
1065 2874 1124 2913 Ex
1155 2873 1300 2914 Chron.
1331 2875 1497 2915 Eusebii.
