1884 3262
300 212 401 260 236
862 207 1186 252 NOTAE

298 324 375 364 bus
405 323 607 376 gentium,
638 319 747 373 quod
775 319 997 373 Hippolyto
1027 317 1335 359 adscribendum
1367 317 1579 367 duximus,
1620 315 1774 355 Hiero-

299 395 445 434 nymus
473 380 515 418 in
544 377 843 417 'traditionibus
872 377 1098 428 Hebraicis,
1130 375 1330 415 Arnobius
1359 373 1402 412 in
1434 374 1540 413 Psal.
1562 386 1640 412 clv.
1669 373 1774 411 Far...

300 451 398 489 rago
445 435 717 475 Alexandrina
761 433 1025 486 Scaligeriana
1047 464 1059 484 ‚
1110 446 1229 486 quam
1277 430 1465 469 Chronici
1511 429 1773 468 Alexandrini

148 503 182 538 V
207 503 277 541 397
298 495 461 534 nomine
489 506 581 531 cum
613 491 773 545 Cujacio
798 491 1014 540 donamus,
1046 489 1295 543 Epiphanius
1323 487 1366 525 in
1385 486 1588 525 Ancorato
1616 500 1654 524 n.
1678 499 1770 526 cxv.

300 557 341 591 et
366 549 531 590 Haeresi
559 562 668 588 LXVI.
696 562 737 588 n.
766 561 883 587 xmn.
911 547 1111 586 Cedrenus
1145 559 1235 599 pag.
1268 548 1333 586 12.
1364 550 1404 583 et
1434 542 1633 581 Chronica
1661 543 1772 581 MSS.

302 607 468 659 Georgii
495 605 720 644 Hamartoli
760 611 800 643 et
839 605 1046 658 Symeonis
1087 601 1352 654 Logothetae:
1403 599 1547 651 quibus
1589 598 1773 639 addenda

300 664 448 715 Ecloge
478 662 744 701 Historiarum
775 661 857 702 MS.
887 660 968 700 hoc
1005 660 1147 708 titulo,
1179 654 1343 711 Εκλογή
1376 656 1565 711 ἱστοριῶν
1595 651 1675 697 cim}
1698 658 1773 709 τῆς

302 719 488 768 Μωσέως
517 720 660 772 βίβλου
689 717 758 759 καὶ
783 721 863 759 τῶν
893 717 967 767 ἔξω
998 711 1448 770 ἱστοριογραφησάντων
1467 707 1678 765 ἐπισήμων
1704 708 1771 753 ἆν-

302 779 432 832 δρῶν,
460 776 529 817 καὶ
560 779 634 828 τῆς
661 777 783 824 θείας,
805 777 985 829 γραφῆς,
1022 771 1145 826 τόμος
1174 769 1409 825 διερχομένη
1434 769 1546 823 μέχρι
1571 771 1644 821 τῆς
1662 772 1773 809 Ανα-

301 834 466 876 στασίου
492 832 706 887 βασιλείας.
764 832 815 870 At
845 831 885 870 in
916 831 1013 871 eod.
1046 832 1142 881 Reg.
1172 843 1218 870 11.
1247 841 1453 867 mcnxxm.
1485 826 1632 865 desinit
1663 825 1774 864 dun-

300 896 414 930 taxat
443 890 485 928 in
513 896 694 942 tempora
725 888 924 927 Abraami.
981 887 1119 939 Neque
1147 899 1270 938 porro
1308 884 1475 922 dubium
1507 888 1565 921 est
1593 881 1690 934 quin
1720 895 1772 922 ex

300 947 348 986 iis
380 946 542 1000 quidam
572 946 620 984 ab
652 946 788 998 aliquo
819 946 1024 998 primaevo
1052 944 1166 982 fonte
1195 956 1267 981 sua
1294 940 1524 989 hauserint,
1554 939 1600 977 1'1t
1619 938 1774 978 Auctor

302 1003 493 1043 Chronici
523 1002 746 1052 Paschalis,
801 1004 869 1054 qui
898 1016 949 1041 ex
978 999 1205 1053 Epiphanio
1244 1012 1345 1050 quae
1378 997 1457 1036 hoc
1485 997 1578 1035 loco
1605 995 1775 1034 inseruit

302 1075 344 1100 se
376 1060 633 1112 descripsisse
661 1065 856 1109 testatur,
887 1058 1109 1108 nonnullis,
1138 1063 1186 1095 ut
1214 1056 1319 1094 idem
1351 1053 1586 1108 profitetur,
1619 1066 1668 1091 ex
1687 1052 1775 1091 aliis

301 1117 576 1170 Scriptoribus
605 1116 774 1156 subinde
802 1115 1019 1163 mutuatis,
1048 1128 1100 1152 ex
1127 1113 1350 1165 Hippolyto
1380 1112 1484 1150 forte
1512 1116 1551 1148 et
1574 1108 1774 1148 Chronico

299 1174 380 1213 isto
411 1173 706 1223 Alexandrino,
736 1173 882 1224 quibus
911 1172 954 1211 in
983 1170 1120 1210 multis
1163 1169 1362 1217 concinit,
1390 1168 1445 1206 ita
1473 1173 1521 1206 ut
1548 1165 1671 1205 hosce
1702 1166 1776 1205 vi-

302 1231 408 1270 disse
437 1231 663 1283 Scriptores
695 1243 772 1281 pro
813 1235 923 1268 certo
952 1227 1094 1266 haberi
1124 1226 1274 1264 debeat.
1333 1225 1379 1263 In
1408 1225 1457 1262 iis
1494 1229 1625 1262 autem
1656 1236 1775 1261 scru-

300 1288 485 1341 pulosius
530 1285 778 1339 exponendis
814 1285 1019 1324 immorari
1058 1283 1202 1323 debere
1236 1281 1348 1320 haud
1384 1280 1638 1330 censuimus,
1686 1286 1775 1318 tum

301 1344 411 1396 quod
442 1358 504 1384 res
534 1344 690 1396 pridem
723 1349 809 1381 acta
838 1343 907 1381 vel
944 1347 1096 1381 tentata
1136 1340 1185 1378 ab
1218 1338 1433 1378 Annalium
1462 1337 1773 1376 Ecclesiastico-

300 1415 393 1440 rum
422 1400 732 1449 conditoribus,
761 1399 965 1438 Torniello
995 1398 1039 1437 in
1067 1397 1230 1450 primis,
1271 1395 1430 1434 saliano
1459 1400 1500 1432 et
1529 1393 1617 1432 aliis
1649 1392 1776 1432 Chro-

301 1458 482 1509 nologis,
531 1470 750 1508 sacraeque
786 1456 1017 1508 Scripturae
1051 1453 1340 1494 recentioribus
1377 1450 1692 1504 Interprelibus,
1735 1455 1778 1488 et

303 1515 414 1567 quod
454 1515 610 1553 Goarns
648 1513 698 1552 ad
746 1513 978 1566 Syncellum
1027 1511 1266 1550 divisionem
1305 1508 1433 1558 hanc,
1491 1521 1610 1559 quam
1656 1506 1779 1545 habet

303 1571 531 1610 Chronicon
573 1569 764 1610 Paschale
785 1600 796 1621 ‚
844 1583 935 1608 cum
975 1583 1020 1608 ea
1060 1582 1161 1620 quae
1201 1566 1310 1619 apud
1347 1564 1518 1604 eundem
1547 1563 1778 1616 Syncellum
1810 1600 1817 1609 ,

300 1630 445 1680 legitur
473 1628 713 1667 contulerit:
758 1626 994 1679 praesertim
1033 1626 1150 1665 etiam
1191 1622 1324 1676 quod,
1369 1628 1415 1661 ut
1446 1622 1500 1661 ait
1529 1621 1778 1672 Augustinus

299 1685 372 1724 lib.
411 1698 496 1724 xvl.
538 1686 589 1724 de
629 1683 802 1723 Civitate
845 1683 913 1722 Dei
952 1696 1039 1735 cap.
1068 1695 1127 1721 xx.
1166 1681 1331 1719 illarum
1367 1679 1564 1730 gentium,
1607 1690 1778 1729 quarum

304 1741 413 1794 apud
440 1740 563 1780 hosce
594 1741 819 1792 Scriptores
849 1740 997 1779 mentio
1026 1738 1091 1789 fit,
1122 1737 1340 1786 vocabula,
1371 1737 1405 1774 si
1434 1735 1626 1788 quaedam
1654 1733 1778 1772 hodie

302 1804 509 1848 maneant,
552 1804 596 1836 ut
638 1802 825 1850 appareat
862 1796 968 1835 unde
1007 1796 1158 1834 fuerint
1196 1795 1407 1842 derivata,
1461 1793 1668 1844 complura
1699 1790 1777 1828 alia

158 1858 189 1892 Ρ
211 1855 280 1895 491
302 1855 498 1907 temporis
531 1860 732 1894 vetustate
761 1853 820 1891 sic
849 1859 1000 1892 mutata
1030 1852 1131 1902 sint,
1171 1856 1217 1889 ut
1247 1850 1315 1888 vix
1342 1848 1527 1887 homines
1556 1846 1778 1887 doctissimi

304 1911 604 1964 antiquissimas
642 1910 830 1949 historias
871 1915 1188 1962 perscrutantes,
1235 1920 1310 1945 nec
1349 1905 1548 1956 oxnnium,
1597 1904 1666 1943 sed
1697 1903 1776 1958 ³25·
1813 1943 1816 1946 ,

305 1982 476 2022 quarum
506 1982 557 2006 ex
585 1968 671 2006 istis
701 1966 872 2018 origines
902 1967 1076 2017 gentium
1107 1963 1316 2018 potuerint
1342 1962 1533 2014 reperire.
1583 1961 1776 2013 Quapro-

301 2032 395 2078 pter
424 2025 620 2063 variantes
652 2024 864 2076 quasdam,
895 2023 966 2061 ubi
993 2026 1230 2069 occurrent,
1262 2020 1458 2059 lectiones
1482 2019 1682 2057 duntaxat
1706 2017 1776 2055 in·-

302 2082 546 2132 dicabimus,
580 2088 627 2119 ut
655 2088 694 2119 et
721 2081 946 2132 Scriptores
976 2079 1173 2131 a.quibus
1202 2077 1318 2115 istius
1334 2075 1560 2128 partitionis
1583 2074 1663 2113 loci
1684 2079 1777 2113 sunt

302 2138 515 2189 illustrati,
554 2145 601 2177 ut
631 2152 680 2176 ex
709 2137 757 2175 iis
793 2137 924 2175 lucem
953 2136 1080 2175 lector
1110 2141 1231 2187 queat
1259 2132 1434 2172 haurire.
1494 2132 1642 2171 Omnes
1673 2130 1775 2169 enim

301 2195 511 2250 persequi,
545 2201 584 2234 et
611 2195 718 2232 notis
748 2206 939 2243 onerare,
973 2206 1037 2232 res
1069 2205 1235 2244 operosa
1266 2190 1431 2228 nimium
1454 2190 1583 2238 foret,
1613 2202 1659 2226 ac
1687 2188 1778 2226 for-

302 2261 409 2293 tasse
438 2265 757 2304 supervacanea,
804 2264 894 2289 cum
926 2255 1010 2289 tota
1040 2249 1122 2288 fere
1150 2248 1192 2287 in
1223 2246 1465 2300 conjecturis
1493 2252 1533 2285 et
1556 2245 1778 2284 divinatio-

303 2310 422 2350 nibus
452 2310 656 2347 consistat.

420 2365 514 2416 Pag.
548 2366 615 2408 46.
646 2367 685 2406 6.
745 2367 839 2411 Εως
868 2361 1131 2417 Γαδαριναῖν]
1184 2361 1330 2412 Ecloge
1363 2359 1441 2398 MS.
1473 2354 1550 2400 ἆπὸ
1590 2357 1779 2410 Μηδείας

307 2421 380 2471 ἕως
402 2423 618 2474 Γαδείρων.

422 2479 519 2530 Pag.
551 2478 617 2521 46.
650 2480 715 2520 10.
774 2472 907 2528 Γάμερ
930 2475 969 2525 ἐξ
992 2469 1042 2516 οὗ
1062 2473 1274 2525 Κελταῖοι]
1306 2472 1458 2511 Auctor
1488 2471 1667 2522 Ecloges‚
1696 2465 1779 2510 ἆπό

306 2533 380 2589 μὲν
407 2539 483 2577 τοῦ
514 2532 665 2586 Γάμερ,
698 2537 918 2585 Γαμαρεῖς,
950 2532 993 2572 οἷ
1017 2535 1096 2572 νῦν
1129 2526 1314 2570 Γαλάται.
1372 2529 1431 2567 Ita
1462 2529 1595 2566 Gamer
1623 2527 1779 2579 Hippo-

305 2594 395 2645 lyto
427 2599 466 2632 et
493 2590 686 2643 Eusebio,
725 2590 794 2642 qui
824 2589 1009 2640 Syncello
1041 2594 1081 2627 et
1110 2588 1197 2626 aliis
1228 2587 1368 2626 Gomer.
1429 2588 1616 2624 Κελταῖοι
1647 2590 1778 2628 autem

307 2650 429 2688 iidem
461 2649 527 2701 qui
566 2646 734 2697 Κέλται,
775 2645 897 2686 Galli.
958 2644 1058 2683 Vide
1099 2644 1298 2682 Salianum
1342 2656 1402 2682 an.
1434 2654 1706 2680 smecccnxxn
1737 2646 1778 2678 et

309 2707 484 2746 Zonarae
524 2704 695 2743 Annales
739 2703 808 2742 lib.
839 2716 867 2741 1.
912 2715 949 2741 n.
982 2715 1023 2741 v.
1105 2702 1229 2739 Porro
1273 2698 1364 2736 filiis
1406 2698 1553 2736 Gomer
1597 2697 1778 2736 diversas

310 2763 469 2802 omnino
499 2768 632 2813 gentes
660 2759 803 2800 tribuit
831 2758 935 2797 idem
966 2757 1224 2810 Hippolytus.

424 2820 520 2869 Pag.
550 2817 618 2861 46.
650 2821 714 2860 11.
772 2813 954 2871 Μαγώγ]
986 2813 1209 2854 Bochai-tus
1238 2826 1279 2851 1n
1309 2810 1469 2860 Pheneo,
1500 2780 1576 2850 senx
1600 2811 1778 2862 Geogra-

308 2876 404 2929 phia
433 2890 568 2928 sacra,
597 2875 666 2916 lib.
696 2888 756 2913 111.
787 2887 873 2927 cap.
902 2885 991 2912 xm.
1824 2873 1827 2875 ’
