1820 3276
446 179 506 223 IN
540 178 870 222 CHRONICON
903 178 1192 228 PASCHALE.
1459 175 1558 230 μ421

90 290 219 331 Verus
250 288 360 342 apud
392 288 684 341 Capitolinum,
726 288 967 328 Commodus
993 295 1033 328 et
1059 286 1296 339 Elagabalus
1325 286 1433 340 apud
1461 300 1563 327 eun-

91 347 183 387 dem
210 345 461 398 Xiphilinum
492 346 638 384 favisse
669 345 877 384 dicuntur:
908 345 1105 384 Chosroes
1134 344 1243 397 apud
1270 345 1440 384 eundem
1465 344 1562 391 Pro,-

89 403 249 456 copium
279 403 370 442 loco
399 401 588 451 laudato,
619 402 728 454 quod
757 402 1021 441 Justinianum
1042 402 1216 441 Venetae
1233 401 1396 440 factioni
1424 401 1561 440 favere

89 459 332 512 accepisset,
362 459 448 511 ipse
477 459 664 497 Prasinae
695 459 805 497 savit.
864 460 1040 512 Denique
1069 458 1245 497 Justinus
1264 457 1423 508 Junior,
1444 458 1561 511 cujus

86 515 188 556 haec
216 530 299 555 vox
328 516 370 554 in
401 515 516 555 Circo
547 515 881 554 tumultuantibus
910 515 1195 564 Factionibus,
1225 514 1277 553 ad
1305 515 1502 565 Venetos,
1535 513 1558 556 ὁ
1583 509 1616 544 V
1634 509 1700 545 5¹1

89 570 369 620 Ιουστινιανός
399 569 645 625 ἐτελεύτησε,
683 579 722 611 et
751 571 802 610 ad
831 573 1037 621 Prasinos,
1068 571 1167 624 ὑμῖν
1191 569 1387 619 Βασιλεύς
1410 573 1479 628 ζῇ,
1510 578 1556 610 ut

86 630 217 669 estin
248 628 448 668 Chronico
478 629 560 669 MS.
601 628 650 667 ab
685 628 838 667 Adamo
879 629 930 667 ad
970 630 1140 668 Leonem
1180 628 1419 680 Sapientem.
1477 627 1556 667 Sed

88 686 138 727 de
169 685 364 738 ejusmodi
393 685 625 724 Factionum
655 685 880 724 fautoribus
914 687 1076 739 copiose
1116 685 1196 737 egit
1234 685 1380 724 Caesar
1406 684 1558 723 Bulin-

86 756 203 795 gerus
234 742 304 781 lib.
335 742 384 780 ‹le
416 742 531 780 Circo
562 756 650 795 cap.
679 755 792 781 xm'1.
861 739 863 741 ¹

205 802 297 850 Pag.
328 799 423 842 592.
458 802 522 841 11.
585 797 922 850 Κωνσταντίνου]
955 799 1011 837 De
1033 812 1113 850 quo
1136 798 1315 837 Priscus:
1344 801 1560 839 Κωνσταν-

85 859 196 903 τῖνος
215 857 348 908 τρίτον
369 853 442 907 μὲν
461 852 537 908 τήν
561 851 757 908 Τπᾶρχων
773 852 906 907 λαχοῖν
927 851 1077 908 ἀρχήν,
1106 853 1206 910 πρὸς
1226 853 1270 895 δὲ
1294 857 1346 910 τῇ
1376 857 1561 910 Τπατικῇ

86 909 202 968 ἀξίᾳ,
234 910 303 952 καὶ
329 915 402 963 τῆς
425 907 738 965 Πατρικιότητος
765 909 899 964 λαχών
919 909 1062 963 ἀρχήν.

202 970 294 1019 Pag.
324 968 419 1011 592.
451 971 517 1011 17.
574 967 720 1021 Λέων]
774 969 896 1019 Cogn.
931 968 1120 1018 Magnus,
1150 973 1190 1005 et
1224 965 1465 1019 Μακέλλης,
1504 967 1554 1005 ob

85 1038 247 1064 caesum
276 1024 494 1077 Asparem:
543 1026 744 1076 quomodo
773 1026 902 1064 Julius
944 1024 1191 1077 Capitolinus
1221 1023 1443 1062 Macrinum
1473 1024 1555 1062 Im-

83 1087 308 1136 peratorem
339 1081 395 1120 ait
424 1096 445 1120 a
474 1082 602 1120 servis
631 1083 713 1119 suis
735 1113 746 1131 ‚
795 1096 875 1120 non
906 1081 1115 1120 Macrinum
1144 1081 1323 1131 dictum,
1364 1080 1436 1119 sed
1464 1080 1556 1119 Ma-

84 1139 270 1188 calinum,
299 1138 409 1190 quod
436 1139 580 1178 macelli
602 1141 714 1191 specie
738 1139 861 1178 domus
887 1139 967 1188 ejus
995 1141 1239 1178 cruentaretur
1273 1140 1448 1188 sanguine
1475 1151 1555 1177 ver-

82 1196 259 1235 nulamm.

199 1254 293 1301 Pag.
323 1251 417 1294 593.
451 1254 487 1293 1.
544 1249 745 1299 Λέοντος,
770 1250 864 1303 ete]
894 1251 953 1289 Ita
968 1249 1246 1300 Marcellinus,
1264 1250 1457 1299 Senator,
1479 1256 1554 1289 etc.

82 1307 224 1347 Victor
252 1307 532 1346 Tunnunensis
564 1308 733 1346 Leonem
759 1308 982 1357 Augustum
1013 1307 1223 1346 Consulem
1254 1307 1383 1345 solum
1413 1305 1556 1345 habet:

82 1365 236 1403 Idatius
265 1378 316 1404 ex
346 1363 442 1406 cod.
474 1363 553 1404 MS.
587 1378 798 1417 perperam
827 1363 901 1404 hos
933 1364 1044 1404 Coss.
1074 1363 1117 1401 in
1146 1369 1377 1415 sequentem
1409 1377 1557 1401 annum

82 1421 227 1462 re'icit.

125 1435 141 1475 J
198 1481 292 1528 Pag.
323 1477 416 1521 593.
449 1481 488 1520 2.
550 1476 788 1531 Ρεκιμὲρου]
821 1476 984 1516 Patricio
1005 1480 1039 1514 et
1065 1476 1262 1524 Ricimere,
1283 1488 1353 1513 seu
1373 1474 1556 1513 Recimere

85 1534 180 1574 Coss.
210 1534 318 1587 apud
349 1534 569 1574 Marcellin.
604 1535 807 1573 Victorem
838 1535 1171 1582 Tunnunensem,
1202 1530 1449 1579 Victoriam,
1483 1533 1556 1570 Se-

82 1597 284 1637 natorem,
324 1597 398 1630 etc.
456 1592 564 1630 Fasti
602 1591 720 1630 Idatii
759 1591 865 1632 MSS.
905 1590 1136 1639 Rechemero,
1167 1593 1201 1628 et
1234 1589 1365 1640 quide
1398 1589 1555 1627 Oriente.

82 1647 120 1686 Is
148 1648 225 1686 suit
254 1647 448 1687 Patricius
478 1648 642 1701 Asparis
672 1647 789 1686 filius.

200 1707 295 1754 Pag·
326 1706 422 1747 593.
459 1704 499 1746 4.
564 1701 875 1759 Αὕγουσταῖον]
926 1701 1269 1754 constantinopol.
1304 1699 1451 1740 Christ.
1483 1700 1552 1738 lib.

82 1774 141 1799 111.
171 1766 265 1800 sect.
297 1774 416 1799 xxnt.
918 1764 921 1769 '

198 1820 291 1867 Pag·
321 1818 415 1860 593.
443 1820 485 1859 7.
549 1813 634 1870 Τήν
664 1811 842 1871 μεγάλην
871 1813 1121 1869 Κιστέρναν]
1163 1813 1266 1854 Ibid.
1297 1813 1367 1852 lib.
1399 1827 1426 1852 1.
1457 1819 1554 1852 sect.

81 1886 230 1915 xxviii.
258 1887 298 1912 n.
326 1887 383 1914 lx.

195 1930 291 1970 Iln'd.
351 1931 539 1970 Παλαιοῦ
563 1928 740 1982 τείχους]
770 1927 870 1967 lbid.
900 1927 943 1965 in
967 1926 1077 1978 Orig.
1109 1926 1274 1978 Byzant.
1304 1931 1398 1964 sect.
1431 1939 1524 1965 vm.

198 1989 292 2037 Pag·
321 1988 416 2029 593.
444 1989 484 2029 9·
543 1985 835 2038 Απολλωνίου]
865 1985 931 2023 Sic
959 1984 990 2022 F
993 1984 1080 2023 asti.
1139 1984 1378 2035 Apollinarem
1407 1995 1552 2036 perpe-

81 2056 167 2083 ram
196 2049 317 2082 vocat
343 2043 493 2082 Marius
520 2041 704 2082 Aventia.

197 2102 290 2151 Pag·
320 2100 416 2142 593.
450 2103 514 2141 10.
572 2096 847 2152 Σευεριανοῦ]
886 2095 1061 2145 matius,
1102 2094 1320 2143 Severiano,
1349 2099 1383 2134 et
1415 2097 1480 2146 qui
1511 2095 1554 2132 de

85 2156 255 2206 Oriente,
294 2155 363 2208 qui
393 2155 471 2194 fuit
499 2156 736 2206 Dagalaifus.
793 2153 910 2192 Istius
940 2152 1144 2191 Severiani
1173 2151 1375 2200 meminit,
1404 2152 1445 2189 ni
1476 2150 1554 2189 fal-

81 2212 167 2261 lor,
197 2212 430 2252 Damascius
466 2212 508 2250 in
534 2212 624 2251 Vita
657 2210 802 2251 Isidori
831 2209 942 2262 apud
971 2208 1157 2247 Photium
1187 2220 1278 2260 pag.
1310 2211 1432 2250 1071.
1485 2207 1553 2246 Se-

81 2271 223 2308 verinus
262 2269 411 2308 dicitur
449 2267 710 2319 Marcellino,
742 2266 898 2306 Victori
933 2266 1064 2304 Tunn.
1104 2263 1286 2304 victorio
1304 2293 1316 2311 ‚
1357 2264 1552 2313 Senatori,

84 2331 163 2366 etc.

201 2383 294 2432 Pag.
325 2379 423 2424 593.
455 2383 519 2422 11.
579 2378 661 2420 Καὶ
687 2376 981 2433 Σερπεντίνου]
1027 2376 1126 2419 Cod.
1165 2376 1297 2415 vatic.
1335 2383 1374 2415 et
1410 2375 1551 2426 Scalig.

84 2438 341 2490 Σερπεντίου.
401 2436 481 2476 Sed
514 2436 726 2487 legendum
764 2437 1008 2489 Σευερινοῦ,
1046 2447 1096 2473 ex
1124 2433 1228 2472 Vict.
1264 2434 1394 2472 Tunn.
1433 2445 1550 2483 quem

84 2493 248 2533 Hilarus
278 2495 405 2546 Papa,
446 2493 622 2543 Matius,
667 2492 870 2533 Victorius
907 2497 945 2530 et
983 2491 1152 2530 Senator
1182 2490 1352 2529 Severum
1388 2494 1548 2528 vocant.

83 2549 343 2599 ,Marcellinus
373 2551 510 2589 Comes
538 2551 690 2590 Leonem
715 2550 826 2588 solum
853 2549 930 2587 Cos.
958 2546 1037 2586 hoc
1067 2560 1171 2585 anno
1198 2546 1331 2586 habet.

204 2610 296 2658 Pag·
325 2609 421 2650 593.
457 2610 523 2649 12.
581 2605 810 2659 Βιβιανοῦ]
857 2603 1006 2643 Marius
1048 2603 1227 2642 Aventic.
1266 2600 1470 2642 Victorius
1511 2606 1550 2638 et

87 2663 278 2714 Senator,
316 2663 495 2703 Basiliam
523 2668 557 2702 et
599 2665 806 2702 Vv'vt‘anum:
853 2660 1025 2711 Idalius,
1052 2660 1233 2699 Basiliam
1261 2663 1295 2698 et
1324 2656 1550 2709 Gadaifum:

87 2719 342 2759 Marcellinus
371 2721 535 2771 Comes,
580 2720 770 2759 Vivianum
796 2722 829 2757 et
856 2718 1027 2757 Felicem:
1067 2715 1240 2768 denique
1270 2715 1418 2754 Victor.
1447 2714 1547 2752 Tun.

88 2775 239 2815 Leonem·
268 2775 363 2827 Aug.
395 2791 445 2816 11.
473 2781 507 2816 et
540 2776 727 2817 Vivianum
764 2775 845 2814 hoc
883 2788 987 2813 anno
1029 2774 1174 2824 legunt.
1243 2772 1320 2810 Sed
1347 2770 1416 2809 hic
1446 2769 1549 2809 duos
