1884 3262
501 226 559 268 lN
593 225 921 269 CHRONICON
954 225 1243 269 PASCHALE.
1504 225 1602 272 '291

194 390 221 434 4
252 333 351 385 Pag.
379 335 476 379 851.
509 337 573 378 18.
633 331 876 389 Πομπήϊος]
918 335 982 376 Ex
1011 335 1208 387 Eusebio,
1243 334 1312 374 ubi
1343 335 1485 388 Scalig.
1514 349 1607 389 pag.
1672 386 1679 395 ι

251 448 347 498 Pag·
376 448 472 490 351.
500 451 571 490 20.
632 446 927 502 Μαρκέλλου]
944 447 1099 492 Schott.
1141 448 1234 498 Dio,
1276 455 1315 488 et
1354 448 1456 488 [dat.
1486 452 1609 503 Μαρ-

136 505 335 545 κελλίνου.

250 561 346 611 Pag.
374 562 472 604 352.
507 565 543 603 1.
601 563 813 602 Εντεῦθεν
834 561 1028 612 Γαζαῖοι]
1061 561 1118 600 De
1147 575 1239 600 aera
1269 561 1514 600 Gazensium
1543 575 1610 600 co-

137 617 250 670 piose
275 625 440 668 egerunt
467 617 547 657 viri
575 618 743 668 eruditi,
781 624 941 670 praeter
967 617 1238 668 scaligerum,
1264 618 1532 671 spanhemius
1561 618 1611 657 de

136 675 380 726 praestantia
411 681 448 713 et
487 688 564 714 usu
595 675 889 715 Numismatum
920 688 1011 727 pag.
1041 677 1137 718 869.
1168 681 1209 714 et
1235 675 1346 715 Joan.
1379 674 1612 714 Harduinus

135 731 175 769 in
205 731 385 770 Numinis
410 731 531 784 antiq.
559 731 749 770 illustrat.
780 732 830 771 de
858 731 1062 770 mensibus
1088 744 1188 770 vero
1218 731 1326 779 idem
1357 732 1533 784 Scaliger
1568 732 1610 769 in

135 788 308 827 Praefat.
337 787 388 826 ad
417 788 484 828 lib.
519 788 569 826 de
596 788 760 827 Emend.
789 795 911 840 temp.
941 801 982 840 p.
1011 790 1052 831 8.
1527 812 1531 815 κ

252 845 347 894 Pag.
377 847 472 887 852·-
502 845 543 887 5.
602 844 812 899 Κικέρων]
854 844 999 884 Euseb.
1037 843 1160 883 cicero
1186 845 1226 882 in
1254 844 1363 883 exilio
1391 857 1525 890 annum
1544 843 1612 896 fa-

133 903 195 941 αϊ.
252 901 354 940 Vide
382 901 640 952 scaligerum.
713 942 718 944 ,

249 957 345 1008 Pag.
374 960 471 1000 352.
502 961 542 1000 6.
602 958 874 1009 Πτολεμαῖος]
905 957 979 994 Dio
1008 956 1080 997 lib.
1107 969 1252 994 xxxix.
1286 962 1327 994 et
1358 956 1440 994 alii.

248 1014 345 1064 Pag.
374 1015 473 1057 352.
503 1017 542 1056 8.
601 1015 827 1067 Βαλβίνου]
874 1013 1031 1054 Schott.
1083 1013 1305 1066 Καλβίνου.
1380 1013 1480 1053 Idat.
1531 1013 1612 1053 MS.

60 1120 66 1124 .
133 1071 299 1110 Balbino.
361 1070 456 1120 Dio,
487 1072 730 1111 Καλουίνου.
787 1072 849 1109 lta
878 1070 998 1110 Fasti.

247 1127 342 1178 Pag-
372 1128 467 1170 852.
497 1131 537 1171 9.
597 1125 711 1180 Πρός
747 1130 935 1179 Ελληνας
971 1124 1181 1178 ἐπολέμει]
1226 1124 1345 1176 Atqui
1382 1124 1464 1164 hoe
1505 1139 1610 1177 anno

134 1184 282 1223 Caesar
309 1183 350 1222 in
382 1184 507 1223 Gallis
535 1184 687 1223 bellum
716 1184 904 1235 gerebat,
936 1198 1018 1222 non
1046 1196 1145 1222 vero
1176 1189 1317 1220 contra
1349 1182 1537 1222 Graecos.

174 1278 181 1285 ,
248 1241 342 1291 Pag.
375 1242 472 1285 352.
506 1245 571 1284 10.
632 1242 853 1293 Πομπηΐου
881 1238 926 1282 τὰ
953 1237 1030 1293 β’.]
1064 1238 1220 1279 Schott.
1251 1246 1291 1278 et
1320 1238 1415 1288 Dio,
1446 1235 1493 1294 γ’.
1551 1239 1610 1278 Ita

132 1297 238 1338 Idat.
271 1300 434 1349 Pompeio
461 1311 524 1336 111.
553 1302 587 1335 et
614 1298 764 1337 Metello
793 1297 969 1348 Scipione.
995 1348 998 1351 .

248 1354 346 1404 Pag·
376 1356 470 1396 352·
503 1357 568 1396 11.
629 1353 804 1406 Θέατρον
832 1350 1086 1407 ἄφιέρωσεν]
1121 1351 1184 1390 Ex
1214 1350 1340 1388 Dione
1366 1350 1440 1391 lib.
1459 1363 1612 1392 xxxix.

132 1410 240 1449 Illud
271 1410 501 1449 ambustum
529 1410 709 1449 restituit
739 1411 931 1460 Claudius
961 1410 1118 1456 Caesar,
1146 1413 1195 1446 ut
1225 1414 1286 1446 eat
1315 1407 1424 1459 apud
1447 1408 1612 1447 sueton.

68 1500 81 1504 ,
133 1481 242 1506 num.
282 1481 370 1508 xxl.
419 1473 459 1506 et
508 1467 680 1506 eundem
721 1467 902 1506 Dionem.
960 1464 1145 1504 Secundo
1187 1463 1359 1516 denique
1403 1464 1612 1504 incensum

134 1524 333 1576 Philippis
358 1524 616 1574 regnantibus
650 1524 776 1562 tradit
807 1523 998 1569 Eusebius
1026 1523 1068 1560 in
1098 1520 1248 1563 Chron.

248 1580 344 1631 Pag·
377 1581 471 1623 353.
504 1581 546 1624 4.
607 1581 811 1632 Καλίνου]
864 1578 1019 1619 Schott.
1069 1576 1256 1618 Καλένου
1295 1574 1364 1616 καὶ
1405 1576 1611 1618 Βατινίου.

132 1637 233 1678 Idat.
262 1637 342 1677 MS.
375 1638 505 1676 caleno
532 1641 566 1676 et
601 1637 739 1677 Vatino.
799 1637 893 1686 Dio,
914 1630 1141 1687 ’Καλήνου,
1170 1633 1240 1674 καὶ
1266 1629 1497 1673 Ουάτινίου.

247 1693 345 1744 Pag.
375 1696 470 1737 353.
499 1695 540 1737 5.
600 1690 751 1746 Αρχή.]
794 1694 908 1732 Hanc
936 1693 1107 1741 lineam,
1144 1696 1185 1729 et
1214 1703 1317 1742 quae
1344 1689 1515 1739 margini
1544 1689 1615 1731 ad-

134 1750 388 1799 scribuntur,
420 1750 570 1790 omittit
598 1750 696 1791 Cod.
727 1749 940 1792 Holstenii.
997 1748 1099 1788 Vide
1126 1747 1323 1788 Herwart.
1357 1746 1401 1785 in
1430 1745 1611 1785 Clu-ono-

131 1807 212 1859 log.
243 1821 332 1859 cap.
356 1820 520 1846 ccxvm.

246 1863 343 1914 Pag-
371 1863 468 1906 353.
497 1866 538 1905 9.
602 1861 656 1905 T&
687 1859 738 1916 β’.
769 1858 921 1916 μόνον]
952 1862 1053 1901 Tres
1072 1865 1285 1911 sequentes
1308 1858 1489 1898 Caesaris
1508 1860 1613 1899 Con-

132 1921 288 1960 sulatus
317 1920 376 1959 sic
403 1921 520 1960 etiam
553 1920 761 1972 consignat
789 1919 993 1959 Schottus.
1047 1917 1203 1956 Idatius
1227 1930 1346 1956 vero:
1378 1916 1530 1956 caesare
1549 1929 1612 1955 111.

131 1982 167 2016 et
203 1977 356 2029 Lepido.
413 1977 583 2025 Deinde,
622 1978 776 2017 Caesare
816 1990 871 2019 1v.
915 1976 999 2015 solo.
1076 1973 1246 2013 nemum
1259 2002 1272 2024 ,
1311 1973 1462 2013 caesare
1499 1986 1541 2015 v.
1577 1978 1612 2014 et

134 2035 298 2074 Antonio.

248 2090 345 2140 Pag·
372 2089 470 2132 353.
501 2089 567 2134 14.
625 2086 749 2138 Γάϊος
781 2085 963 2139 Ιούλιος,
994 2085 1099 2138 etc.]
1144 2085 1261 2124 Hanc
1288 2084 1433 2125 lineam
1464 2085 1613 2125 omittit

133 2147 231 2187 Cod.
264 2146 475 2186 Holstenii.
687 2186 689 2188 a

247 2203 343 2243 Ibid.
403 2199 564 2250 Ιούλιος
601 2202 786 2255 Καῖσαρ]
835 2200 980 2239 Suidas
1019 2199 1062 2239 in
1098 2202 1282 2251 Καῖσαρ,
1322 2197 1530 2239 Cedrenun
1567 2212 1611 2252 p.

138 2260 231 2304 165.
289 2261 488 2309 Zonaras,
518 2261 703 2311 Symeon.
734 2257 902 2308 Logoth.
931 2258 973 2296 in
1005 2257 1155 2296 Chron.
1186 2256 1272 2296 MS.
1303 2261 1380 2294 etc.

204 2342 206 2345 -
250 2312 345 2367 Pag.
376 2315 473 2359 354.
503 2315 544 2357 5.
606 2311 889 2366 Ολυμπιάδος]
920 2313 1044 2352 Addit
1061 2313 1304 2362 Holstenius,
1334 2309 1404 2352 καὶ
1435 2307 1490 2363 μή
1521 2310 1613 2352 δια·-

135 2373 349 2426 δεχθείσης
399 2373 620 2421 waning,
660 2369 755 2423 ἤτοι
805 2370 1190 2425 Τριουμβιρατορίας
1229 2365 1331 2410 κατὰ
1371 2367 1613 2419 δοκιμασίαν

135 2433 212 2471 τοῦ
239 2431 386 2470 κοινοῦ
411 2432 485 2482 τῆς
513 2426 761 2483 Συγκλήτου.

190 2509 201 2512 -
250 2487 346 2537 Pag.
374 2485 470 2529 354.
505 2489 570 2529 17.
631 2479 761 2533 Οὗτος
791 2481 915 2531 Γάϊος
946 2477 1119 2534 Ιούλιος]
1146 2480 1430 2521 Hunc-locum
1461 2491 1611 2531 expen-

137 2542 198 2582 dit
229 2544 405 2595 Scaliger
432 2542 502 2581 lib.
530 2556 591 2580 ιιι.
623 2542 772 2583 Canon.
804 2539 995 2590 Isagogic.
1023 2553 1065 2591 p.
1094 2541 1192 2580 301.
1221 2540 1317 2580 302.
1493 2588 1502 2596 .

252 2598 335 2640 Καὶ
375 2597 431 2652 μή
471 2598 772 2651 διαδεχθείσης]
824 2597 933 2636 Haeo
969 2609 1022 2634 ex
1058 2593 1268 2634 Holstenio
1316 2589 1610 2642 supplevimus,

139 2669 268 2708 usque
305 2655 358 2695 ad
395 2652 477 2698 ἀπὸ
506 2653 604 2710 γὰρ,
634 2662 710 2696 eto.
750 2668 852 2707 quae
880 2653 1027 2694 desunt
1055 2650 1165 2703 apud
1192 2649 1382 2710 Scaliger.
1412 2652 1451 2684 et
1478 2643 1610 2686 Rade-

139 2725 244 2753 rum.
301 2713 410 2751 Infra
449 2726 500 2751 ex
532 2712 695 2762 eodem,
733 2710 999 2765 Δικτατορίας
1036 2708 1188 2762 pariter
1218 2715 1494 2759 reponamus,
1532 2715 1608 2754 P1'0

66 2799 69 2801 -
145 2770 538 2823 Τριουμβιρατορίας.

259 2825 352 2876 Pflg.
382 2825 479 2868 354.
511 2829 575 2870 19.
634 2825 718 2867 Καὶ
739 2821 964 2877 προετέθη]
1006 2819 1193 2861 petavius
1217 2831 1267 2860 ex
1292 2816 1372 2858 hoc
1400 2814 1490 2856 loco
1519 2814 1611 2877 σοὶ-ζ

141 2881 230 2933 ligit
266 2880 540 2923 Antiocheno}
572 2880 720 2922 horum
760 2893 955 2921 annorum
996 2878 1156 2919 initium
1193 2889 1245 2917 ex
1283 2889 1317 2914 a.
1354 2872 1394 2914 d.
1431 2884 1488 2912 iv.
1515 2870 1608 2912 Mais

1634 2550 1667 2587 V
1689 2549 1758 2589 431
