1884 3262
639 202 1050 247 PRAEFATIO.
1517 207 1584 253 23

118 319 249 358 minus
269 331 362 358 sana
381 318 461 358 sint
481 332 527 357 ac
547 318 796 359 cohaereant.
854 319 966 357 Unde
981 329 1079 356 vero
1099 317 1317 357 Marcellini
1335 317 1397 356 vel
1432 316 1585 369 Hippo-

117 377 193 428 lyti
222 376 382 414 nomina
414 376 510 414 huic
541 376 759 423 Chronico,
802 389 935 427 quove
970 374 1250 424 fundamento,
1304 373 1585 428 praefigantur,

116 433 261 472 vellem
283 433 419 471 doceri
432 463 443 483 ,
476 434 560 471 sive
579 434 611 471 is
642 433 695 471 sit
712 431 963 470 Marcellinus
983 431 1143 479 Comes,
1174 445 1223 469 ex
1255 430 1368 484 cujus
1385 429 1583 469 Chronico

117 489 310 541 quaedam
331 490 433 528 forte
454 489 494 527 in
518 487 804 541 posterioribus
824 487 996 527 saeculis
1018 486 1296 539 exscripserit,
1325 487 1410 526 sive
1432 486 1584 539 Hippo·

115 546 224 597 lytus
241 547 316 585 iste
335 547 389 585 sit
406 547 440 584 is
462 546 512 599 de
531 560 610 597 quo
642 546 813 596 agimus,
843 544 926 583 sive
943 543 1014 581 ille
1038 543 1106 594 qui
1133 542 1345 583 Thebanus
1373 544 1494 594 vulgo
1521 544 1584 582 in-

117 602 328 654 digitatur‚
362 603 478 655 cujus
508 601 733 640 chronicon
761 601 897 639 Latine
926 601 1070 651 partim
1097 600 1246 638 editum
1275 615 1295 638 a
1329 600 1513 648 Canisio,
1545 607 1583 638 et
1609 600 1614 607 “

115 665 302 711 excerpta
329 660 479 698 Graeca
510 658 664 709 aliquot
690 657 889 696 habentur
917 657 960 695 in
982 655 1223 694 Bibliotheca
1251 656 1367 706 Regis
1397 656 1583 695 Christia-

114 715 279 754 nissimi.
336 714 415 754 Sed
439 724 528 753 cum
558 714 804 767 Hippolytus
833 714 910 752 iste
939 711 1150 751 Thebanus
1174 712 1322 751 vixerit
1349 713 1507 751 saeculo
1526 726 1584 752 xi.

117 771 304 811 Chroniei
325 785 422 811 vero
451 771 625 823 scriptor
656 771 697 809 in
727 769 925 819 Heraclii,
954 769 1028 807 sub
1058 783 1136 820 quo
1167 769 1289 818 vixit,
1317 775 1494 820 tempora
1516 768 1584 807 de-

117 828 241 877 sinat,
270 827 343 866 vix
363 834 422 866 est
448 834 493 866 ut
523 827 681 866 credam
705 825 814 865 hunc
839 827 879 865 in
906 825 1032 864 hocce
1056 826 1237 864 lemmate
1264 838 1381 876 posse
1405 825 1584 875 intelligi.

115 886 247 937 Atque
265 883 333 923 bic
358 884 516 936 quidem
543 884 592 923 de
615 883 827 935 Hippolyti
862 882 1058 920 Chronico
1089 881 1214 919 fusius
1241 881 1344 920 sorte
1367 894 1484 932 quam
1507 895 1583 933 par

117 948 200 980 erat
217 941 390 992 egimus,
417 947 502 979 tum
525 947 570 979 ut
588 953 666 991 qua
684 940 837 978 ratione
858 938 1049 992 ejusmodi
1065 937 1268 976 Paschalia
1284 938 1468 990 primitus
1487 951 1582 975 con-

117 997 349 1049 scripserint
378 1004 537 1037 veteres
567 996 800 1042 Christiani,
840 997 1004 1048 planum
1035 994 1169 1043 fieret,
1206 1001 1291 1032 tum
1317 994 1433 1032 etiam
1461 1000 1507 1032 ut
1533 1007 1582 1031 an

115 1067 237 1105 supra
252 1060 561 1094 memoratorum
585 1053 776 1091 Codicum
798 1052 1050 1091 Scorialensis
1070 1050 1340 1089 Bibliothecae
1367 1050 1473 1089 tituli
1492 1063 1583 1088 sua-

115 1110 210 1149 dere
237 1112 416 1162 possint,
456 1125 506 1150 ex
538 1110 751 1162 Hippolyti
784 1108 1005 1157 Chronico,
1047 1107 1281 1159 scriptorem
1318 1107 1432 1145 istius
1474 1106 1583 1158 quod

113 1167 234 1205 modo
252 1167 502 1219 publicamus
523 1166 716 1218 quaedam
738 1166 1004 1218 excerpsisse,
1035 1164 1192 1202 tametsi
1218 1163 1266 1202 ad
1288 1163 1463 1216 ejusdem
1485 1163 1583 1214 Hip-

113 1223 243 1275 polyti
270 1222 736 1273 Heccaedecaeteridem,
779 1223 828 1261 de
861 1236 941 1274 qua
974 1221 1155 1273 pluribus
1195 1233 1309 1271 egere
1342 1220 1517 1271 Scaliger
1546 1225 1584 1256 et

115 1278 377 1333 Petavius1)‚
406 1279 615 1318 Paschales
634 1292 818 1318 recursus
835 1278 994 1317 minime
1023 1278 1199 1328 exegisse
1230 1283 1406 1326 constet,
1436 1276 1506 1314 sed
1533 1274 1584 1312 ad

114 1336 491 1384 Octodecennalem,
523 1335 938 1386 Vigintioctennalem‚
971 1340 1010 1372 et
1032 1348 1191 1373 nxxxn.
1212 1346 1407 1372 annorum
1427 1332 1584 1385 Cyclos,

113 1392 174 1431 uti
189 1393 231 1432 in
248 1394 502 1445 syntagmate
523 1391 573 1431 de
593 1391 786 1430 Paschate
805 1389 1031 1443 profitetur.

221 1532 367 1571 XVIII.
425 1532 633 1571 Caeterum
653 1530 864 1584 Hippolyti
887 1529 1105 1579 Chronico,
1135 1527 1186 1567 de
1204 1541 1283 1579 quo
1315 1526 1487 1578 agimus,
1516 1540 1583 1577 ge·
1600 1516 1649 1595 fn
1662 1514 1805 1606 {gippo-

110 1588 267 1637 minum,
283 1602 408 1641 prope
429 1595 488 1628 est
502 1617 513 1638 ,
542 1588 619 1626 nisi
636 1587 850 1640 ipsummet
874 1586 1071 1634 extiterit,
1105 1583 1333 1622 Chronicon
1350 1583 1454 1622 illud
1474 1582 1806 1652 q¹²⁰d1ytusauctor

111 1645 236 1683 edidit
264 1645 460 1683 Henricus
493 1643 671 1683 Canisius
698 1645 808 1683 Tom.
831 1658 875 1683 n.
901 1643 1035 1694 Antiq.
1053 1642 1163 1681 Lect.
1194 1647 1232 1679 et
1250 1639 1458 1692 Philippus
1483 1640 1807 1687 Lab-sstcfflonffi

110 1701 210 1740 beus
230 1702 341 1743 Tom.
363 1716 392 1741 1.
420 1702 557 1740 Novae
573 1699 846 1739 Bibliothecae
866 1714 916 1738 ex
942 1699 1022 1738 MS.
1051 1698 1146 1736 cod.
1168 1697 1331 1746 collegii
1350 1696 1473 1736 Paris.
1494 1698 1580 1735 Soc.
1592 1699 1677 1733 editi
1699 1710 1721 1733 a
1735 1699 1805 1732 Ca-

110 1759 222 1807 Jesu,
258 1757 383 1796 hocce
414 1757 553 1796 titulo:
598 1757 660 1795 De
692 1755 949 1796 divisionibus
976 1766 1011 1793 et
1043 1752 1361 1806 generationibus
1393 1745 1806 1805 gentium.¹¹³S³⁰etLflb·

113 1813 236 1862 Quod
255 1814 414 1866 quidem
438 1813 666 1852 Chronicon
694 1813 745 1852 ad
764 1812 985 1852 Alexandri
1014 1811 1150 1849 Severi
1184 1823 1330 1848 annum
1355 1823 1448 1848 xm.
1478 1822 1586 1846 eum-
1620 1792 1698 1826 bem

111 1884 189 1923 que
208 1871 368 1922 Imperii
390 1877 658 1924 postremum,
689 1883 769 1922 quo
782 1870 1005 1922 imperante
1023 1881 1065 1906 se
1088 1867 1235 1906 vixisse
1258 1879 1337 1904 non
1362 1866 1483 1904 semel
1505 1866 1589 1904 Au-

111 1933 201 1966 ctor
228 1926 381 1976 innuit,
422 1927 671 1978 perducitur.
741 1926 779 1964 Is
812 1939 910 1964 vero
931 1926 973 1963 in
1013 1923 1261 1976 praefatione
1293 1921 1587 1974 descripturum

112 1997 154 2022 se
179 1981 296 2037 ait2)
331 1981 509 2021 Gentium
543 1981 792 2032 divisionem,
822 1991 857 2020 et
884 1990 1087 2034 parentum
1116 1978 1399 2017 dinumeratam
1423 1993 1589 2031 genera-

111 2040 253 2079 tionem
267 2069 278 2088 ‚
307 2037 608 2077 inhabitationis
628 2053 780 2093 quoque
796 2048 993 2091 tempora,
1022 2046 1057 2074 et
1078 2033 1266 2075 bellorum
1286 2035 1588 2084 commissiones,

112 2106 149 2135 et
178 2094 363 2134 Judicum
394 2105 591 2147 tempora,
633 2094 756 2148 quiet
783 2109 837 2132 ex
864 2093 1004 2147 quibus
1023 2090 1198 2144 Regibus
1225 2091 1310 2128 nati
1340 2100 1450 2140 sunt,
1482 2104 1587 2143 qua-

112 2150 241 2206 lesque
261 2151 506 2204 captivitates
520 2149 680 2203 populi,
711 2159 745 2187 et
764 2149 904 2204 quibus
924 2147 1133 2187 Iudicibus
1159 2147 1414 2198 contigerint,
1444 2147 1588 2199 quique

113 2205 365 2257 Sacerdotes,
402 2205 542 2260 quibus
565 2204 801 2259 temporibus
819 2204 1011 2259 fiet-ant,
1042 2213 1077 2242 et
1105 2217 1204 2256 quae
1230 2200 1393 2251 divisio,
1422 2211 1457 2239 et
1485 2216 1587 2255 quae

109 2261 279 2318 perditio
292 2261 419 2318 facta
439 2263 514 2312 sit,
544 2277 711 2316 quonam
736 2260 854 2301 motio
880 2260 1082 2314 generatio
1103 2259 1259 2296 seminis
1286 2254 1415 2296 Israel
1434 2255 1482 2295 de
1502 2256 1586 2296 Pa-

113 2318 237 2358 tribus
257 2320 297 2357 in
320 2318 472 2357 Christo
503 2317 698 2372 completa
719 2319 794 2368 sit,
825 2327 860 2355 et
885 2325 979 2370 quot
1005 2315 1217 2368 quantique
1236 2328 1305 2366 per
1324 2323 1472 2367 quanta
1489 2323 1585 2352 tem-

111 2390 212 2429 pora
242 2373 529 2414 dinumerentur
560 2375 657 2413 anni
682 2390 706 2413 a
740 2383 918 2413 creatura
936 2369 1085 2411 saeculi
1114 2385 1233 2424 usque
1263 2369 1305 2407 in
1334 2368 1439 2409 hunc
1471 2368 1585 2409 diem.

114 2431 357 2471 Praefationi
384 2431 510 2469 Index
539 2431 771 2483 subjicitur,
810 2429 924 2480 cujus
951 2442 1008 2467 VI.
1041 2433 1162 2479 caput
1192 2425 1301 2463 hisce
1328 2426 1461 2464 verbis
1491 2440 1587 2464 con-

115 2494 275 2540 ceptum
298 2488 460 2539 legitur:
490 2486 721 2527 Dei-larario
747 2484 944 2535 Paschae,
975 2493 1011 2522 et
1043 2484 1130 2536 quis
1160 2478 1319 2536 quando
1340 2483 1507 2520 servavit
1532 2498 1586 2520 ex

114 2542 350 2598 temporibus
372 2543 514 2595 Moysi
538 2545 579 2582 in
609 2543 711 2582 hunc
737 2541 850 2581 diem.
910 2541 1023 2589 Quae
1046 2538 1205 2590 quidem
1224 2537 1276 2576 ad
1296 2551 1339 2575 ea
1355 2539 1586 2576 referuntur

115 2614 216 2652 quae
231 2599 428 2638 habentur
449 2601 489 2639 in
511 2614 554 2638 ea
580 2601 777 2649 sectione,
809 2597 876 2637 ubi
892 2597 942 2635 de
972 2595 1160 2635 Paschate
1189 2593 1356 2632 subinde
1381 2609 1402 2632 a
1426 2594 1584 2632 Judaeis

115 2663 256 2695 exacto
277 2656 420 2708 agitur.
479 2658 579 2695 Tum
606 2657 785 2695 additur:
821 2653 867 2693 A
892 2653 1140 2706 generatione
1167 2660 1292 2690 autem
1326 2647 1471 2688 Christi
1493 2661 1582 2703 post
