1884 3262
571 196 842 240 CHRONICI
874 196 1182 240 PASGHALIS.
1523 194 1620 242 137

134 310 246 364 plata
265 307 530 359 amoenitate,
561 307 724 348 tandem
755 307 1030 360 Metrophanis
1060 306 1252 360 precibus
1282 306 1444 346 devicto
1473 321 1519 346 ac
1549 321 1621 347 su-

135 372 278 421 perato
322 366 503 414 Licinio,
555 365 691 404 statim
734 366 884 404 Romae
932 365 1083 404 Palatia
1120 364 1362 417 Byzantium
1399 365 1620 416 transtulit,

136 424 344 475 murisque
373 423 475 463 urbe
502 422 686 473 firmata,
725 436 772 461 ac
801 421 919 461 tectis
938 451 951 471 ,
992 422 1292 474 congiariisque
1320 421 1534 461 uberrimis
1565 422 1623 461 ci-

135 481 254 521 vibus
282 481 466 533 donatis,
509 494 659 519 nomen
695 479 758 518 illi
799 493 918 518 suum
954 479 1112 519 indidit.
1171 480 1284 518 Haec
1316 480 1365 518 ab
1396 481 1508 518 omni
1533 480 1622 518 vir-

136 545 269 578 tutum
300 551 446 590 genere
474 537 622 590 insigni
651 536 857 575 Dorotheo
886 536 931 574 in
961 536 1263 575 commentariis
1280 537 1433 575 Latinis
1462 537 1623 588 relicta,

137 611 161 635 a
189 595 306 634 nobis
338 601 529 648 excerpta
561 601 655 634 sunt
684 593 910 633 Philoxeno
942 601 983 633 et
1010 594 1143 632 Probo
1175 595 1283 632 Coss.
1316 594 1478 646 quando
1510 594 1624 633 Con-

136 653 439 705 stantinopolim
469 652 581 691 venit
610 653 781 691 Joannes
811 653 962 690 Romae
989 651 1231 703 Episcopus,
1283 651 1498 690 Persuasus
1517 651 1623 690 enim

136 711 184 749 ab
214 710 334 754 Urbis
364 710 685 762 Archiepiscopo
706 737 719 759 ,
765 715 812 747 ut
849 722 987 748 secum
1023 709 1068 747 in
1099 707 1247 747 Christi
1274 709 1468 747 Natalitio
1498 710 1625 748 sacris

136 774 395 820 operaretur,
432 767 476 806 id
504 768 635 806 facere
663 766 823 816 renuit,
874 766 952 805 nisi
980 772 1071 805 ante
1101 765 1222 804 Urbis
1252 765 1497 818 Episcopum
1528 767 1627 818 pri-

136 833 229 863 mus*
253 826 342 877 ipse
373 837 483 863 sacra
513 825 664 863 faceret
687 853 698 873 ‚
749 829 893 875 utpote
923 824 1054 861 Roma
1085 829 1177 862 ante
1208 822 1356 862 Urbem
1389 824 1628 862 Constanti-

136 883 410 934 nopolitanam
441 882 687 934 Episcopum
716 886 846 920 nacta.
906 881 971 919 Ex
1000 880 1110 919 hisce
1139 880 1264 932 igitur
1284 881 1430 920 oborta
1451 887 1628 920 conten-

136 940 269 988 tione,
307 953 532 978 convenere
575 937 1032 990 constantinopolitani,
1078 938 1373 990 ostendereque
1413 952 1463 978 ex
1494 939 1627 989 magni

140 995 332 1035 Dorothei
368 995 677 1035 Commentariis
708 997 891 1033 Romano
922 995 1190 1047 antiquiorem
1221 1009 1307 1034 esse
1338 995 1628 1048 Episcopatum

138 1053 638 1106 Constantinopolitanum.
697 1053 868 1091 Joannes
903 1053 1068 1104 quidem
1100 1054 1369 1091 Romanorum
1402 1052 1628 1106 Episcopus

139 1111 335 1150 Dorothei
363 1111 512 1163 scripta
545 1124 644 1149 vera
674 1123 759 1148 esse
790 1110 980 1159 asseruit,
1012 1111 1213 1162 praeferri
1240 1117 1376 1149 tamen
1407 1125 1449 1150 se
1483 1109 1630 1150 debere

138 1168 250 1220 quod
290 1168 489 1221 Principis
534 1167 825 1220 Apostolorum
859 1167 999 1206 locum
1036 1165 1197 1207 t'eneret
1229 1167 1459 1218 contendit,
1511 1169 1627 1221 cujus

139 1225 300 1264 tandem
329 1226 391 1264 rei
421 1225 548 1277 gratia
577 1224 855 1276 praerogativa
886 1224 963 1276 ipsi
1002 1231 1062 1263 est
1092 1234 1320 1275 concessa',
1366 1239 1444 1264 non
1490 1232 1626 1265 autem

139 1283 251 1334 quod
280 1284 482 1321 Romanus
514 1282 779 1335 Episcopatus
810 1288 901 1320 ante
935 1282 1422 1334 Constantinopolitanum
1453 1297 1628 1336 praeex-

138 1340 280 1380 titerit.
338 1340 419 1378 Iam
458 1353 556 1378 vero
604 1341 775 1378 Sanctus
817 1337 1040 1381 Dorotheus
1079 1339 1121 1377 in
1162 1339 1294 1391 operis
1338 1340 1400 1378 sui
1442 1348 1626 1380 extremo

140 1397 358 1436 duodecim
386 1396 675 1448 Apostolorum
705 1395 947 1434 mentionem
981 1402 1186 1447 praeterea
1219 1397 1299 1446 egit
1318 1427 1328 1445 ‚
1369 1397 1438 1435 ubi
1477 1399 1625 1450 quibus

140 1454 259 1507 locis,
290 1467 429 1494 eorum
459 1454 606 1506 singuli
637 1453 839 1492 Christum
870 1453 1145 1492 annuntiarint
1176 1453 1357 1504 indicat,
1386 1455 1580 1506 scribens,

254 1641 280 1667 1.
338 1627 505 1666 Petrum
537 1626 699 1678 quidem
730 1627 770 1664 in
804 1626 936 1665 Gallia
957 1659 968 1676 ‚
1020 1633 1059 1665 et
1094 1627 1136 1665 in
1176 1627 1479 1666 mediterraneis
1509 1628 1628 1667 Ponti

140 1684 392 1734 regionibus,
430 1697 479 1723 ac
507 1684 549 1722 in
579 1683 767 1723 universa
798 1684 1057 1736 Cappadocia
1087 1691 1126 1723 et
1154 1683 1345 1737 Bithynia
1374 1685 1629 1737 praedicasse

143 1742 428 1792 Evangelium,
460 1747 674 1793 postquam
707 1740 919 1780 Antiochia
949 1755 1136 1780 reversus
1168 1749 1252 1791 est,
1291 1755 1339 1780 ac
1367 1742 1630 1794 postmodum

142 1800 183 1836 in
212 1799 400 1837 universa
432 1798 546 1837 Italia
577 1806 616 1837 et
645 1800 794 1837 Romae
817 1830 826 1847 ‚
875 1797 945 1837 ubi
977 1813 997 1836 a
1029 1799 1191 1838 Nerone
1226 1800 1267 1837 in
1309 1813 1470 1839 crucem
1500 1806 1630 1851 actus,

140 1856 182 1894 in
214 1856 351 1896 eadem
382 1855 482 1894 urbe
508 1856 694 1909 sepultus
724 1862 785 1895 est
812 1856 931 1895 tertio
960 1856 1163 1895 Kalendas
1187 1856 1324 1895 Julias.

257 1984 302 2009 11.
360 1969 544 2009 Andreas
573 1969 681 2008 illius
714 1968 839 2008 frater
878 1984 989 2008 oram
1031 1970 1263 2010 universam
1290 1971 1531 2010 maritimam
1561 1971 1631 2009 Bi-

143 2026 306 2078 thyniae
336 2027 483 2077 Ponti,
524 2034 564 2066 et
591 2026 785 2066 Thraciae
812 2056 822 2074 ,
867 2041 913 2064 ac
942 2027 1114 2079 Scythas
1143 2035 1352 2080 praeterea
1392 2029 1634 2080 peragravit,

144 2083 348 2122 Christum
379 2084 634 2123 annuntians.
697 2084 840 2122 Postea
877 2084 920 2121 in
950 2099 1133 2136 magnam
1166 2085 1461 2138 Sebastopolim
1492 2086 1635 2136 profe-

145 2147 234 2179 ctus
279 2148 358 2191 est,
402 2141 472 2179 ubi
511 2142 654 2179 Castra
693 2147 788 2178 sunt
821 2141 1000 2193 Apsarus
1040 2142 1170 2192 dicta,
1213 2149 1252 2181 et
1292 2141 1433 2181 Phasis
1472 2142 1635 2193 fluvius,

146 2198 215 2236 ubi
244 2198 455 2237 interiores
486 2198 708 2250 Aethiopes
737 2197 934 2238 habitant.
979 2200 1170 2251 Sepultus
1202 2205 1262 2238 est
1290 2199 1422 2238 Patris
1458 2199 1634 2239 Achaiae

145 2255 265 2306 urbe,
299 2270 392 2295 cum
421 2257 469 2294 ab
501 2256 674 2307 Aegeate
703 2254 745 2292 in
776 2268 939 2293 crucem
967 2263 1082 2295 actus
1108 2257 1266 2298 fuisset.

261 2361 326 2385 111.
384 2347 556 2386 Jacobus
586 2345 782 2385 Zebedaei
811 2345 944 2396 filius,
974 2346 1191 2385 duodecim
1211 2346 1342 2385 tribus
1362 2347 1485 2386 Israel
1500 2361 1634 2386 emen-

147 2417 236 2453 sus,
267 2403 472 2443 Christum
503 2405 749 2442 annuntians
779 2403 913 2453 gladio
941 2403 1187 2448 interficitur
1217 2404 1265 2443 ab
1284 2404 1448 2444 Herode
1465 2405 1635 2444 Tetrar-

149 2461 245 2512 cha,
276 2461 492 2501 Caesareae
520 2461 622 2501 urbe
650 2460 906 2499 Palaestinae.

262 2565 319 2593 1v.
377 2552 547 2591 loannes
575 2551 687 2590 illius
715 2551 861 2600 frater,
891 2551 961 2602 qui
991 2558 1030 2590 et
1059 2549 1210 2604 Ephesi
1236 2550 1500 2603 Evangelium
1531 2564 1636 2590 con-

153 2608 343 2661 scripsit,
385 2608 482 2648 dum
523 2608 728 2648 Christum
769 2608 1002 2662 praedicat,
1052 2623 1073 2646 a
1104 2608 1275 2661 Trajano
1316 2609 1564 2661 Imperatore
1593 2609 1637 2647 in

153 2666 326 2704 insulam
356 2667 538 2705 Patmum
578 2672 749 2719 propter
778 2666 956 2705 Verbum
986 2664 1135 2705 Christi
1173 2666 1216 2704 in
1255 2666 1422 2704 exilium
1451 2665 1638 2704 mittitur.

154 2723 216 2761 Ex
243 2722 321 2761 hac
351 2737 477 2776 porro
509 2723 775 2762 translatione
795 2753 806 2773 ‚
859 2723 965 2762 fama
1005 2723 1142 2763 extitit
1177 2736 1270 2762 cum
1298 2721 1442 2762 Enoch
1481 2729 1523 2763 et
1549 2723 1638 2763 Elia

155 2778 289 2838 adhuc
316 2780 360 2818 in
390 2794 511 2821 carne
539 2781 676 2834 ipsum
705 2780 890 2820 existere.

268 2895 308 2924 v.
366 2882 581 2937 Philippus
611 2882 827 2938 Apostolus
858 2895 951 2922 cum
987 2883 1031 2922 in
1061 2882 1238 2938 Phrygia
1266 2882 1529 2936 Evangelium
1558 2897 1638 2923 an-
