<?xml version="1.0" encoding="UTF-8"?>
<!DOCTYPE html PUBLIC "-//W3C//DTD XHTML 1.0 Transitional//EN"
    "http://www.w3.org/TR/xhtml1/DTD/xhtml1-transitional.dtd">
<html xmlns="http://www.w3.org/1999/xhtml" xml:lang="en" lang="en">
 <head>
  <title>
</title>
<meta http-equiv="Content-Type" content="text/html;charset=utf-8" />
  <meta name='ocr-system' content='tesseract 3.04.00' />
  <meta name='ocr-capabilities' content='ocr_page ocr_carea ocr_par ocr_line ocrx_word'/>
</head>
<body>
  <div class='ocr_page' id='page_1' title='image "./corpusscriptorum05niebuoft_0122.png"; bbox 0 0 1884 3262; ppageno 0'>
   <div class='ocr_carea' id='block_1_1' title="bbox 185 469 302 505">
    <p class='ocr_par' dir='ltr' id='par_1_1' title="bbox 185 469 302 505">
     <span class='ocr_line' id='line_1_1' title="bbox 185 469 302 505; baseline 0 -1"><span class='ocrx_word' id='word_1_1' title='bbox 185 470 218 504; x_wconf 90' lang='lat' dir='ltr'><strong>V</strong></span> <span class='ocrx_word' id='word_1_2' title='bbox 233 469 302 505; x_wconf 86' lang='lat'><strong><em>338</em></strong></span> 
     </span>
    </p>
   </div>
   <div class='ocr_carea' id='block_1_2' title="bbox 110 1441 318 1477">
    <p class='ocr_par' dir='ltr' id='par_1_2' title="bbox 110 1441 318 1477">
     <span class='ocr_line' id='line_1_2' title="bbox 110 1441 318 1477; baseline -0.019 0"><span class='ocrx_word' id='word_1_3' title='bbox 110 1442 124 1458; x_wconf 73' lang='lat'>’</span> <span class='ocrx_word' id='word_1_4' title='bbox 140 1442 238 1477; x_wconf 84' lang='lat' dir='ltr'><strong>Haec</strong></span> <span class='ocrx_word' id='word_1_5' title='bbox 256 1441 318 1474; x_wconf 88' lang='lat' dir='ltr'><strong><em>ab-</em></strong></span> 
     </span>
    </p>
   </div>
   <div class='ocr_carea' id='block_1_3' title="bbox 334 210 1523 260">
    <p class='ocr_par' dir='ltr' id='par_1_3' title="bbox 334 210 1523 260">
     <span class='ocr_line' id='line_1_3' title="bbox 334 210 1523 260; baseline -0.006 -1"><span class='ocrx_word' id='word_1_6' title='bbox 334 214 428 260; x_wconf 75' lang='lat'><strong><em>112</em></strong></span> <span class='ocrx_word' id='word_1_7' title='bbox 652 211 893 254; x_wconf 88' lang='lat' dir='ltr'>SELECTA</span> <span class='ocrx_word' id='word_1_8' title='bbox 922 211 994 253; x_wconf 89' lang='lat' dir='ltr'><strong><em>AD</em></strong></span> <span class='ocrx_word' id='word_1_9' title='bbox 1031 210 1523 254; x_wconf 84' lang='lat' dir='ltr'><strong>ILLUSTRATIONEM</strong></span> 
     </span>
    </p>
   </div>
   <div class='ocr_carea' id='block_1_4' title="bbox 407 430 1782 611">
    <p class='ocr_par' dir='ltr' id='par_1_4' title="bbox 407 430 1782 611">
     <span class='ocr_line' id='line_1_4' title="bbox 984 430 1140 504; baseline 0.006 -19"><span class='ocrx_word' id='word_1_10' title='bbox 984 431 1057 486; x_wconf 92' lang='lat' dir='ltr'><strong><em>V.</em></strong></span> <span class='ocrx_word' id='word_1_11' title='bbox 1086 430 1140 504; x_wconf 58' lang='lat'><strong><em>²³³)</em></strong></span> 
     </span>
     <span class='ocr_line' id='line_1_5' title="bbox 407 545 1782 611; baseline -0.001 -16"><span class='ocrx_word' id='word_1_12' title='bbox 407 547 840 595; x_wconf 79' lang='grc' dir='ltr'><em>ΕΥΣΕΒΙΟΥ</em></span> <span class='ocrx_word' id='word_1_13' title='bbox 875 547 993 594; x_wconf 83' lang='lat' dir='ltr'><strong><em>EK</em></strong></span> <span class='ocrx_word' id='word_1_14' title='bbox 1039 546 1211 594; x_wconf 62' lang='grc' dir='ltr'><strong><em>ΤΩΝ</em></strong></span> <span class='ocrx_word' id='word_1_15' title='bbox 1251 545 1728 611; x_wconf 70' lang='lat' dir='ltr'><strong><em>XPONIKJZN.</em></strong></span> <span class='ocrx_word' id='word_1_16' title='bbox 1772 552 1782 556; x_wconf 56' lang='grc'><strong>“</strong></span> 
     </span>
    </p>
   </div>
   <div class='ocr_carea' id='block_1_5' title="bbox 333 676 1801 918">
    <p class='ocr_par' dir='ltr' id='par_1_5' title="bbox 333 676 1801 903">
     <span class='ocr_line' id='line_1_6' title="bbox 447 676 1801 733; baseline -0.001 -12"><span class='ocrx_word' id='word_1_17' title='bbox 447 678 567 722; x_wconf 77' lang='grc' dir='ltr'><strong><em>Μετοέ</em></strong></span> <span class='ocrx_word' id='word_1_18' title='bbox 588 677 634 721; x_wconf 77' lang='grc' dir='ltr'><strong><em>τό</em></strong></span> <span class='ocrx_word' id='word_1_19' title='bbox 652 682 922 733; x_wconf 80' lang='grc' dir='ltr'><em>πληρωθῆναι</em></span> <span class='ocrx_word' id='word_1_20' title='bbox 949 677 998 720; x_wconf 77' lang='grc' dir='ltr'><strong><em>τοέ</em></strong></span> <span class='ocrx_word' id='word_1_21' title='bbox 1016 677 1093 731; x_wconf 84' lang='grc' dir='ltr'><strong><em>εφ’</em></strong></span> <span class='ocrx_word' id='word_1_22' title='bbox 1112 679 1179 732; x_wconf 75' lang='grc' dir='ltr'><strong><em>ἔτη</em></strong></span> <span class='ocrx_word' id='word_1_23' title='bbox 1210 676 1290 721; x_wconf 77' lang='grc' dir='ltr'><strong><em>οἷπό</em></strong></span> <span class='ocrx_word' id='word_1_24' title='bbox 1314 676 1478 728; x_wconf 82' lang='grc' dir='ltr'><strong><em>κτίσεως</em></strong></span> <span class='ocrx_word' id='word_1_25' title='bbox 1504 677 1681 730; x_wconf 85' lang='grc' dir='ltr'><strong><em>κόσμου,</em></strong></span> <span class='ocrx_word' id='word_1_26' title='bbox 1712 678 1801 720; x_wconf 78' lang='grc' dir='ltr'><strong><em>ἒπε-</em></strong></span> 
     </span>
     <span class='ocr_line' id='line_1_7' title="bbox 333 734 1800 807; baseline -0.002 -28"><span class='ocrx_word' id='word_1_27' title='bbox 333 734 551 790; x_wconf 83' lang='grc' dir='ltr'><strong><em>δήμησεν</em></strong></span> <span class='ocrx_word' id='word_1_28' title='bbox 530 754 551 778; x_wconf 95' lang='grc' dir='ltr'><strong><em>ο</em></strong></span> <span class='ocrx_word' id='word_1_29' title='bbox 569 734 721 789; x_wconf 76' lang='grc' dir='ltr'><strong><em>Κύριος</em></strong></span> <span class='ocrx_word' id='word_1_30' title='bbox 739 735 877 788; x_wconf 82' lang='grc' dir='ltr'><strong><em>ημῶν,</em></strong></span> <span class='ocrx_word' id='word_1_31' title='bbox 907 736 976 777; x_wconf 86' lang='grc' dir='ltr'><strong><em>καὶ</em></strong></span> <span class='ocrx_word' id='word_1_32' title='bbox 994 735 1046 807; x_wconf 71' lang='grc' dir='ltr'><strong><em>δή</em></strong></span> <span class='ocrx_word' id='word_1_33' title='bbox 1062 737 1277 790; x_wconf 76' lang='grc' dir='ltr'><strong><em>γεννηθεὶς</em></strong></span> <span class='ocrx_word' id='word_1_34' title='bbox 1302 734 1345 778; x_wconf 81' lang='grc' dir='ltr'><strong><em>τὸ</em></strong></span> <span class='ocrx_word' id='word_1_35' title='bbox 1369 735 1470 777; x_wconf 79' lang='grc' dir='ltr'><strong><em>κατοὶ</em></strong></span> <span class='ocrx_word' id='word_1_36' title='bbox 1500 749 1630 790; x_wconf 87' lang='grc' dir='ltr'><strong><em>σαρκα</em></strong></span> <span class='ocrx_word' id='word_1_37' title='bbox 1655 737 1698 777; x_wconf 81' lang='grc' dir='ltr'><strong><em>ἐκ</em></strong></span> <span class='ocrx_word' id='word_1_38' title='bbox 1715 739 1800 805; x_wconf 82' lang='grc' dir='ltr'><strong><em>τῆς</em></strong></span> 
     </span>
     <span class='ocr_line' id='line_1_8' title="bbox 334 788 1800 866; baseline -0.002 -30"><span class='ocrx_word' id='word_1_39' title='bbox 334 794 452 849; x_wconf 85' lang='grc' dir='ltr'><strong><em>αγίας</em></strong></span> <span class='ocrx_word' id='word_1_40' title='bbox 485 793 705 847; x_wconf 84' lang='grc' dir='ltr'><em>Παρθένου</em></span> <span class='ocrx_word' id='word_1_41' title='bbox 729 794 918 847; x_wconf 83' lang='grc' dir='ltr'><strong><em>Μαρίας,</em></strong></span> <span class='ocrx_word' id='word_1_42' title='bbox 952 793 1021 834; x_wconf 86' lang='grc' dir='ltr'><strong><em>καὶ</em></strong></span> <span class='ocrx_word' id='word_1_43' title='bbox 1048 791 1271 847; x_wconf 72' lang='grc' dir='ltr'><em>ἀρχομένου</em></span> <span class='ocrx_word' id='word_1_44' title='bbox 1298 797 1373 834; x_wconf 82' lang='grc' dir='ltr'><strong><em>τοῦ</em></strong></span> <span class='ocrx_word' id='word_1_45' title='bbox 1409 806 1644 866; x_wconf 85' lang='grc' dir='ltr'><strong><em>τριακοστου</em></strong></span> <span class='ocrx_word' id='word_1_46' title='bbox 1673 788 1800 833; x_wconf 83' lang='grc' dir='ltr'><strong><em>αυτοῦ</em></strong></span> 
     </span>
     <span class='ocr_line' id='line_1_9' title="bbox 335 848 1799 918; baseline -0.003 -26"><span class='ocrx_word' id='word_1_47' title='bbox 335 851 458 901; x_wconf 77' lang='grc' dir='ltr'><strong><em>ἔτους,</em></strong></span> <span class='ocrx_word' id='word_1_48' title='bbox 482 848 601 891; x_wconf 74' lang='grc' dir='ltr'><strong><em>καθα</em></strong></span> <span class='ocrx_word' id='word_1_49' title='bbox 623 849 749 902; x_wconf 85' lang='grc' dir='ltr'><strong><em>φησὶν</em></strong></span> <span class='ocrx_word' id='word_1_50' title='bbox 770 849 993 900; x_wconf 83' lang='grc' dir='ltr'><strong><em>οΛουκᾶς,</em></strong></span> <span class='ocrx_word' id='word_1_51' title='bbox 1023 850 1122 902; x_wconf 84' lang='grc' dir='ltr'><strong><em>μηνὶ</em></strong></span> <span class='ocrx_word' id='word_1_52' title='bbox 1143 851 1393 918; x_wconf 81' lang='grc' dir='ltr'><strong><em>Ιανουαρίῳ,</em></strong></span> <span class='ocrx_word' id='word_1_53' title='bbox 1422 851 1465 891; x_wconf 75' lang='grc' dir='ltr'><strong><em>ἕν</em></strong></span> <span class='ocrx_word' id='word_1_54' title='bbox 1479 865 1521 891; x_wconf 88' lang='grc' dir='ltr'><strong><em>τε</em></strong></span> <span class='ocrx_word' id='word_1_55' title='bbox 1537 848 1668 905; x_wconf 67' lang='grc' dir='ltr'><strong><em>’ἡμέρα</em></strong></span> <span class='ocrx_word' id='word_1_56' title='bbox 1687 850 1799 905; x_wconf 80' lang='grc' dir='ltr'><em>τρίτῃ</em></span> 
     </span>
    </p>
   </div>
   <div class='ocr_carea' id='block_1_6' title="bbox 320 890 1799 964">
    <p class='ocr_par' dir='ltr' id='par_1_6' title="bbox 320 890 1799 964">
     <span class='ocr_line' id='line_1_10' title="bbox 320 890 1799 964; baseline -0.001 -15"><span class='ocrx_word' id='word_1_57' title='bbox 320 910 405 961; x_wconf 77' lang='grc' dir='ltr'><strong><em>’τῆς</em></strong></span> <span class='ocrx_word' id='word_1_58' title='bbox 438 904 663 964; x_wconf 81' lang='grc' dir='ltr'><strong><em>ἓβδομαδος</em></strong></span> <span class='ocrx_word' id='word_1_59' title='bbox 692 904 788 959; x_wconf 75' lang='grc' dir='ltr'><strong><em>μετὰ</em></strong></span> <span class='ocrx_word' id='word_1_60' title='bbox 817 903 885 946; x_wconf 59' lang='grc' dir='ltr'><strong><em>καθ’</em></strong></span> <span class='ocrx_word' id='word_1_61' title='bbox 913 907 979 958; x_wconf 88' lang='grc' dir='ltr'><strong><em>ε’τη</em></strong></span> <span class='ocrx_word' id='word_1_62' title='bbox 1012 910 1086 959; x_wconf 77' lang='grc' dir='ltr'><strong><em>τῆς</em></strong></span> <span class='ocrx_word' id='word_1_63' title='bbox 1116 905 1244 948; x_wconf 84' lang='grc' dir='ltr'><strong><em>αυτοῦ</em></strong></span> <span class='ocrx_word' id='word_1_64' title='bbox 1274 908 1532 958; x_wconf 81' lang='grc' dir='ltr'><em>ἐπιφανείας,</em></span> <span class='ocrx_word' id='word_1_65' title='bbox 1572 890 1799 959; x_wconf 78' lang='grc' dir='ltr'><strong><em>ἐβαπτίσθη</em></strong></span> 
     </span>
    </p>
   </div>
   <div class='ocr_carea' id='block_1_7' title="bbox 329 960 1805 1360">
    <p class='ocr_par' dir='ltr' id='par_1_7' title="bbox 329 960 1805 1358">
     <span class='ocr_line' id='line_1_11' title="bbox 330 960 1800 1035; baseline -0.001 -31"><span class='ocrx_word' id='word_1_66' title='bbox 330 962 415 1006; x_wconf 77' lang='grc' dir='ltr'><strong><em>υπό</em></strong></span> <span class='ocrx_word' id='word_1_67' title='bbox 450 960 657 1013; x_wconf 79' lang='grc' dir='ltr'><strong><em>Ιωάννου,</em></strong></span> <span class='ocrx_word' id='word_1_68' title='bbox 696 963 766 1003; x_wconf 87' lang='grc' dir='ltr'><strong><em>καὶ</em></strong></span> <span class='ocrx_word' id='word_1_69' title='bbox 795 961 895 1003; x_wconf 69' lang='grc' dir='ltr'><strong><em>ἄλλα</em></strong></span> <span class='ocrx_word' id='word_1_70' title='bbox 930 980 1033 1031; x_wconf 88' lang='grc' dir='ltr'><strong><em>προς</em></strong></span> <span class='ocrx_word' id='word_1_71' title='bbox 1055 961 1215 1011; x_wconf 78' lang='grc' dir='ltr'><strong><em>τούτοις</em></strong></span> <span class='ocrx_word' id='word_1_72' title='bbox 1240 965 1331 1035; x_wconf 89' lang='grc' dir='ltr'><strong><em>τρία</em></strong></span> <span class='ocrx_word' id='word_1_73' title='bbox 1362 964 1426 1016; x_wconf 85' lang='grc' dir='ltr'><strong><em>ε’τη</em></strong></span> <span class='ocrx_word' id='word_1_74' title='bbox 1456 963 1800 1017; x_wconf 78' lang='grc' dir='ltr'><strong><em>θαυματουργίας,</em></strong></span> 
     </span>
     <span class='ocr_line' id='line_1_12' title="bbox 331 1015 1805 1076; baseline -0.001 -14"><span class='ocrx_word' id='word_1_75' title='bbox 331 1017 453 1075; x_wconf 64' lang='grc' dir='ltr'><strong><em>,εφλγ’</em></strong></span> <span class='ocrx_word' id='word_1_76' title='bbox 476 1020 646 1076; x_wconf 77' lang='grc' dir='ltr'><strong><em>ἐνιαυτῷ</em></strong></span> <span class='ocrx_word' id='word_1_77' title='bbox 673 1015 755 1060; x_wconf 81' lang='grc' dir='ltr'><strong><em>απδ</em></strong></span> <span class='ocrx_word' id='word_1_78' title='bbox 786 1022 950 1068; x_wconf 82' lang='grc' dir='ltr'><strong><em>κτίσεως</em></strong></span> <span class='ocrx_word' id='word_1_79' title='bbox 981 1017 1135 1073; x_wconf 85' lang='grc' dir='ltr'><strong><em>κόσμου</em></strong></span> <span class='ocrx_word' id='word_1_80' title='bbox 1169 1018 1253 1073; x_wconf 90' lang='grc' dir='ltr'><strong><em>[δια</em></strong></span> <span class='ocrx_word' id='word_1_81' title='bbox 1270 1037 1346 1074; x_wconf 88' lang='grc' dir='ltr'><strong><em>την</em></strong></span> <span class='ocrx_word' id='word_1_82' title='bbox 1365 1019 1560 1074; x_wconf 67' lang='grc' dir='ltr'><strong><em>η”μετέραν</em></strong></span> <span class='ocrx_word' id='word_1_83' title='bbox 1584 1019 1805 1072; x_wconf 84' lang='grc' dir='ltr'><strong><em>σωτηρίαν]</em></strong></span> 
     </span>
     <span class='ocr_line' id='line_1_13' title="bbox 331 1073 1800 1146; baseline -0.002 -27"><span class='ocrx_word' id='word_1_84' title='bbox 331 1075 581 1131; x_wconf 80' lang='grc' dir='ltr'><strong><em>ἐσταυρωθη.</em></strong></span> <span class='ocrx_word' id='word_1_85' title='bbox 624 1073 771 1130; x_wconf 86' lang='grc' dir='ltr'><strong><em>Φαγων</em></strong></span> <span class='ocrx_word' id='word_1_86' title='bbox 793 1074 904 1146; x_wconf 83' lang='grc' dir='ltr'><strong><em>(γαρ)</em></strong></span> <span class='ocrx_word' id='word_1_87' title='bbox 929 1075 973 1117; x_wconf 77' lang='grc' dir='ltr'><strong><em>τό</em></strong></span> <span class='ocrx_word' id='word_1_88' title='bbox 997 1079 1161 1125; x_wconf 82' lang='grc' dir='ltr'><strong><em>σκιῶδες</em></strong></span> <span class='ocrx_word' id='word_1_89' title='bbox 1185 1075 1329 1130; x_wconf 86' lang='grc' dir='ltr'><strong><em>Πασχα</em></strong></span> <span class='ocrx_word' id='word_1_90' title='bbox 1358 1093 1454 1129; x_wconf 87' lang='grc' dir='ltr'><strong><em>μετα</em></strong></span> <span class='ocrx_word' id='word_1_91' title='bbox 1482 1080 1563 1117; x_wconf 85' lang='grc' dir='ltr'><strong><em>τῶν</em></strong></span> <span class='ocrx_word' id='word_1_92' title='bbox 1589 1079 1800 1127; x_wconf 74' lang='grc' dir='ltr'><strong><em>μαθητων,</em></strong></span> 
     </span>
     <span class='ocr_line' id='line_1_14' title="bbox 329 1130 1799 1193; baseline -0.001 -18"><span class='ocrx_word' id='word_1_93' title='bbox 329 1150 397 1175; x_wconf 89' lang='grc' dir='ltr'><strong><em>και</em></strong></span> <span class='ocrx_word' id='word_1_94' title='bbox 425 1131 646 1193; x_wconf 80' lang='grc' dir='ltr'><strong><em>εἰσαγαγων</em></strong></span> <span class='ocrx_word' id='word_1_95' title='bbox 681 1131 726 1173; x_wconf 76' lang='grc' dir='ltr'><strong><em>τό</em></strong></span> <span class='ocrx_word' id='word_1_96' title='bbox 757 1131 1002 1175; x_wconf 79' lang='grc' dir='ltr'><strong><em>αὕθεντικόν</em></strong></span> <span class='ocrx_word' id='word_1_97' title='bbox 1029 1138 1079 1190; x_wconf 80' lang='grc' dir='ltr'><strong><em>τῇ</em></strong></span> <span class='ocrx_word' id='word_1_98' title='bbox 1114 1133 1271 1190; x_wconf 80' lang='grc' dir='ltr'><strong><em>πέμπτη</em></strong></span> <span class='ocrx_word' id='word_1_99' title='bbox 1299 1133 1431 1190; x_wconf 81' lang='grc' dir='ltr'><strong><em>ημέρα</em></strong></span> <span class='ocrx_word' id='word_1_100' title='bbox 1459 1137 1533 1186; x_wconf 81' lang='grc' dir='ltr'><strong><em>τῆς</em></strong></span> <span class='ocrx_word' id='word_1_101' title='bbox 1562 1130 1799 1186; x_wconf 74' lang='grc' dir='ltr'><strong><em>ἑβδομάδος,</em></strong></span> 
     </span>
     <span class='ocr_line' id='line_1_15' title="bbox 330 1186 1802 1262; baseline -0.001 -31"><span class='ocrx_word' id='word_1_102' title='bbox 330 1188 420 1244; x_wconf 86' lang='grc' dir='ltr'><strong><em>η’τις</em></strong></span> <span class='ocrx_word' id='word_1_103' title='bbox 435 1193 489 1243; x_wconf 77' lang='grc' dir='ltr'><strong><em>ἦν</em></strong></span> <span class='ocrx_word' id='word_1_104' title='bbox 510 1194 584 1243; x_wconf 83' lang='grc' dir='ltr'><strong><em>τῆς</em></strong></span> <span class='ocrx_word' id='word_1_105' title='bbox 605 1186 792 1262; x_wconf 82' lang='grc' dir='ltr'><strong><em>σεληνης</em></strong></span> <span class='ocrx_word' id='word_1_106' title='bbox 792 1187 855 1230; x_wconf 86' lang='grc' dir='ltr'><strong><em>ιδ’.</em></strong></span> <span class='ocrx_word' id='word_1_107' title='bbox 883 1194 956 1231; x_wconf 85' lang='grc' dir='ltr'><strong><em>τοῦ</em></strong></span> <span class='ocrx_word' id='word_1_108' title='bbox 990 1189 1033 1231; x_wconf 84' lang='grc' dir='ltr'><strong><em>δὲ</em></strong></span> <span class='ocrx_word' id='word_1_109' title='bbox 1063 1188 1190 1242; x_wconf 77' lang='grc' dir='ltr'><strong><em>μηνός</em></strong></span> <span class='ocrx_word' id='word_1_110' title='bbox 1219 1191 1409 1260; x_wconf 89' lang='grc' dir='ltr'><strong><em>Μαρτίου</em></strong></span> <span class='ocrx_word' id='word_1_111' title='bbox 1437 1188 1510 1243; x_wconf 76' lang='grc' dir='ltr'><strong><em>κβ’,</em></strong></span> <span class='ocrx_word' id='word_1_112' title='bbox 1543 1191 1802 1237; x_wconf 81' lang='grc' dir='ltr'><strong><em>Ινδικτιῶνος</em></strong></span> 
     </span>
     <span class='ocr_line' id='line_1_16' title="bbox 331 1243 1800 1318; baseline -0.002 -29"><span class='ocrx_word' id='word_1_113' title='bbox 331 1245 390 1297; x_wconf 84' lang='grc' dir='ltr'><strong><em>ιε’,</em></strong></span> <span class='ocrx_word' id='word_1_114' title='bbox 425 1244 543 1318; x_wconf 83' lang='grc' dir='ltr'><strong><em>αυτῇ</em></strong></span> <span class='ocrx_word' id='word_1_115' title='bbox 550 1245 594 1287; x_wconf 83' lang='grc' dir='ltr'><strong><em>δὲ</em></strong></span> <span class='ocrx_word' id='word_1_116' title='bbox 614 1262 661 1300; x_wconf 86' lang='grc' dir='ltr'><strong><em>τη</em></strong></span> <span class='ocrx_word' id='word_1_117' title='bbox 682 1246 798 1286; x_wconf 83' lang='grc' dir='ltr'><strong><em>νυκτὶ</em></strong></span> <span class='ocrx_word' id='word_1_118' title='bbox 814 1260 993 1316; x_wconf 78' lang='grc' dir='ltr'><strong><em>φερουσῃ</em></strong></span> <span class='ocrx_word' id='word_1_119' title='bbox 1016 1247 1073 1295; x_wconf 84' lang='grc' dir='ltr'><strong><em>εἰς</em></strong></span> <span class='ocrx_word' id='word_1_120' title='bbox 1093 1263 1167 1298; x_wconf 84' lang='grc' dir='ltr'><strong><em>την</em></strong></span> <span class='ocrx_word' id='word_1_121' title='bbox 1185 1244 1243 1317; x_wconf 80' lang='grc' dir='ltr'><strong><em>κγ’</em></strong></span> <span class='ocrx_word' id='word_1_122' title='bbox 1261 1251 1336 1287; x_wconf 80' lang='grc' dir='ltr'><strong><em>τοῦ</em></strong></span> <span class='ocrx_word' id='word_1_123' title='bbox 1354 1243 1482 1288; x_wconf 71' lang='grc' dir='ltr'><strong><em>αὐτοῦ</em></strong></span> <span class='ocrx_word' id='word_1_124' title='bbox 1503 1245 1652 1300; x_wconf 76' lang='grc' dir='ltr'><strong><em>μηνός,</em></strong></span> <span class='ocrx_word' id='word_1_125' title='bbox 1681 1261 1800 1299; x_wconf 84' lang='grc' dir='ltr'><strong><em>παρε-</em></strong></span> 
     </span>
     <span class='ocr_line' id='line_1_17' title="bbox 331 1300 1800 1360; baseline -0.001 -15"><span class='ocrx_word' id='word_1_126' title='bbox 331 1301 458 1357; x_wconf 81' lang='grc' dir='ltr'><strong><em>δόθη,</em></strong></span> <span class='ocrx_word' id='word_1_127' title='bbox 481 1303 549 1344; x_wconf 86' lang='grc' dir='ltr'><strong><em>καὶ</em></strong></span> <span class='ocrx_word' id='word_1_128' title='bbox 566 1302 837 1356; x_wconf 82' lang='grc' dir='ltr'><strong><em>σταυρωθεὶς,</em></strong></span> <span class='ocrx_word' id='word_1_129' title='bbox 869 1300 978 1359; x_wconf 75' lang='grc' dir='ltr'><strong><em>αὐτῇ</em></strong></span> <span class='ocrx_word' id='word_1_130' title='bbox 997 1306 1048 1360; x_wconf 80' lang='grc' dir='ltr'><strong><em>τῇ</em></strong></span> <span class='ocrx_word' id='word_1_131' title='bbox 1066 1302 1198 1359; x_wconf 85' lang='grc' dir='ltr'><strong><em>ημέρα</em></strong></span> <span class='ocrx_word' id='word_1_132' title='bbox 1216 1300 1358 1356; x_wconf 80' lang='grc' dir='ltr'><strong><em>ἆνέστη</em></strong></span> <span class='ocrx_word' id='word_1_133' title='bbox 1379 1300 1447 1354; x_wconf 84' lang='grc' dir='ltr'><strong><em>κε’,</em></strong></span> <span class='ocrx_word' id='word_1_134' title='bbox 1469 1303 1599 1360; x_wconf 77' lang='grc' dir='ltr'><strong><em>ημέρα</em></strong></span> <span class='ocrx_word' id='word_1_135' title='bbox 1613 1305 1800 1360; x_wconf 78' lang='grc' dir='ltr'><strong><em>κυριακῇ</em></strong></span> 
     </span>
    </p>
   </div>
   <div class='ocr_carea' id='block_1_8' title="bbox 631 1423 1494 1469">
    <p class='ocr_par' dir='ltr' id='par_1_8' title="bbox 631 1423 1494 1469">
     <span class='ocr_line' id='line_1_18' title="bbox 631 1423 1494 1469; baseline 0.002 -3"><span class='ocrx_word' id='word_1_136' title='bbox 631 1423 654 1452; x_wconf 91' lang='grc'>*</span> <span class='ocrx_word' id='word_1_137' title='bbox 671 1429 782 1467; x_wconf 81' lang='grc' dir='ltr'><strong><em>ΤΟΥ</em></strong></span> <span class='ocrx_word' id='word_1_138' title='bbox 806 1429 999 1467; x_wconf 74' lang='grc' dir='ltr'><em>ΑΥΤΟΥ</em></span> <span class='ocrx_word' id='word_1_139' title='bbox 1023 1431 1101 1468; x_wconf 82' lang='grc' dir='ltr'><strong><em>ΕΚ</em></strong></span> <span class='ocrx_word' id='word_1_140' title='bbox 1136 1431 1259 1468; x_wconf 77' lang='grc' dir='ltr'><strong><em>ΤΩΝ</em></strong></span> <span class='ocrx_word' id='word_1_141' title='bbox 1281 1429 1494 1469; x_wconf 78' lang='grc' dir='ltr'><em>ΑΤΤΩΝ</em></span> 
     </span>
    </p>
   </div>
   <div class='ocr_carea' id='block_1_9' title="bbox 109 1485 330 1522">
    <p class='ocr_par' dir='ltr' id='par_1_9' title="bbox 109 1485 330 1522">
     <span class='ocr_line' id='line_1_19' title="bbox 109 1485 330 1522; baseline -0.014 0"><span class='ocrx_word' id='word_1_142' title='bbox 109 1493 190 1522; x_wconf 82' lang='lat' dir='ltr'><strong>sunt.</strong></span> <span class='ocrx_word' id='word_1_143' title='bbox 206 1488 242 1521; x_wconf 84' lang='lat' dir='ltr'><strong>in</strong></span> <span class='ocrx_word' id='word_1_144' title='bbox 255 1485 330 1520; x_wconf 85' lang='lat' dir='ltr'><strong>aliis</strong></span> 
     </span>
    </p>
   </div>
   <div class='ocr_carea' id='block_1_10' title="bbox 170 1532 283 1568">
    <p class='ocr_par' dir='ltr' id='par_1_10' title="bbox 170 1532 283 1568">
     <span class='ocr_line' id='line_1_20' title="bbox 170 1532 283 1568; baseline -0.02 0"><span class='ocrx_word' id='word_1_145' title='bbox 170 1532 283 1568; x_wconf 86' lang='lat' dir='ltr'><strong>Codd.</strong></span> 
     </span>
    </p>
   </div>
   <div class='ocr_carea' id='block_1_11' title="bbox 332 1514 1804 1756">
    <p class='ocr_par' dir='ltr' id='par_1_11' title="bbox 332 1514 1803 1743">
     <span class='ocr_line' id='line_1_21' title="bbox 450 1514 1800 1590; baseline 0.002 -33"><span class='ocrx_word' id='word_1_146' title='bbox 450 1519 614 1558; x_wconf 79' lang='grc' dir='ltr'><strong><em>Τουτῶν</em></strong></span> <span class='ocrx_word' id='word_1_147' title='bbox 638 1515 681 1558; x_wconf 84' lang='grc' dir='ltr'><strong><em>δὲ</em></strong></span> <span class='ocrx_word' id='word_1_148' title='bbox 702 1514 830 1566; x_wconf 82' lang='grc' dir='ltr'><strong><em>ου’τως</em></strong></span> <span class='ocrx_word' id='word_1_149' title='bbox 857 1517 1079 1572; x_wconf 79' lang='grc' dir='ltr'><em>εἰρημένων</em></span> <span class='ocrx_word' id='word_1_150' title='bbox 1106 1523 1188 1560; x_wconf 78' lang='grc' dir='ltr'><strong><em>τῶν</em></strong></span> <span class='ocrx_word' id='word_1_151' title='bbox 1216 1514 1562 1590; x_wconf 79' lang='grc' dir='ltr'><strong><em>αναγκαιοτᾶτων,</em></strong></span> <span class='ocrx_word' id='word_1_152' title='bbox 1593 1517 1699 1560; x_wconf 78' lang='grc' dir='ltr'><strong><em>ἐστὶν</em></strong></span> <span class='ocrx_word' id='word_1_153' title='bbox 1718 1518 1800 1560; x_wconf 81' lang='grc' dir='ltr'><strong><em>ἐπι-</em></strong></span> 
     </span>
     <span class='ocr_line' id='line_1_22' title="bbox 332 1571 1802 1632; baseline 0.001 -17"><span class='ocrx_word' id='word_1_154' title='bbox 332 1575 604 1627; x_wconf 85' lang='grc' dir='ltr'><strong><em>σημαίνεσθαι</em></strong></span> <span class='ocrx_word' id='word_1_155' title='bbox 622 1573 691 1614; x_wconf 83' lang='grc' dir='ltr'><strong><em>καὶ</em></strong></span> <span class='ocrx_word' id='word_1_156' title='bbox 710 1572 754 1615; x_wconf 79' lang='grc' dir='ltr'><strong><em>τό</em></strong></span> <span class='ocrx_word' id='word_1_157' title='bbox 777 1578 850 1627; x_wconf 76' lang='grc' dir='ltr'><strong><em>τῆς</em></strong></span> <span class='ocrx_word' id='word_1_158' title='bbox 868 1577 1152 1629; x_wconf 81' lang='grc' dir='ltr'><strong><em>κοσμογενείας</em></strong></span> <span class='ocrx_word' id='word_1_159' title='bbox 1185 1576 1289 1628; x_wconf 79' lang='grc' dir='ltr'><strong><em>ἔτος,</em></strong></span> <span class='ocrx_word' id='word_1_160' title='bbox 1319 1577 1362 1624; x_wconf 80' lang='grc' dir='ltr'><strong><em>ἐν</em></strong></span> <span class='ocrx_word' id='word_1_161' title='bbox 1381 1593 1412 1632; x_wconf 81' lang='grc' dir='ltr'><em>ῳ</em></span> <span class='ocrx_word' id='word_1_162' title='bbox 1438 1574 1512 1628; x_wconf 82' lang='grc' dir='ltr'><strong><em>τὴν</em></strong></span> <span class='ocrx_word' id='word_1_163' title='bbox 1533 1571 1802 1629; x_wconf 78' lang='grc' dir='ltr'><strong><em>ὖπερκὸσμιον</em></strong></span> 
     </span>
     <span class='ocr_line' id='line_1_23' title="bbox 332 1628 1804 1705; baseline 0.002 -34"><span class='ocrx_word' id='word_1_164' title='bbox 332 1630 375 1672; x_wconf 79' lang='grc' dir='ltr'><strong><em>ἐν</em></strong></span> <span class='ocrx_word' id='word_1_165' title='bbox 391 1628 549 1702; x_wconf 81' lang='grc' dir='ltr'><strong><em>κόσμῳ</em></strong></span> <span class='ocrx_word' id='word_1_166' title='bbox 564 1632 779 1684; x_wconf 88' lang='grc' dir='ltr'><strong><em>πεποίηται</em></strong></span> <span class='ocrx_word' id='word_1_167' title='bbox 809 1629 1011 1685; x_wconf 88' lang='grc' dir='ltr'><strong><em>σαρκωσιν</em></strong></span> <span class='ocrx_word' id='word_1_168' title='bbox 1037 1633 1080 1674; x_wconf 80' lang='grc' dir='ltr'><strong><em>ἐκ</em></strong></span> <span class='ocrx_word' id='word_1_169' title='bbox 1106 1636 1179 1685; x_wconf 82' lang='grc' dir='ltr'><strong><em>τῆς</em></strong></span> <span class='ocrx_word' id='word_1_170' title='bbox 1209 1632 1325 1694; x_wconf 85' lang='grc' dir='ltr'><strong><em>αγίας</em></strong></span> <span class='ocrx_word' id='word_1_171' title='bbox 1345 1633 1567 1687; x_wconf 84' lang='grc' dir='ltr'><strong><em>Παρθένου</em></strong></span> <span class='ocrx_word' id='word_1_172' title='bbox 1588 1634 1767 1705; x_wconf 82' lang='grc' dir='ltr'><strong><em>Μαρίας</em></strong></span> <span class='ocrx_word' id='word_1_173' title='bbox 1781 1630 1804 1674; x_wconf 82' lang='grc' dir='ltr'><em>ὅ</em></span> 
     </span>
     <span class='ocr_line' id='line_1_24' title="bbox 334 1683 1801 1756; baseline 0.002 -29"><span class='ocrx_word' id='word_1_174' title='bbox 334 1683 502 1756; x_wconf 82' lang='grc' dir='ltr'><strong><em>Κύριος</em></strong></span> <span class='ocrx_word' id='word_1_175' title='bbox 519 1704 641 1740; x_wconf 88' lang='grc' dir='ltr'><strong><em>ημων</em></strong></span> <span class='ocrx_word' id='word_1_176' title='bbox 672 1691 820 1740; x_wconf 86' lang='grc' dir='ltr'><strong><em>Ιησους</em></strong></span> <span class='ocrx_word' id='word_1_177' title='bbox 851 1687 1036 1743; x_wconf 90' lang='grc' dir='ltr'><strong><em>Χριστός.</em></strong></span> <span class='ocrx_word' id='word_1_178' title='bbox 1095 1693 1162 1730; x_wconf 88' lang='grc' dir='ltr'><strong><em>Ην</em></strong></span> <span class='ocrx_word' id='word_1_179' title='bbox 1186 1693 1262 1732; x_wconf 82' lang='grc' dir='ltr'><strong><em>οὑν</em></strong></span> <span class='ocrx_word' id='word_1_180' title='bbox 1292 1688 1337 1732; x_wconf 87' lang='grc' dir='ltr'>τὸ</span> <span class='ocrx_word' id='word_1_181' title='bbox 1366 1693 1587 1742; x_wconf 81' lang='grc' dir='ltr'><strong><em>τηνικαῦτα</em></strong></span> <span class='ocrx_word' id='word_1_182' title='bbox 1605 1687 1681 1742; x_wconf 81' lang='grc' dir='ltr'><strong><em>,εφ’</em></strong></span> <span class='ocrx_word' id='word_1_183' title='bbox 1703 1689 1801 1740; x_wconf 77' lang='grc' dir='ltr'><strong><em>ἔτος,</em></strong></span> 
     </span>
    </p>
   </div>
   <div class='ocr_carea' id='block_1_12' title="bbox 185 1741 1802 1816">
    <p class='ocr_par' dir='ltr' id='par_1_12' title="bbox 185 1741 1802 1816">
     <span class='ocr_line' id='line_1_25' title="bbox 185 1741 1802 1816; baseline 0.002 -33"><span class='ocrx_word' id='word_1_184' title='bbox 185 1748 215 1782; x_wconf 87' lang='grc' dir='ltr'><strong>Ρ</strong></span> <span class='ocrx_word' id='word_1_185' title='bbox 240 1745 310 1783; x_wconf 75' lang='grc'><strong><em>422</em></strong></span> <span class='ocrx_word' id='word_1_186' title='bbox 335 1742 438 1785; x_wconf 78' lang='grc' dir='ltr'><strong><em>κατοέ</em></strong></span> <span class='ocrx_word' id='word_1_187' title='bbox 458 1741 532 1796; x_wconf 84' lang='grc' dir='ltr'><strong><em>τὴν</em></strong></span> <span class='ocrx_word' id='word_1_188' title='bbox 551 1744 594 1785; x_wconf 77' lang='grc' dir='ltr'><strong><em>ἐν</em></strong></span> <span class='ocrx_word' id='word_1_189' title='bbox 613 1745 809 1794; x_wconf 74' lang='grc' dir='ltr'><strong><em>δελτοῖς”</em></strong></span> <span class='ocrx_word' id='word_1_190' title='bbox 791 1750 915 1814; x_wconf 86' lang='grc' dir='ltr'><strong><em>ιεροῖς</em></strong></span> <span class='ocrx_word' id='word_1_191' title='bbox 939 1763 1104 1816; x_wconf 79' lang='grc' dir='ltr'><strong><em>γραφην</em></strong></span> <span class='ocrx_word' id='word_1_192' title='bbox 1130 1749 1212 1788; x_wconf 77' lang='grc' dir='ltr'><strong><em>τῶν</em></strong></span> <span class='ocrx_word' id='word_1_193' title='bbox 1242 1744 1324 1788; x_wconf 77' lang='grc' dir='ltr'><strong><em>οἷπό</em></strong></span> <span class='ocrx_word' id='word_1_194' title='bbox 1345 1744 1466 1800; x_wconf 84' lang='grc' dir='ltr'><strong><em>Λδαμ</em></strong></span> <span class='ocrx_word' id='word_1_195' title='bbox 1486 1743 1802 1802; x_wconf 81' lang='grc' dir='ltr'><strong><em>αριθμουμένων</em></strong></span> 
     </span>
    </p>
   </div>
   <div class='ocr_carea' id='block_1_13' title="bbox 334 1798 1803 1988">
    <p class='ocr_par' dir='ltr' id='par_1_13' title="bbox 334 1798 1803 1972">
     <span class='ocr_line' id='line_1_26' title="bbox 334 1798 1802 1875; baseline 0.002 -34"><span class='ocrx_word' id='word_1_196' title='bbox 334 1801 452 1842; x_wconf 79' lang='grc' dir='ltr'><strong><em>ἐτων.</em></strong></span> <span class='ocrx_word' id='word_1_197' title='bbox 509 1804 574 1841; x_wconf 91' lang='grc' dir='ltr'><strong><em>Εν</em></strong></span> <span class='ocrx_word' id='word_1_198' title='bbox 591 1798 721 1872; x_wconf 83' lang='grc' dir='ltr'><strong><em>τούτῳ</em></strong></span> <span class='ocrx_word' id='word_1_199' title='bbox 746 1818 820 1856; x_wconf 77' lang='grc' dir='ltr'><strong><em>γαρ</em></strong></span> <span class='ocrx_word' id='word_1_200' title='bbox 839 1799 863 1843; x_wconf 89' lang='grc' dir='ltr'><strong><em>ό</em></strong></span> <span class='ocrx_word' id='word_1_201' title='bbox 879 1818 920 1844; x_wconf 86' lang='grc' dir='ltr'><strong><em>τε</em></strong></span> <span class='ocrx_word' id='word_1_202' title='bbox 938 1800 1240 1857; x_wconf 75' lang='grc' dir='ltr'><strong><em>Εὕαγγελισμός</em></strong></span> <span class='ocrx_word' id='word_1_203' title='bbox 1257 1803 1395 1858; x_wconf 85' lang='grc' dir='ltr'><strong><em>γέγονε</em></strong></span> <span class='ocrx_word' id='word_1_204' title='bbox 1410 1803 1526 1875; x_wconf 74' lang='grc' dir='ltr'><strong><em>ἁγίας</em></strong></span> <span class='ocrx_word' id='word_1_205' title='bbox 1541 1807 1616 1856; x_wconf 79' lang='grc' dir='ltr'><strong><em>τῆς</em></strong></span> <span class='ocrx_word' id='word_1_206' title='bbox 1637 1801 1802 1871; x_wconf 79' lang='grc' dir='ltr'><strong><em>Παρθέ-</em></strong></span> 
     </span>
     <span class='ocr_line' id='line_1_27' title="bbox 334 1855 1803 1932; baseline 0.002 -33"><span class='ocrx_word' id='word_1_207' title='bbox 334 1873 435 1907; x_wconf 87' lang='grc' dir='ltr'><strong><em>νου,</em></strong></span> <span class='ocrx_word' id='word_1_208' title='bbox 465 1857 534 1898; x_wconf 88' lang='grc' dir='ltr'><strong><em>καὶ</em></strong></span> <span class='ocrx_word' id='word_1_209' title='bbox 551 1875 578 1928; x_wconf 81' lang='grc' dir='ltr'><strong><em>η</em></strong></span> <span class='ocrx_word' id='word_1_210' title='bbox 602 1857 643 1907; x_wconf 79' lang='grc' dir='ltr'><strong><em>ἐξ</em></strong></span> <span class='ocrx_word' id='word_1_211' title='bbox 662 1855 787 1909; x_wconf 84' lang='grc' dir='ltr'><strong><em>αυτῆς</em></strong></span> <span class='ocrx_word' id='word_1_212' title='bbox 805 1855 1010 1919; x_wconf 76' lang='grc' dir='ltr'><strong><em>πάναγνος</em></strong></span> <span class='ocrx_word' id='word_1_213' title='bbox 1031 1860 1233 1912; x_wconf 80' lang='grc' dir='ltr'><strong><em>Γέννησις.</em></strong></span> <span class='ocrx_word' id='word_1_214' title='bbox 1263 1865 1369 1910; x_wconf 88' lang='grc' dir='ltr'><strong><em>Ετος</em></strong></span> <span class='ocrx_word' id='word_1_215' title='bbox 1384 1856 1474 1902; x_wconf 82' lang='grc' dir='ltr'><strong><em>δε</em></strong></span> <span class='ocrx_word' id='word_1_216' title='bbox 1444 1878 1498 1913; x_wconf 93' lang='grc' dir='ltr'><strong><em>ην</em></strong></span> <span class='ocrx_word' id='word_1_217' title='bbox 1516 1860 1634 1932; x_wconf 78' lang='grc' dir='ltr'><strong><em>ηλίου</em></strong></span> <span class='ocrx_word' id='word_1_218' title='bbox 1653 1859 1726 1913; x_wconf 80' lang='grc' dir='ltr'><strong><em>μὲν</em></strong></span> <span class='ocrx_word' id='word_1_219' title='bbox 1740 1855 1803 1914; x_wconf 70' lang='grc' dir='ltr'><strong><em>ιγ’.</em></strong></span> 
     </span>
     <span class='ocr_line' id='line_1_28' title="bbox 338 1910 1803 1988; baseline 0.003 -34"><span class='ocrx_word' id='word_1_220' title='bbox 338 1910 508 1966; x_wconf 81' lang='grc' dir='ltr'><strong><em>σελήνης</em></strong></span> <span class='ocrx_word' id='word_1_221' title='bbox 531 1912 574 1955; x_wconf 80' lang='grc' dir='ltr'><strong><em>δὲ</em></strong></span> <span class='ocrx_word' id='word_1_222' title='bbox 598 1912 642 1955; x_wconf 83' lang='grc' dir='ltr'><strong><em>τὸ</em></strong></span> <span class='ocrx_word' id='word_1_223' title='bbox 665 1912 700 1955; x_wconf 92' lang='grc' dir='ltr'><strong><em>ι’.</em></strong></span> <span class='ocrx_word' id='word_1_224' title='bbox 725 1915 858 1970; x_wconf 83' lang='grc' dir='ltr'><strong><em>ημέρα</em></strong></span> <span class='ocrx_word' id='word_1_225' title='bbox 877 1915 922 1957; x_wconf 87' lang='grc' dir='ltr'><strong><em>δὲ</em></strong></span> <span class='ocrx_word' id='word_1_226' title='bbox 952 1918 1008 1969; x_wconf 80' lang='grc' dir='ltr'><strong><em>ἠν</em></strong></span> <span class='ocrx_word' id='word_1_227' title='bbox 1024 1920 1097 1970; x_wconf 84' lang='grc' dir='ltr'><strong><em>τῆς</em></strong></span> <span class='ocrx_word' id='word_1_228' title='bbox 1118 1914 1365 1970; x_wconf 83' lang='grc' dir='ltr'><strong><em>ἓβδομαδος,</em></strong></span> <span class='ocrx_word' id='word_1_229' title='bbox 1395 1921 1469 1959; x_wconf 84' lang='grc' dir='ltr'><strong><em>τοῦ</em></strong></span> <span class='ocrx_word' id='word_1_230' title='bbox 1491 1916 1564 1971; x_wconf 83' lang='grc' dir='ltr'><strong><em>μὲν</em></strong></span> <span class='ocrx_word' id='word_1_231' title='bbox 1588 1914 1803 1988; x_wconf 84' lang='grc' dir='ltr'><strong><em>Ευαγγελι-</em></strong></span> 
     </span>
    </p>
   </div>
   <div class='ocr_carea' id='block_1_14' title="bbox 337 1967 1884 2045">
    <p class='ocr_par' dir='ltr' id='par_1_14' title="bbox 337 1967 1884 2045">
     <span class='ocr_line' id='line_1_29' title="bbox 337 1967 1884 2045; baseline 0.003 -33"><span class='ocrx_word' id='word_1_232' title='bbox 337 1983 440 2023; x_wconf 89' lang='grc' dir='ltr'><strong><em>σμου</em></strong></span> <span class='ocrx_word' id='word_1_233' title='bbox 469 1967 520 2024; x_wconf 84' lang='grc' dir='ltr'><strong><em>β’,</em></strong></span> <span class='ocrx_word' id='word_1_234' title='bbox 549 1973 622 2023; x_wconf 82' lang='grc' dir='ltr'><strong><em>τῆς</em></strong></span> <span class='ocrx_word' id='word_1_235' title='bbox 648 1970 692 2012; x_wconf 85' lang='grc' dir='ltr'><strong><em>δὲ</em></strong></span> <span class='ocrx_word' id='word_1_236' title='bbox 702 1972 940 2045; x_wconf 68' lang='grc' dir='ltr'><strong><em>Γεννησεως</em></strong></span> <span class='ocrx_word' id='word_1_237' title='bbox 960 1970 1007 2014; x_wconf 86' lang='grc' dir='ltr'><strong><em>δ’.</em></strong></span> <span class='ocrx_word' id='word_1_238' title='bbox 1039 1971 1145 2014; x_wconf 86' lang='grc' dir='ltr'><strong><em>ου’τω</em></strong></span> <span class='ocrx_word' id='word_1_239' title='bbox 1178 1972 1221 2014; x_wconf 82' lang='grc' dir='ltr'><strong><em>δὲ</em></strong></span> <span class='ocrx_word' id='word_1_240' title='bbox 1249 1974 1319 2015; x_wconf 87' lang='grc' dir='ltr'><strong><em>καὶ</em></strong></span> <span class='ocrx_word' id='word_1_241' title='bbox 1349 1972 1394 2016; x_wconf 73' lang='grc' dir='ltr'><strong><em>το“</em></strong></span> <span class='ocrx_word' id='word_1_242' title='bbox 1427 1979 1544 2016; x_wconf 81' lang='grc' dir='ltr'><strong><em>θεῖον</em></strong></span> <span class='ocrx_word' id='word_1_243' title='bbox 1572 1971 1702 2015; x_wconf 80' lang='grc' dir='ltr'><strong><em>αυτοῦ</em></strong></span> <span class='ocrx_word' id='word_1_244' title='bbox 1721 1969 1802 2016; x_wconf 78' lang='lat' dir='ltr'><strong><em>Boc-</em></strong></span> <span class='ocrx_word' id='word_1_245' title='bbox 1835 1988 1841 1992; x_wconf 80' lang='grc'><strong><em>’</em></strong></span> <span class='ocrx_word' id='word_1_246' title='bbox 1883 1969 1884 1972; x_wconf 25' lang='lat'>¹</span> 
     </span>
    </p>
   </div>
   <div class='ocr_carea' id='block_1_15' title="bbox 335 2025 1804 2084">
    <p class='ocr_par' dir='ltr' id='par_1_15' title="bbox 335 2025 1804 2084">
     <span class='ocr_line' id='line_1_30' title="bbox 335 2025 1804 2084; baseline 0.004 -17"><span class='ocrx_word' id='word_1_247' title='bbox 335 2039 485 2079; x_wconf 91' lang='grc' dir='ltr'><strong><em>πτισμα</em></strong></span> <span class='ocrx_word' id='word_1_248' title='bbox 512 2030 569 2083; x_wconf 76' lang='grc' dir='ltr'><strong><em>τῷ</em></strong></span> <span class='ocrx_word' id='word_1_249' title='bbox 588 2026 713 2079; x_wconf 59' lang='lat' dir='ltr'><strong><em>,eqni-&#39;⁹</em></strong></span> <span class='ocrx_word' id='word_1_250' title='bbox 699 2028 774 2070; x_wconf 78' lang='grc' dir='ltr'><strong><em>ε’τει</em></strong></span> <span class='ocrx_word' id='word_1_251' title='bbox 792 2030 976 2084; x_wconf 82' lang='grc' dir='ltr'><strong><em>γέγονεν·</em></strong></span> <span class='ocrx_word' id='word_1_252' title='bbox 1008 2029 1095 2079; x_wconf 73' lang='grc' dir='ltr'><strong><em>ἔτος</em></strong></span> <span class='ocrx_word' id='word_1_253' title='bbox 1112 2028 1156 2071; x_wconf 82' lang='grc' dir='ltr'><strong><em>δὲ</em></strong></span> <span class='ocrx_word' id='word_1_254' title='bbox 1180 2025 1235 2083; x_wconf 78' lang='grc' dir='ltr'><strong><em>ἦν</em></strong></span> <span class='ocrx_word' id='word_1_255' title='bbox 1255 2030 1373 2084; x_wconf 85' lang='grc' dir='ltr'><strong><em>ηλίου</em></strong></span> <span class='ocrx_word' id='word_1_256' title='bbox 1392 2030 1465 2084; x_wconf 79' lang='grc' dir='ltr'><strong><em>μὲν</em></strong></span> <span class='ocrx_word' id='word_1_257' title='bbox 1485 2029 1530 2073; x_wconf 76' lang='grc' dir='ltr'><strong><em>τό</em></strong></span> <span class='ocrx_word' id='word_1_258' title='bbox 1550 2030 1614 2082; x_wconf 86' lang='grc' dir='ltr'><strong><em>ιδ’,</em></strong></span> <span class='ocrx_word' id='word_1_259' title='bbox 1633 2027 1804 2084; x_wconf 83' lang='grc' dir='ltr'><strong><em>σελήνης</em></strong></span> 
     </span>
    </p>
   </div>
   <div class='ocr_carea' id='block_1_16' title="bbox 337 2081 1865 2159">
    <p class='ocr_par' dir='ltr' id='par_1_16' title="bbox 337 2081 1865 2159">
     <span class='ocr_line' id='line_1_31' title="bbox 337 2081 1865 2159; baseline 0.003 -34"><span class='ocrx_word' id='word_1_260' title='bbox 337 2082 382 2125; x_wconf 82' lang='grc' dir='ltr'><strong><em>δὲ</em></strong></span> <span class='ocrx_word' id='word_1_261' title='bbox 403 2081 449 2125; x_wconf 79' lang='grc' dir='ltr'><strong><em>το“</em></strong></span> <span class='ocrx_word' id='word_1_262' title='bbox 469 2088 649 2151; x_wconf 83' lang='grc' dir='ltr'><strong><em>πρῶτον,</em></strong></span> <span class='ocrx_word' id='word_1_263' title='bbox 680 2084 812 2143; x_wconf 80' lang='grc' dir='ltr'><strong><em>ημέρα</em></strong></span> <span class='ocrx_word' id='word_1_264' title='bbox 834 2085 878 2128; x_wconf 85' lang='grc' dir='ltr'><strong><em>δὲ</em></strong></span> <span class='ocrx_word' id='word_1_265' title='bbox 897 2090 971 2140; x_wconf 79' lang='grc' dir='ltr'><strong><em>τῆς</em></strong></span> <span class='ocrx_word' id='word_1_266' title='bbox 986 2083 1210 2155; x_wconf 78' lang='grc' dir='ltr'><strong><em>ἑβδομάδος</em></strong></span> <span class='ocrx_word' id='word_1_267' title='bbox 1229 2084 1273 2141; x_wconf 86' lang='grc' dir='ltr'><strong><em>γ’.</em></strong></span> <span class='ocrx_word' id='word_1_268' title='bbox 1324 2085 1459 2130; x_wconf 89' lang='grc' dir='ltr'><strong><em>Παλιν</em></strong></span> <span class='ocrx_word' id='word_1_269' title='bbox 1479 2087 1523 2130; x_wconf 80' lang='grc' dir='ltr'><strong><em>δὲ</em></strong></span> <span class='ocrx_word' id='word_1_270' title='bbox 1542 2086 1586 2129; x_wconf 73' lang='lat' dir='ltr'><strong><em>vd</em></strong></span> <span class='ocrx_word' id='word_1_271' title='bbox 1605 2085 1804 2159; x_wconf 80' lang='grc' dir='ltr'><strong><em>σωτήριον</em></strong></span> <span class='ocrx_word' id='word_1_272' title='bbox 1857 2119 1865 2130; x_wconf 37' lang='lat' dir='ltr'>x</span> 
     </span>
    </p>
   </div>
   <div class='ocr_carea' id='block_1_17' title="bbox 336 2128 1844 2539">
    <p class='ocr_par' dir='ltr' id='par_1_17' title="bbox 336 2128 1801 2250">
     <span class='ocr_line' id='line_1_32' title="bbox 336 2128 1801 2210; baseline 0.005 -30"><span class='ocrx_word' id='word_1_273' title='bbox 336 2156 464 2181; x_wconf 89' lang='grc' dir='ltr'><strong><em>αυτου</em></strong></span> <span class='ocrx_word' id='word_1_274' title='bbox 487 2137 638 2189; x_wconf 86' lang='grc' dir='ltr'><strong><em>Παθος</em></strong></span> <span class='ocrx_word' id='word_1_275' title='bbox 669 2128 807 2210; x_wconf 85' lang='grc' dir='ltr'><strong><em>γέγονε</em></strong></span> <span class='ocrx_word' id='word_1_276' title='bbox 831 2147 889 2200; x_wconf 75' lang='grc' dir='ltr'><strong><em>τῷ</em></strong></span> <span class='ocrx_word' id='word_1_277' title='bbox 908 2140 1036 2196; x_wconf 51' lang='lat' dir='ltr'><strong><em>&#39;apid&#39;</em></strong></span> <span class='ocrx_word' id='word_1_278' title='bbox 1064 2144 1158 2185; x_wconf 86' lang='grc' dir='ltr'><strong><em>ε’τει·</em></strong></span> <span class='ocrx_word' id='word_1_279' title='bbox 1189 2143 1275 2194; x_wconf 75' lang='grc' dir='ltr'><strong><em>ἔτος</em></strong></span> <span class='ocrx_word' id='word_1_280' title='bbox 1299 2143 1344 2186; x_wconf 83' lang='grc' dir='ltr'><strong><em>δὲ</em></strong></span> <span class='ocrx_word' id='word_1_281' title='bbox 1373 2161 1429 2198; x_wconf 92' lang='grc' dir='ltr'><strong><em>ην</em></strong></span> <span class='ocrx_word' id='word_1_282' title='bbox 1453 2144 1573 2199; x_wconf 86' lang='grc' dir='ltr'><strong><em>ηλίου</em></strong></span> <span class='ocrx_word' id='word_1_283' title='bbox 1598 2143 1672 2199; x_wconf 80' lang='grc' dir='ltr'><strong><em>μὲν</em></strong></span> <span class='ocrx_word' id='word_1_284' title='bbox 1695 2142 1740 2186; x_wconf 81' lang='grc' dir='ltr'><strong><em>τὸ</em></strong></span> <span class='ocrx_word' id='word_1_285' title='bbox 1761 2140 1801 2187; x_wconf 72' lang='grc' dir='ltr'><strong><em>ε’.</em></strong></span> 
     </span>
     <span class='ocr_line' id='line_1_33' title="bbox 338 2193 720 2250; baseline 0.003 -12"><span class='ocrx_word' id='word_1_286' title='bbox 338 2193 506 2250; x_wconf 89' lang='grc' dir='ltr'><strong><em>σεληνης</em></strong></span> <span class='ocrx_word' id='word_1_287' title='bbox 531 2196 576 2238; x_wconf 84' lang='grc' dir='ltr'><strong><em>δὲ</em></strong></span> <span class='ocrx_word' id='word_1_288' title='bbox 593 2195 637 2239; x_wconf 85' lang='grc' dir='ltr'><strong><em>τὸ</em></strong></span> <span class='ocrx_word' id='word_1_289' title='bbox 656 2195 720 2239; x_wconf 82' lang='grc' dir='ltr'><strong><em>ιδ’</em></strong></span> 
     </span>
    </p>

    <p class='ocr_par' dir='ltr' id='par_1_18' title="bbox 338 2242 1844 2539">
     <span class='ocr_line' id='line_1_34' title="bbox 452 2242 1804 2312; baseline 0.006 -20"><span class='ocrx_word' id='word_1_290' title='bbox 452 2253 695 2306; x_wconf 84' lang='grc' dir='ltr'><strong><em>Δειχθέντος</em></strong></span> <span class='ocrx_word' id='word_1_291' title='bbox 722 2251 797 2296; x_wconf 83' lang='grc' dir='ltr'><strong><em>οὐν</em></strong></span> <span class='ocrx_word' id='word_1_292' title='bbox 828 2256 872 2298; x_wconf 78' lang='grc' dir='ltr'><strong><em>ἐν</em></strong></span> <span class='ocrx_word' id='word_1_293' title='bbox 904 2253 1090 2312; x_wconf 78' lang='grc' dir='ltr'><strong><em>συντόμῳ</em></strong></span> <span class='ocrx_word' id='word_1_294' title='bbox 1120 2259 1195 2298; x_wconf 81' lang='grc' dir='ltr'><strong><em>τοῦ</em></strong></span> <span class='ocrx_word' id='word_1_295' title='bbox 1221 2253 1326 2308; x_wconf 63' lang='lat' dir='ltr'><strong><em>&#39;ema&#39;</em></strong></span> <span class='ocrx_word' id='word_1_296' title='bbox 1351 2242 1464 2307; x_wconf 75' lang='grc' dir='ltr'><strong><em>ἔτους</em></strong></span> <span class='ocrx_word' id='word_1_297' title='bbox 1486 2258 1527 2308; x_wconf 80' lang='grc' dir='ltr'><strong><em>ἐξ</em></strong></span> <span class='ocrx_word' id='word_1_298' title='bbox 1548 2255 1702 2311; x_wconf 81' lang='grc' dir='ltr'><strong><em>Αδοῖμ</em></strong></span> <span class='ocrx_word' id='word_1_299' title='bbox 1691 2255 1804 2306; x_wconf 82' lang='grc' dir='ltr'><strong><em>ὄντος</em></strong></span> 
     </span>
     <span class='ocr_line' id='line_1_35' title="bbox 338 2307 1844 2369; baseline 0.005 -21"><span class='ocrx_word' id='word_1_300' title='bbox 338 2312 411 2362; x_wconf 82' lang='grc' dir='ltr'><strong><em>τῆς</em></strong></span> <span class='ocrx_word' id='word_1_301' title='bbox 429 2307 531 2350; x_wconf 72' lang='grc' dir='ltr'><strong><em>κατα</em></strong></span> <span class='ocrx_word' id='word_1_302' title='bbox 553 2323 680 2364; x_wconf 90' lang='grc' dir='ltr'><strong><em>σαρκα</em></strong></span> <span class='ocrx_word' id='word_1_303' title='bbox 706 2310 929 2366; x_wconf 80' lang='grc' dir='ltr'><strong><em>γεννήσεως</em></strong></span> <span class='ocrx_word' id='word_1_304' title='bbox 951 2317 1025 2355; x_wconf 82' lang='grc' dir='ltr'><strong><em>τοῦ</em></strong></span> <span class='ocrx_word' id='word_1_305' title='bbox 1045 2315 1202 2367; x_wconf 88' lang='grc' dir='ltr'><strong><em>Κυρίου</em></strong></span> <span class='ocrx_word' id='word_1_306' title='bbox 1231 2313 1372 2366; x_wconf 78' lang='grc' dir='ltr'><strong><em>ημῶν,</em></strong></span> <span class='ocrx_word' id='word_1_307' title='bbox 1406 2312 1573 2369; x_wconf 71' lang='grc' dir='ltr'><strong><em>εὔλογον</em></strong></span> <span class='ocrx_word' id='word_1_308' title='bbox 1599 2312 1710 2368; x_wconf 78' lang='grc' dir='ltr'><strong><em>οἶμαι</em></strong></span> <span class='ocrx_word' id='word_1_309' title='bbox 1733 2313 1804 2356; x_wconf 78' lang='grc' dir='ltr'><strong><em>καὶ</em></strong></span> <span class='ocrx_word' id='word_1_310' title='bbox 1840 2326 1844 2327; x_wconf 69' lang='grc'>’</span> 
     </span>
     <span class='ocr_line' id='line_1_36' title="bbox 340 2365 1803 2439; baseline 0.005 -33"><span class='ocrx_word' id='word_1_311' title='bbox 340 2365 584 2435; x_wconf 86' lang='grc' dir='ltr'><strong><em>διαφορας’</em></strong></span> <span class='ocrx_word' id='word_1_312' title='bbox 566 2383 666 2409; x_wconf 86' lang='grc' dir='ltr'><strong><em>ετων</em></strong></span> <span class='ocrx_word' id='word_1_313' title='bbox 690 2385 758 2410; x_wconf 80' lang='grc' dir='ltr'><strong><em>και</em></strong></span> <span class='ocrx_word' id='word_1_314' title='bbox 785 2373 925 2423; x_wconf 81' lang='grc' dir='ltr'><strong><em>μηνῶν</em></strong></span> <span class='ocrx_word' id='word_1_315' title='bbox 946 2368 1069 2424; x_wconf 73' lang='grc' dir='ltr'><strong><em>μικριὶ</em></strong></span> <span class='ocrx_word' id='word_1_316' title='bbox 1087 2374 1357 2439; x_wconf 84' lang='grc' dir='ltr'><strong><em>προσθῆναι,</em></strong></span> <span class='ocrx_word' id='word_1_317' title='bbox 1375 2375 1526 2425; x_wconf 81' lang='grc' dir='ltr'><strong><em>πολλῆς</em></strong></span> <span class='ocrx_word' id='word_1_318' title='bbox 1552 2371 1596 2413; x_wconf 78' lang='grc' dir='ltr'><strong><em>ἐκ</em></strong></span> <span class='ocrx_word' id='word_1_319' title='bbox 1619 2375 1692 2424; x_wconf 80' lang='grc' dir='ltr'><strong><em>τῆς</em></strong></span> <span class='ocrx_word' id='word_1_320' title='bbox 1711 2367 1803 2413; x_wconf 77' lang='grc' dir='ltr'><strong><em>τού·</em></strong></span> 
     </span>
     <span class='ocr_line' id='line_1_37' title="bbox 338 2419 1804 2497; baseline 0.005 -35"><span class='ocrx_word' id='word_1_321' title='bbox 338 2438 419 2463; x_wconf 85' lang='grc' dir='ltr'><strong><em>των</em></strong></span> <span class='ocrx_word' id='word_1_322' title='bbox 451 2419 621 2476; x_wconf 76' lang='grc' dir='ltr'><strong><em>ἄγνοίας</em></strong></span> <span class='ocrx_word' id='word_1_323' title='bbox 650 2425 932 2495; x_wconf 77' lang='grc' dir='ltr'><strong><em>ἐπιγινομένης</em></strong></span> <span class='ocrx_word' id='word_1_324' title='bbox 963 2432 1047 2476; x_wconf 90' lang='grc' dir='ltr'><strong><em>τοῖς</em></strong></span> <span class='ocrx_word' id='word_1_325' title='bbox 1077 2430 1240 2476; x_wconf 81' lang='grc' dir='ltr'><strong><em>πολλοῖς</em></strong></span> <span class='ocrx_word' id='word_1_326' title='bbox 1277 2424 1446 2480; x_wconf 90' lang='grc' dir='ltr'><strong><em>πλανης.</em></strong></span> <span class='ocrx_word' id='word_1_327' title='bbox 1506 2430 1605 2497; x_wconf 79' lang='grc' dir='ltr'><strong><em>Ερῶ</em></strong></span> <span class='ocrx_word' id='word_1_328' title='bbox 1641 2426 1686 2469; x_wconf 78' lang='grc' dir='ltr'><strong><em>δὲ</em></strong></span> <span class='ocrx_word' id='word_1_329' title='bbox 1719 2443 1804 2469; x_wconf 85' lang='grc' dir='ltr'><strong><em>των</em></strong></span> 
     </span>
     <span class='ocr_line' id='line_1_38' title="bbox 338 2478 1803 2539; baseline 0.004 -19"><span class='ocrx_word' id='word_1_330' title='bbox 338 2478 637 2535; x_wconf 81' lang='grc' dir='ltr'><strong><em>ἐπισημοτέρων</em></strong></span> <span class='ocrx_word' id='word_1_331' title='bbox 664 2478 792 2524; x_wconf 83' lang='grc' dir='ltr'><strong><em>αυτοῦ</em></strong></span> <span class='ocrx_word' id='word_1_332' title='bbox 818 2484 1028 2538; x_wconf 74' lang='grc' dir='ltr'><strong><em>διαφοραῖν</em></strong></span> <span class='ocrx_word' id='word_1_333' title='bbox 1052 2499 1196 2538; x_wconf 87' lang='grc' dir='ltr'><strong><em>τριχως</em></strong></span> <span class='ocrx_word' id='word_1_334' title='bbox 1224 2484 1535 2538; x_wconf 79' lang='grc' dir='ltr'><strong><em>διαιρουμένων·</em></strong></span> <span class='ocrx_word' id='word_1_335' title='bbox 1558 2481 1589 2538; x_wconf 90' lang='grc' dir='ltr'><strong><em>η“</em></strong></span> <span class='ocrx_word' id='word_1_336' title='bbox 1608 2500 1684 2539; x_wconf 88' lang='grc' dir='ltr'><strong><em>γαρ</em></strong></span> <span class='ocrx_word' id='word_1_337' title='bbox 1701 2481 1803 2526; x_wconf 73' lang='grc' dir='ltr'><strong><em>κατ-οἷ</em></strong></span> 
     </span>
    </p>
   </div>
   <div class='ocr_carea' id='block_1_18' title="bbox 354 2589 535 2594">
    <p class='ocr_par' dir='ltr' id='par_1_19' title="bbox 354 2589 535 2594">
     <span class='ocr_line' id='line_1_39' title="bbox 354 2589 535 2594; baseline 0 0"><span class='ocrx_word' id='word_1_338' title='bbox 354 2589 535 2594; x_wconf 95' lang='lat' dir='ltr'><strong><em> </em></strong></span> 
     </span>
    </p>
   </div>
   <div class='ocr_carea' id='block_1_19' title="bbox 376 2650 1803 2930">
    <p class='ocr_par' dir='ltr' id='par_1_20' title="bbox 376 2650 1803 2930">
     <span class='ocr_line' id='line_1_40' title="bbox 376 2650 1802 2710; baseline 0.003 -25.045"><span class='ocrx_word' id='word_1_339' title='bbox 376 2650 411 2695; x_wconf 79' lang='grc' dir='ltr'><strong><em>Ι’)</em></strong></span> <span class='ocrx_word' id='word_1_340' title='bbox 435 2650 642 2705; x_wconf 77' lang='lat' dir='ltr'><strong>Fragmenta</strong></span> <span class='ocrx_word' id='word_1_341' title='bbox 667 2650 735 2686; x_wconf 87' lang='lat' dir='ltr'><strong><em>duo</em></strong></span> <span class='ocrx_word' id='word_1_342' title='bbox 758 2663 846 2697; x_wconf 81' lang='lat' dir='ltr'><strong>quae</strong></span> <span class='ocrx_word' id='word_1_343' title='bbox 875 2652 1027 2698; x_wconf 76' lang='lat' dir='ltr'><strong>cangius</strong></span> <span class='ocrx_word' id='word_1_344' title='bbox 1049 2652 1209 2688; x_wconf 90' lang='lat' dir='ltr'><strong>chronico</strong></span> <span class='ocrx_word' id='word_1_345' title='bbox 1231 2654 1385 2698; x_wconf 77' lang='lat' dir='ltr'><strong>paschali</strong></span> <span class='ocrx_word' id='word_1_346' title='bbox 1409 2654 1606 2699; x_wconf 77' lang='lat' dir='ltr'>subtexuit,</span> <span class='ocrx_word' id='word_1_347' title='bbox 1630 2657 1802 2710; x_wconf 76' lang='lat' dir='ltr'><strong>tamquam</strong></span> 
     </span>
     <span class='ocr_line' id='line_1_41' title="bbox 435 2696 1803 2745; baseline 0.003 -15"><span class='ocrx_word' id='word_1_348' title='bbox 435 2708 477 2731; x_wconf 88' lang='lat' dir='ltr'><strong><em>ex</em></strong></span> <span class='ocrx_word' id='word_1_349' title='bbox 496 2696 639 2731; x_wconf 78' lang='lat' dir='ltr'><strong>Eusebii</strong></span> <span class='ocrx_word' id='word_1_350' title='bbox 657 2698 824 2733; x_wconf 77' lang='lat' dir='ltr'><strong>chronicis</strong></span> <span class='ocrx_word' id='word_1_351' title='bbox 842 2698 937 2733; x_wconf 83' lang='lat' dir='ltr'><strong>libris</strong></span> <span class='ocrx_word' id='word_1_352' title='bbox 954 2699 1080 2744; x_wconf 80' lang='lat' dir='ltr'><strong>petita,</strong></span> <span class='ocrx_word' id='word_1_353' title='bbox 1106 2699 1296 2734; x_wconf 82' lang='lat' dir='ltr'><strong>rectissime</strong></span> <span class='ocrx_word' id='word_1_354' title='bbox 1313 2705 1389 2745; x_wconf 83' lang='lat' dir='ltr'><strong>post</strong></span> <span class='ocrx_word' id='word_1_355' title='bbox 1407 2701 1595 2736; x_wconf 73' lang='lat' dir='ltr'><strong>Pontacum</strong></span> <span class='ocrx_word' id='word_1_356' title='bbox 1618 2699 1803 2736; x_wconf 76' lang='lat' dir='ltr'><strong>eusebiana</strong></span> 
     </span>
     <span class='ocr_line' id='line_1_42' title="bbox 437 2743 1802 2800; baseline 0.003 -24"><span class='ocrx_word' id='word_1_357' title='bbox 437 2753 513 2777; x_wconf 85' lang='lat' dir='ltr'><strong>esse</strong></span> <span class='ocrx_word' id='word_1_358' title='bbox 541 2743 702 2788; x_wconf 82' lang='lat' dir='ltr'><strong>negavit,</strong></span> <span class='ocrx_word' id='word_1_359' title='bbox 736 2745 849 2779; x_wconf 78' lang='lat' dir='ltr'><strong>multis</strong></span> <span class='ocrx_word' id='word_1_360' title='bbox 872 2744 908 2778; x_wconf 89' lang='lat' dir='ltr'><strong>in</strong></span> <span class='ocrx_word' id='word_1_361' title='bbox 934 2756 1007 2779; x_wconf 80' lang='lat' dir='ltr'><strong><em>eam</em></strong></span> <span class='ocrx_word' id='word_1_362' title='bbox 1033 2756 1104 2779; x_wconf 85' lang='lat' dir='ltr'><strong><em>rem</em></strong></span> <span class='ocrx_word' id='word_1_363' title='bbox 1127 2747 1341 2800; x_wconf 72' lang='lat' dir='ltr'>argumentis</span> <span class='ocrx_word' id='word_1_364' title='bbox 1358 2746 1552 2791; x_wconf 77' lang='lat' dir='ltr'><strong>congestis,</strong></span> <span class='ocrx_word' id='word_1_365' title='bbox 1573 2746 1802 2793; x_wconf 72' lang='lat' dir='ltr'><strong>Hieronymus</strong></span> 
     </span>
     <span class='ocr_line' id='line_1_43' title="bbox 438 2788 1800 2848; baseline 0.004 -26"><span class='ocrx_word' id='word_1_366' title='bbox 438 2788 482 2822; x_wconf 81' lang='lat' dir='ltr'><strong><em>de</em></strong></span> <span class='ocrx_word' id='word_1_367' title='bbox 501 2788 630 2827; x_wconf 77' lang='lat' dir='ltr'><strong>Prato,</strong></span> <span class='ocrx_word' id='word_1_368' title='bbox 654 2789 689 2823; x_wconf 89' lang='lat' dir='ltr'><strong>in</strong></span> <span class='ocrx_word' id='word_1_369' title='bbox 706 2791 848 2845; x_wconf 84' lang='lat' dir='ltr'><strong>egregio</strong></span> <span class='ocrx_word' id='word_1_370' title='bbox 873 2801 977 2845; x_wconf 87' lang='lat' dir='ltr'><strong>opere</strong></span> <span class='ocrx_word' id='word_1_371' title='bbox 1002 2790 1046 2824; x_wconf 89' lang='lat' dir='ltr'><strong><em>de</em></strong></span> <span class='ocrx_word' id='word_1_372' title='bbox 1072 2791 1240 2826; x_wconf 86' lang='lat' dir='ltr'><strong>chromcis</strong></span> <span class='ocrx_word' id='word_1_373' title='bbox 1259 2791 1402 2826; x_wconf 80' lang='lat' dir='ltr'><strong>Eusebii</strong></span> <span class='ocrx_word' id='word_1_374' title='bbox 1427 2792 1525 2827; x_wconf 84' lang='lat' dir='ltr'><strong>libris</strong></span> <span class='ocrx_word' id='word_1_375' title='bbox 1550 2792 1687 2828; x_wconf 83' lang='lat' dir='ltr'><strong>dissert.</strong></span> <span class='ocrx_word' id='word_1_376' title='bbox 1708 2795 1800 2848; x_wconf 77' lang='lat' dir='ltr'><strong>part.</strong></span> 
     </span>
     <span class='ocr_line' id='line_1_44' title="bbox 436 2834 1801 2890; baseline 0.004 -23"><span class='ocrx_word' id='word_1_377' title='bbox 436 2834 498 2869; x_wconf 85' lang='lat'>111.</span> <span class='ocrx_word' id='word_1_378' title='bbox 520 2836 553 2871; x_wconf 88' lang='grc'><strong><em>5.</em></strong></span> <span class='ocrx_word' id='word_1_379' title='bbox 600 2834 768 2890; x_wconf 85' lang='lat' dir='ltr'><strong>Reapse</strong></span> <span class='ocrx_word' id='word_1_380' title='bbox 758 2848 794 2870; x_wconf 86' lang='lat' dir='ltr'><strong>m</strong></span> <span class='ocrx_word' id='word_1_381' title='bbox 814 2836 879 2871; x_wconf 80' lang='lat' dir='ltr'><strong>alio</strong></span> <span class='ocrx_word' id='word_1_382' title='bbox 900 2836 1018 2871; x_wconf 84' lang='lat' dir='ltr'><strong>codice</strong></span> <span class='ocrx_word' id='word_1_383' title='bbox 1035 2837 1194 2871; x_wconf 79' lang='lat' dir='ltr'><strong>vaticano</strong></span> <span class='ocrx_word' id='word_1_384' title='bbox 1222 2837 1416 2882; x_wconf 81' lang='lat' dir='ltr'><strong>fragmenta</strong></span> <span class='ocrx_word' id='word_1_385' title='bbox 1443 2838 1528 2873; x_wconf 77' lang='lat' dir='ltr'><strong>haec</strong></span> <span class='ocrx_word' id='word_1_386' title='bbox 1553 2850 1621 2873; x_wconf 88' lang='lat' dir='ltr'><strong><em>non</em></strong></span> <span class='ocrx_word' id='word_1_387' title='bbox 1638 2837 1801 2879; x_wconf 77' lang='lat' dir='ltr'><strong>Eusebio,</strong></span> 
     </span>
     <span class='ocr_line' id='line_1_45' title="bbox 436 2879 1801 2930; baseline 0.003 -15"><span class='ocrx_word' id='word_1_388' title='bbox 436 2879 499 2915; x_wconf 83' lang='lat' dir='ltr'><strong><em>sed</em></strong></span> <span class='ocrx_word' id='word_1_389' title='bbox 523 2881 653 2917; x_wconf 85' lang='lat' dir='ltr'><strong>Severo</strong></span> <span class='ocrx_word' id='word_1_390' title='bbox 671 2881 896 2925; x_wconf 76' lang='lat' dir='ltr'><strong>tribuuntur,</strong></span> <span class='ocrx_word' id='word_1_391' title='bbox 925 2882 1097 2930; x_wconf 86' lang='grc' dir='ltr'><strong><em>Σεβήρου</em></strong></span> <span class='ocrx_word' id='word_1_392' title='bbox 1121 2881 1160 2919; x_wconf 80' lang='grc' dir='ltr'><strong><em>ἐκ</em></strong></span> <span class='ocrx_word' id='word_1_393' title='bbox 1182 2895 1258 2919; x_wconf 88' lang='grc' dir='ltr'><strong><em>των</em></strong></span> <span class='ocrx_word' id='word_1_394' title='bbox 1277 2886 1482 2930; x_wconf 70' lang='grc' dir='ltr'><strong><em>χρονικῶνς</em></strong></span> <span class='ocrx_word' id='word_1_395' title='bbox 1507 2885 1582 2920; x_wconf 89' lang='lat' dir='ltr'><strong>sive</strong></span> <span class='ocrx_word' id='word_1_396' title='bbox 1604 2886 1635 2919; x_wconf 84' lang='lat' dir='ltr'><strong>is</strong></span> <span class='ocrx_word' id='word_1_397' title='bbox 1658 2888 1712 2919; x_wconf 80' lang='lat' dir='ltr'><strong><em>est</em></strong></span> <span class='ocrx_word' id='word_1_398' title='bbox 1735 2885 1801 2919; x_wconf 83' lang='lat' dir='ltr'><strong><em>Se-</em></strong></span> 
     </span>
    </p>
   </div>
  </div>
 </body>
</html>
