1884 3262
471 219 530 263 IN
565 219 892 263 CHRONICON
917 218 1206 263 PASCHALE.
1485 217 1582 264 301

233 334 325 381 Pag.
355 328 452 373 374.
483 329 548 374 14.
606 328 721 384 Λδᾶρ
743 326 950 383 τριακάδι]
978 330 1159 370 Holsten.
1182 327 1385 383 φαμενοόθ
1401 325 1480 370 κθ’.

155 440 166 456 1
229 391 321 438 Pag.
350 388 446 430 374.
478 388 543 431 15.
611 390 678 443 Τῷ
708 385 819 441 Αδοέρ
852 384 1023 443 δεκάτῃ]
1061 388 1241 427 Holsten.
1266 390 1324 443 τῷ
1353 383 1489 427 Νισὰν
1521 387 1584 427 δε·

113 460 188 485 κατ
218 473 227 483 .

189 460 214 501 ῃ
230 504 322 552 Pag.
352 501 447 544 375.
480 504 542 544 13.
602 503 702 539 Εστι
718 496 793 552 γάρ
812 498 912 540 nocto?
930 498 975 541 τό
993 498 1142 552 παρὸν]
1175 501 1429 538 Communem
1453 513 1582 538 aeram

114 555 275 596 biennio
297 559 516 611 anticipare
538 557 783 609 Scriptorem
805 557 991 595 observat
1008 557 1194 596 Petavius
1215 557 1281 594 lib.
1295 571 1370 595 xn.
1385 557 1433 594 de
1446 557 1584 596 Doctr.

57 639 58 643 =
114 614 253 667 Temp.
286 628 374 667 cap.
395 629 451 653 ιν.
486 615 580 653 dum
604 627 710 651 anno
733 614 870 652 mundi
890 613 1038 652 Christi
1063 628 1102 654 v.
1125 627 1258 651 mnvn.
1283 614 1489 663 consignat
1514 628 1584 652 or-

115 677 221 710 tum:
253 685 513 723 quamquam,
544 671 694 722 inquit,
725 670 838 709 foede
854 671 983 708 omnia
1003 670 1236 722 permiscet,
1266 676 1302 708 et
1331 684 1455 709 anuos
1483 670 1585 708 duos

112 728 157 766 in
178 741 300 766 unum
321 729 552 767 confundit:
581 727 690 765 hune
708 728 885 768 consule.
946 727 1131 765 Mendum
1149 727 1267 764 etiam
1286 726 1326 764 in
1348 726 1422 765 hac
1443 727 1585 779 perio—

114 783 189 823 che
220 786 384 836 agnovit
412 785 592 824 Raderus
615 784 656 822 in
678 784 1050 833 Emendationibus‚
1080 784 1151 822 ubi
1180 783 1431 822 scribendum
1450 789 1585 822 monet

112 855 188 893 pro
210 843 313 893 cycli
334 855 418 880 XVI.
439 841 543 894 cycli
562 854 630 881 xv.
652 847 690 878 et
710 841 749 878 in
773 841 937 890 Graeco,
966 855 1043 893 pro
1062 837 1122 890 ις’,
1145 837 1199 881 ιε’.
1246 841 1345 878 Cum
1364 840 1464 895 enim
1489 839 1582 879 anni

111 898 254 936 mundi
272 912 311 936 v.
330 912 412 938 nvr.
445 900 584 951 cyclus
612 898 748 935 Lunae
777 898 944 938 sit-xiv.
966 898 1043 936 erit
1063 898 1155 935 anni
1177 910 1217 935 v.
1241 910 1373 935 mnvn.
1394 911 1474 935 non
1494 910 1581 935 xw.

113 954 183 992 sed
214 968 284 994 xv.
340 955 457 994 Jubet
483 955 588 994 enim
614 955 765 992 Auctor
786 955 891 993 infra
912 969 963 994 ex
981 955 1095 993 annis
1115 954 1253 993 mundi
1273 953 1479 1004 subtrahi,
1515 967 1586 992 an-

113 1016 273 1062 tequam
297 1011 440 1050 divisio
461 1026 533 1065 per
549 1025 638 1051 xix.
656 1010 900 1050 instituatur.
1471 1026 1475 1028 ·

227 1070 320 1118 Pag·
348 1071 444 1111 378.
478 1071 542 1110 16.
606 1070 640 1107 Ο
660 1066 738 1118 ἔτι]
771 1068 917 1107 Vocem
937 1067 994 1108 ἔτι
1011 1067 1237 1106 addidimus
1260 1081 1309 1106 ex
1327 1066 1550 1105 Holstenio.

228 1127 321 1174 Pag-
351 1119 458 1167 3791
479 1128 544 1169 12.
602 1121 708 1170 Εἶτα
745 1123 955 1176 θέλοντες]
998 1125 1180 1163 Raderus
1215 1122 1583 1162 annotatiunculam

110 1180 228 1219 istam
247 1180 313 1219 hic
331 1181 537 1233 apposuit:
562 1181 786 1232 Inquiritur
801 1182 917 1233 juxta
940 1182 1127 1220 Auctoris
1146 1180 1268 1234 hujus
1289 1186 1457 1219 mentem
1471 1211 1483 1229 ,
1514 1181 1584 1218 se-

109 1237 171 1276 ria
196 1234 276 1276 hoc
305 1238 448 1277 modo:
477 1240 638 1276 Summa
663 1252 856 1277 annorum
878 1253 899 1277 a
921 1253 1054 1278 rerum
1080 1238 1243 1276 conditu
1269 1237 1583 1290 propositorum,

111 1294 379 1333 bissextorum
399 1301 438 1333 et
458 1294 614 1333 dierum
634 1294 682 1332 ab
697 1294 811 1333 initio
826 1296 921 1334 anni
939 1295 1134 1334 currentis
1155 1308 1283 1346 usque
1303 1294 1355 1332 ad
1379 1294 1484 1332 diem
1502 1294 1583 1332 da-

109 1357 197 1389 tum
218 1351 416 1390 dividitur
433 1364 507 1403 per
526 1354 565 1392 7.
586 1351 695 1402 quod
715 1357 858 1401 restat,
887 1358 946 1390 est
970 1353 1091 1390 feriae
1111 1351 1310 1402 quaesitae
1335 1351 1470 1392 index.
1531 1351 1583 1389 Ut

109 1407 153 1446 in
179 1414 316 1446 nostro
340 1408 571 1460 proposito,
600 1408 691 1446 anni
714 1414 805 1446 sunt
824 1408 947 1451 5507.
964 1408 1132 1447 bissexti
1150 1409 1270 1450 1376.
1289 1407 1375 1446 dies
1395 1407 1444 1445 ab
1466 1406 1581 1445 initio

83 1487 95 1490 Α
112 1465 207 1503 anni
236 1466 433 1504 currentis
456 1477 581 1516 usque
599 1464 651 1502 ad
671 1463 737 1506 24.
755 1464 859 1502 Junii
880 1464 972 1507 175.
995 1478 1148 1503 summa
1166 1464 1343 1502 omnium
1362 1465 1486 1507 7058.
1508 1477 1583 1516 per

110 1528 261 1573 septem
282 1522 429 1571 divisa,
459 1521 654 1572 relinquit
674 1526 710 1563 2.
728 1521 901 1568 indicem
922 1522 1043 1560 seriae
1063 1521 1272 1559 secundae.
1332 1520 1434 1559 Vide
1454 1534 1584 1573 ,prae-

107 1584 218 1617 terea
258 1579 462 1618 Petavium
495 1579 538 1617 in
576 1577 768 1617 Auctario
800 1579 931 1631 operis
964 1579 1014 1618 de
1052 1579 1187 1618 Doctr.
1218 1578 1357 1630 Temp.
1386 1577 1457 1616 lib.
1489 1591 1581 1619 vm.

109 1648 152 1672 ca
188 1665 197 1676 .
223 1649 288 1676 111,

155 1648 182 1687 p
224 1694 317 1742 Pag-
348 1694 442 1734 379-
477 1694 541 1733 16·
580 1687 705 1731 -Εἶτα
725 1690 914 1746 γνῶναι]
951 1691 1100 1729 Scribit
1125 1690 1308 1729 Petavius
1340 1690 1407 1729 lib.
1436 1704 1494 1728 ix.
1531 1689 1581 1729 de

109 1748 247 1788 Doctr.
265 1750 400 1800 Temp.
425 1761 509 1800 cap.
527 1761 587 1786 111.
608 1753 648 1786 et
667 1761 722 1786 ιν.
780 1749 997 1787 Auctorem
1028 1747 1218 1786 Chronici
1236 1747 1284 1785 ‘in
1309 1762 1412 1786 anno
1434 1747 1580 1786 Christi

108 1805 260 1843 Natalis
278 1805 394 1844 foede
414 1805 586 1856 lapsum,
614 1810 662 1842 ut
682 1819 802 1858 supra
829 1805 978 1854 monui,
1010 1804 1060 1843 de
1079 1800 1159 1857 quo
1182 1804 1367 1856 pluribus
1388 1805 1468 1855 agit
1487 1805 1580 1842 loco

108 1861 296 1912 laudato,
326 1868 364 1900 et
391 1862 495 1900 libro
515 1875 588 1900 xn.
614 1875 699 1913 cap.
725 1875 753 1901 1.
784 1869 824 1901 et
846 1875 956 1913 seqq.
977 1868 1135 1914 praeter
1156 1867 1334 1900 caeteros
1353 1860 1580 1899 Chronolo-

84 1952 87 1955 .
108 1931 198 1969 gos,
231 1919 298 1970 qui
315 1918 357 1957 id
379 1924 656 1969 argumentum
675 1918 894 1957 fusioribus
912 1919 1217 1963 Commentariis
1236 1918 1327 1956 data
1347 1931 1468 1970 opera
1489 1924 1582 1956 sunt

106 1976 329 2027 prosecuti:
362 1975 506 2027 quibus
539 1975 686 2014 addere
717 1976 874 2027 placuit
903 1975 976 2014 sub
1007 1975 1124 2014 finem
1155 1974 1268 2013 istius
1295 1973 1482 2013 Chronici
1509 1989 1580 2013 ex-

110 2039 244 2084 cerpta
278 2033 328 2071 de
356 2032 487 2071 Natali
507 2031 674 2082 Christi,
704 2033 897 2081 necdum,
931 2035 964 2071 si
986 2047 1068 2071 non
1086 2032 1228 2080 fallor,
1261 2031 1392 2083 edita,
1421 2037 1506 2070 tum
1529 2045 1580 2070 ex

109 2087 309 2128 Chronico
333 2089 516 2139 Eusebfi,
549 2095 632 2127 tum
656 2102 706 2127 ex
725 2089 951 2142 Hesychio,
983 2090 1098 2142 cujus
1115 2089 1188 2127 alia
1210 2089 1404 2140 quaedam
1426 2094 1579 2137 extant,

109 2145 305 2198 cujusque
331 2145 511 2185 meminit
541 2145 787 2185 Justinianus
818 2147 860 2186 in
891 2146 1038 2186 Edicto
1062 2147 1113 2185 de
1136 2145 1214 2184 fide
1235 2159 1322 2198 pag.
1343 2148 1438 2187 371.
1461 2145 1579 2183 istius

107 2202 200 2241 edit.
405 2225 408 2233 ι

227 2262 320 2310 Pag.
350 2261 451 2304 381.
481 2263 520 2303 9.
580 2254 757 2312 Ηρῶδης
792 2257 862 2312 δὲ]
901 2259 960 2298 Ex
992 2259 1139 2299 Chron.
1166 2257 1355 2308 Eusebii,
1385 2256 1457 2295 ubi
1484 2258 1580 2296 Sca-

105 2314 216 2367 liger.

223 2375 316 2424 Pag·
345 2375 441 2416 381.
473 2376 539 2415 11.
599 2372 975 2426 Επιπροστίθησιν]
1006 2372 1053 2411 Id
1074 2378 1158 2421 est,
1189 2373 1284 2411 hunc
1301 2376 1335 2410 et
1352 2371 1576 2423 superaddit.

108 2428 301 2468 Eusebius
326 2430 581 2469 interfectum
609 2430 762 2483 pariter
787 2429 864 2476 ait,
896 2436 1035 2468 contra
1064 2442 1183 2481 quam
1208 2429 1347 2468 scribit
1367 2427 1576 2480 Josephus.

107 2485 210 2526 Vide
231 2487 486 2537 Scaligerum.

222 2546 314 2593 Pag.
343 2545 439 2585 381.
474 2546 538 2587 14.
597 2538 673 2597 μα’.
698 2544 781 2584 Ινδ.
802 2538 874 2594 α’.]
914 2541 1117 2581 Hactenus
1143 2541 1269 2580 Fastis
1294 2539 1579 2579 Consularibus

110 2612 235 2642 annos
263 2600 379 2640 Urbis
410 2600 603 2640 Conditae
635 2599 918 2653 apposuimus:
950 2598 1137 2650 deinceps
1167 2598 1259 2636 anni
1282 2597 1428 2636 Christi
1448 2609 1578 2648 appo-

107 2661 278 2706 nentur,
318 2656 387 2708 qui
426 2657 556 2696 additi
583 2671 688 2696 anno
719 2669 885 2696 nccmn.
917 2655 1076 2695 eosdem
1106 2668 1230 2693 annos
1254 2655 1303 2694 U.
1334 2655 1380 2695 C.
1411 2652 1577 2692 exhibe-

106 2712 220 2751 bunt.
363 2740 366 2742 -
663 2733 667 2742 ·

220 2767 315 2808 Ibid.
375 2769 606 2822 Πουβλίου]
646 2770 706 2809 Ita
736 2770 851 2809 etiam
880 2768 1002 2809 editio
1029 2767 1234 2819 scaligeri:
1266 2766 1334 2805 sed
1362 2765 1572 2817 legendum

110 2825 260 2873 Γαΐου,
290 2839 340 2863 ex
364 2826 516 2876 Fastis,
543 2828 586 2865 in
611 2828 753 2876 quibus
778 2827 818 2867 C.
843 2826 997 2876 Caesar,
1030 2830 1063 2864 et
1084 2825 1133 2863 L.
1149 2824 1320 2863 Aemilius
1342 2822 1477 2861 Paulus
1493 2821 1572 2860 hoc

108 2895 211 2920 anno
231 2881 339 2921 Coss.
359 2882 556 2934 leguntur.
613 2883 861 2936 Epiphanius
881 2883 995 2924 Haer.
1014 2897 1067 2924 LI.
1089 2896 1129 2922 n.
1147 2895 1249 2922 xxu.
1269 2879 1335 2918 cui
1353 2879 1572 2918 concinunt
