1832 3276
401 199 474 243 AD
510 197 838 243 GHRONIGUM
868 195 1323 241 ALEXANDRINUM.
1490 191 1594 244 565

128 310 217 350 sive
247 308 440 349 Asteriam
468 315 636 350 matrem
663 307 960 349 Melchisedech
987 307 1114 348 aiunt.
1168 306 1418 360 Epiphanius
1445 306 1595 346 haere-

128 367 165 407 si
189 366 261 411 55.
290 366 515 408 Hieracitae
542 366 736 419 Spiritum
768 367 808 405 S.
840 364 1109 412 crediderunt,
1138 378 1241 418 quos
1267 365 1419 404 refellit
1446 362 1593 417 Epiph.

129 423 320 475 Origenes
347 431 389 463 et
415 423 611 477 Didymus
638 422 832 474 Angelum
859 422 983 462 fuisse
1012 428 1219 475 putarunt,
1248 422 1316 461 alii
1342 422 1467 461 filium
1493 421 1593 461 DEI.

128 481 187 520 De
216 480 295 520 hoc
322 481 409 520 fuse
437 486 477 520 et
504 479 641 520 multis
669 479 821 533 paginis
849 479 1033 519 Per-erius
1061 493 1097 518 c.
1128 479 1192 523 14.
1222 479 1274 518 ad
1305 479 1407 520 Gen.
1436 485 1531 518 tom.
1550 480 1592 520 3.

126 552 167 590 p.
199 541 296 581 713.
331 544 374 577 et
402 551 485 590 seq.
545 537 820 590 Villalpandus
853 542 882 575 t.
911 539 951 579 3.
989 550 1031 589 p.
1063 539 1100 577 1.
1132 550 1169 578 c.
1202 539 1237 578 1.
1265 550 1306 589 p.
1337 536 1404 580 52.
1441 542 1482 575 et
1510 547 1592 586 seq.

127 593 305 634 ostendit
333 608 425 633 cum
453 594 658 633 Samaritis
687 591 1012 633 Melchisedecem
1039 592 1161 633 fuisse
1189 593 1321 645 ipsum
1350 594 1439 632 Sem
1465 592 1591 630 filium

125 651 233 701 Noe,
270 651 341 691 sed
377 651 573 703 Ignau'um
609 663 772 703 quoquo
800 649 922 689 modo
956 650 1115 689 refutat.
1162 649 1263 690 Vide
1292 656 1330 689 et
1359 649 1593 702 Dionysium

125 708 422 762 Areopagitam.
481 709 536 747 De
571 708 703 747 Salem
741 720 838 746 vero
863 706 964 746 urbe
993 706 1149 747 erudite
1176 707 1282 746 idem
1311 706 1590 759 Villalpandus
1612 714 1656 750 31

126 771 157 805 t.
181 768 222 807 3.
251 779 291 817 p.
326 769 363 809 1.
393 779 426 803 c.
456 767 498 807 7.
530 770 569 804 et
598 778 682 817 seq.
739 762 1063 803 Melchisedecem
1105 764 1292 803 caelibem
1328 771 1368 803 et
1394 764 1590 803 incorru-

125 828 239 874 ptum
269 821 485 862 decessisse
511 820 636 860 tradit
663 822 702 861 S.
730 821 906 872 Ignatius
935 826 976 860 et
1002 822 1196 872 Ignatium
1225 822 1365 861 secuti.

238 878 325 918 XV.
381 891 501 918 xxvr.
531 877 693 916 Ρήηιαηι
717 881 808 917 adm
836 881 995 929 ceperunt
1023 876 1235 931 Joseplmm]
1265 878 1438 916 Adverte
1466 873 1594 915 lector

125 948 335 985 numeros,
363 935 433 987 qui
461 934 598 974 decem
626 933 790 987 Josephi
817 934 1103 974 tentationibus
1131 936 1375 986 respondent
1402 934 1444 972 in
1472 934 1592 986 prin-

122 991 234 1044 cipio
260 1005 404 1032 versus
432 1005 531 1041 esse,
561 997 656 1043 post
683 997 935 1031 enumeratos
966 1004 1082 1030 casus
1102 991 1265 1043 Josephi
1293 991 1412 1030 simul
1440 1004 1593 1042 ponen-

122 1047 219 1098 dos,
256 1062 339 1088 non
370 1062 418 1088 eo
451 1047 613 1094 ordine,
654 1062 734 1100 quo
763 1049 805 1087 in
834 1047 1101 1100 autographo,
1140 1049 1247 1100 quod
1288 1049 1330 1086 in
1367 1047 1456 1100 ipso
1486 1060 1593 1085 con-

123 1111 240 1144 textu
265 1112 421 1144 mutare
450 1104 676 1154 noluimus,
703 1104 827 1158 positi
857 1111 961 1143 sunt.
993 1119 1123 1156 neque
1152 1105 1256 1144 enim
1285 1117 1424 1144 verum
1455 1109 1514 1142 est
1542 1103 1592 1141 iis

124 1163 240 1200 annis
278 1162 465 1201 accidisse
503 1161 701 1212 singulos,
745 1161 888 1213 quibus
918 1161 1160 1200 adscribitur
1190 1174 1389 1201 numerus.
1447 1161 1592 1199 Sacrae

124 1219 276 1271 quippe
304 1219 460 1258 litterae
488 1223 628 1257 contra
658 1218 827 1257 veniunt
856 1219 953 1258 Gen.
985 1221 1052 1260 37.
1082 1218 1154 1257 ubi
1181 1217 1375 1270 Josephus
1403 1230 1486 1255 uno
1515 1231 1592 1255 eo·-

125 1276 389 1327 demquedie
418 1275 468 1314 ad
499 1289 633 1314 necem
661 1290 684 1313 a
718 1275 910 1314 fratribus
938 1274 1155 1314 destinatus
1184 1276 1224 1313 in
1256 1275 1464 1313 cisternam
1494 1274 1594 1312 mis-

124 1346 193 1371 sus
222 1340 263 1372 et
290 1333 478 1372 venditus
503 1332 660 1383 legitur,
688 1346 778 1370 cum
806 1331 875 1371 hic
903 1338 983 1371 tres
1012 1333 1103 1371 anni
1132 1331 1195 1370 his
1223 1331 1353 1370 tribus
1383 1331 1495 1369 malis
1516 1330 1593 1369 tri-

123 1389 313 1431 buantur.
371 1389 518 1428 Eadem
554 1390 711 1427 ratione
751 1402 838 1441 cap.
869 1392 937 1433 39.
977 1389 1052 1427 alia
1083 1389 1183 1427 falsa
1224 1387 1592 1440 deprehenduntur.

123 1447 295 1486 Proinde
324 1446 383 1485 sic
414 1446 571 1485 numeri
601 1445 828 1485 collocandi
855 1452 948 1484 sunt
975 1451 1069 1498 post
1096 1445 1165 1484 illa
1195 1445 1343 1484 verba:
1373 1450 1596 1496 sequuntur

123 1502 260 1543 decem
289 1502 451 1556 Josephi
478 1503 725 1542 afflictiones.

237 1561 355 1600 Anno
384 1560 482 1599 Levi
509 1573 626 1598 xxvi.
655 1573 790 1600 xxvu.
818 1573 952 1600 xxux.
981 1572 1095 1597 xx1x.
1124 1572 1222 1596 xxx.
1251 1571 1368 1596 xxx1.
1397 1571 1533 1596 xxxn.

346 1621 383 1660 1.
443 1616 619 1656 Primum
658 1616 764 1656 enim
797 1616 1023 1656 invidentes
1063 1621 1258 1668 ceperunt
1295 1615 1410 1653 illum
1450 1615 1593 1653 fratres

395 1687 417 1712 e
435 1687 494 1714 us.

337 1733 378 1773 2.
417 1688 587 1769 JDeinde
615 1735 867 1771 accusarunt.

341 1790 380 1828 3.
440 1787 710 1826 Decreverunt
742 1788 856 1826 illum
886 1786 1081 1827 occidere.

340 1843 381 1885 4.
439 1843 634 1882 Miserunt
661 1845 774 1883 illum
802 1844 843 1882 in
875 1845 1100 1884 cisternam.

339 1902 379 1943 5.
437 1900 634 1939 venditur
660 1901 881 1940 Ismaelitis.

342 1959 380 1998 6.
440 1956 499 1995 Ab
527 1957 732 1997 Ismaelitis
760 1957 947 1997 venditus
976 1963 1036 1995 est
1062 1956 1106 1994 in
1134 1954 1316 2006 Aegypto
1346 1954 1570 2007 Butiphari.

342 2017 381 2054 7.
440 2013 539 2052 Dein
581 2014 715 2068 coepit
755 2015 918 2054 Domina
960 2013 1069 2052 illius
1097 2011 1315 2064 pudicitiae
1342 2012 1522 2051 insidiari
1553 2017 1592 2051 et

396 2070 540 2109 nudari
572 2085 707 2110 coram
733 2071 828 2122 illo,
857 2078 897 2111 et
925 2070 1139 2109 sollicitare
1165 2069 1294 2107 illum.

339 2128 378 2168 8.
437 2128 536 2166 Cum
572 2129 700 2167 solum
733 2128 1028 2180 deprendisset,
1069 2126 1214 2165 clausis
1247 2125 1432 2165 omnibus
1464 2124 1591 2177 januis

399 2183 505 2222 nuda
533 2184 681 2223 invasit
708 2185 846 2234 illum,
879 2191 920 2223 et
948 2185 1031 2223 vim
1061 2182 1258 2221 adhibuit.

342 2241 381 2280 9.
440 2240 604 2280 Deserta
641 2242 690 2280 ab
718 2241 790 2280 illo
821 2241 1010 2291 Domina,
1052 2253 1166 2279 reum
1195 2238 1350 2291 peregit
1378 2237 1487 2290 apud
1515 2237 1592 2277 he-

380 2309 486 2336 rum.

345 2355 410 2395 10.
442 2354 565 2392 Datus
595 2359 654 2392 est
680 2354 722 2392 in
752 2353 986 2392 custodiam.

563 2423 620 2451 cc.
651 2424 765 2449 annus
785 2413 1036 2463 prmnisn‘om‘s.
1056 2408 1073 2461 ]

235 2477 380 2505 mlx.
409 2465 491 2505 hoc
519 2480 625 2505 anno
653 2468 762 2508 Levi.
813 2480 939 2506 cxxu.
967 2465 1128 2515 Jacobi,
1156 2463 1352 2517 Josephus
1380 2470 1497 2503 natus
1523 2478 1593 2502 an-

122 2535 196 2560 nos
225 2535 344 2562 xxxx.

236 2579 342 2617 XVI.
400 2580 545 2619 Assistit
574 2577 796 2631 Pharaoni]
836 2579 921 2617 Imo
957 2577 1037 2616 hoc
1073 2577 1222 2616 accidit
1255 2590 1359 2615 anno
1396 2576 1589 2628 sequenti.
1614 2583 1660 2619 32

123 2634 222 2672 Nam
253 2635 353 2675 Gen.
377 2635 445 2680 41.
475 2637 622 2676 diserte
650 2642 837 2675 narratur
864 2637 1093 2688 pincernam
1124 2633 1339 2673 Pharaonis
1370 2639 1460 2685 post
1490 2633 1592 2671 duos

124 2691 299 2743 primum
330 2705 453 2731 annos
481 2707 695 2732 memorem
726 2693 849 2732 fuisse
877 2691 1037 2743 Josephi
1062 2690 1294 2743 interpretis
1312 2690 1385 2730 sui.
1445 2690 1521 2728 Sed
1544 2691 1594 2728 de

125 2747 354 2800 hujusmodi
385 2750 700 2790 anachronismis
727 2750 766 2788 in
797 2749 1046 2801 praefatione
1076 2748 1125 2786 ad
1157 2749 1356 2785 Lectorem
1387 2747 1534 2785 monui.

239 2805 365 2844 XVII.
423 2806 550 2846 Pocula·
574 2806 830 2858 initiationes]
876 2807 1047 2845 Usitatas
1078 2805 1119 2843 in
1153 2803 1309 2843 Perside
1339 2810 1380 2843 et
1408 2805 1589 2856 Aegypto

125 2861 206 2914 jam
234 2861 327 2901 inde
355 2877 377 2900 a
408 2862 487 2902 Pici
521 2877 592 2904 sen
629 2864 737 2903 Jovis
767 2864 1027 2916 temporibus,
1067 2875 1140 2914 per
1180 2860 1402 2916 scyphum,
1439 2861 1587 2914 pelves,
