1884 3262
266 214 368 263 266
844 213 1169 258 NOTAE

267 340 315 365 ea
344 338 446 377 quae
474 322 644 363 hebetur
676 323 869 363 Dorothei
897 323 1022 363 latina
1055 323 1258 374 versione,
1298 329 1341 363 et
1381 337 1473 362 cum
1510 321 1734 376 Epiphanio

270 382 429 421 Codicis
460 381 594 432 Regii,
633 394 680 418 ac
711 379 917 420 Chronico
938 381 1021 419 MS.
1050 380 1253 433 Symeonis
1279 379 1541 431 Logothetae,
1582 378 1625 417 in
1654 393 1735 431 quo

269 438 406 478 eadem
445 437 528 476 fere
569 435 767 476 habentur
811 450 913 489 quae
954 437 1060 490 apud
1101 436 1396 490 Epiphanium,
1443 436 1736 476 conferrentur.

268 494 404 534 Tertia
433 493 607 545 denique
641 494 766 533 editio
794 494 959 533 tandem
988 494 1141 546 prodiit
1169 508 1275 532 anno
1302 506 1612 532 Mncxx11.cum
1641 505 1736 544 ope-

269 551 381 592 ribus
419 550 597 604 ejusdem
633 550 1154 603 Epiphanii‚1nterprete
1197 550 1384 602 Dionysio
1423 548 1602 589 Petavio.
1661 547 1736 587 Cui

270 607 432 660 quidem
461 605 685 659 Epiphanio
715 608 928 647 ascribitur
955 613 1161 660 praeterea
1189 607 1400 646 Tractatus
1440 607 1542 645 alius
1573 604 1655 644 hoc
1679 603 1737 643 ti-

121 676 155 711 v
182 672 252 712 416
275 665 362 704 tulo
391 664 434 702 in
462 663 611 703 Codice
640 664 762 716 Regio
791 678 838 704 11.
867 678 1040 705 uneccx.
1082 662 1186 716 Περὶ
1213 666 1296 704 τῶν
1326 661 1463 713 δεκαὲξ
1489 663 1736 716 Προφηταῖν,

267 717 403 762 πόθεν
424 715 553 774 ἦσαν,
581 719 648 761 καὶ
666 724 750 762 ποῦ
772 717 1084 773 ἐπελειωθησοιν,1
1116 720 1186 772 qui
1213 720 1256 759 in
1286 720 1433 759 Codice
1461 733 1508 759 11.
1534 731 1737 757 mcnxxm.

266 778 423 817 nullum
454 778 630 817 auctoris
659 791 805 817 nomeu
835 778 1033 830 praefert.
1064 791 1183 829 quem
1211 777 1374 829 quidem
1395 781 1615 816 tractatum
1645 786 1737 814 cum

268 841 407 874 noster
437 834 622 887 Scriptor
649 834 849 874 interdum
878 834 1102 883 exscribat,
1132 847 1183 873 ex
1213 847 1259 873 eo
1279 834 1446 873 subinde
1465 833 1580 871 illum
1600 843 1738 871 emen-

268 891 420 932 damus.
480 891 538 930 De
569 891 770 932 Dorotheo
806 905 905 932 vero
944 891 1024 931 isto
1061 890 1206 930 fictitio
1244 904 1404 942 agemus
1441 902 1603 930 rursum
1630 887 1739 927 infra

268 948 321 988 ad
349 961 445 1001 pag.
470 950 569 990 212.

381 1003 478 1055 Pag
508 1005 701 1069 275511.
761 1006 827 1053 Ως
846 1019 942 1057 μετα
968 1002 1209 1056 διακονιῶν]
1239 1003 1331 1055 Leg.
1362 1001 1408 1053 ὁ,
1438 1002 1499 1041 uti
1525 1000 1737 1040 edidimus.

268 1061 380 1101 Haec
408 1074 530 1112 porro
567 1061 627 1100 sic
661 1062 785 1101 vertit
826 1061 1025 1113 Interpres
1055 1059 1268 1100 Dorothei:
1308 1063 1372 1113 qui
1396 1073 1476 1098 cum
1501 1058 1741 1098 mediocritati

267 1120 451 1166 servierit,
480 1130 558 1156 cum
575 1119 725 1169 Angelis
743 1122 981 1157 conversatur.

385 1174 606 1224 Pag.275.
639 1178 703 1217 12.
760 1171 1079 1227 Λμιλλώμενος]
1118 1172 1186 1212 Sic
1212 1172 1498 1226 reposuimus,
1525 1184 1616 1210 cum
1647 1169 1739 1209 edi-

270 1237 357 1270 tum
386 1236 490 1269 esset
519 1227 786 1283 ἆμιλλωμενα.

387 1290 481 1337 Pag
511 1289 712 1330 276.13.
769 1282 984 1338 Βελεμων]
1015 1282 1214 1337 Epiphan.
1243 1283 1339 1323 edit.
1368 1289 1410 1323 et
1429 1283 1509 1322 MS.
1535 1278 1738 1335 Βελεμῶθ.

270 1343 372 1383 Vide
400 1343 448 1382 V.
480 1343 522 1381 C.
551 1342 744 1381 Huetium
772 1343 823 1381 de
852 1343 1115 1381 Demonstrat.
1144 1341 1295 1391 Evang.
1325 1353 1413 1392 pag
1444 1341 1540 1383 233.

385 1402 608 1449 Peg-276.
647 1400 715 1442 15.
777 1397 1031 1453 Στερέωσις]
1080 1397 1184 1437 Rob.
1224 1396 1413 1451 stephan.
1453 1399 1639 1444 oneratus,
1673 1394 1740 1434 vel

269 1469 419 1496 onerans
447 1457 748 1509 interpretatur.

386 1516 481 1563 Pag-
510 1517 606 1556 277.
635 1515 677 1555 6
737 1509 921 1563 Θεκουὲ]
962 1510 1063 1550 Vide
1093 1510 1269 1550 eundem
1293 1508 1484 1549 Huetium
1513 1522 1554 1562 p.
1583 1509 1682 1552 286.

380 1569 478 1610 Ibid.
537 1568 729 1622 Συχνοῖς]
762 1567 932 1619 Logoth.
955 1569 1139 1615 πυκναῖς..

386 1628 479 1676 Pag-
519 1629 615 1669 277.
651 1630 694 1670 7
750 1621 949 1693 Ροπάλῳ]
989 1623 1188 1678 Epiphan.
1223 1636 1313 1676 cap.
1348 1625 1445 1662 xm:
1493 1620 1538 1663 ἐν
1573 1616 1739 1675 ῥοπάλῳ

269 1678 425 1735 πλήξας
447 1677 572 1723 αὐτὰν
593 1698 695 1723 κατα
713 1685 788 1723 τοῦ
816 1678 1037 1751 κροτάφου.

298 1794 327 1834 h
386 1741 479 1789 Pag.
509 1743 606 1782 277.
640 1742 680 1783 8.
738 1734 853 1780 Μεθ’
882 1737 1036 1792 ἡμέρας
1068 1733 1176 1791 δύο]
1222 1735 1335 1776 Haec
1372 1734 1517 1774 absum
1554 1733 1604 1774 ab
1633 1732 1742 1787 Epi-

328 1796 434 1834 anio.

267 1810 297 1849 P
386 1853 606 1901 Pag.277.
639 1853 707 1894 10.
763 1847 1010 1903 Στρατηγός]
1037 1848 1139 1891 Rob.
1160 1847 1348 1901 Stephon.
1376 1848 1433 1886 ita
1460 1846 1566 1886 hanc
1596 1859 1743 1885 vocem

267 1907 579 1961 interpretatur·
607 1921 689 1959 quw
706 1910 799 1947 sicut
821 1907 992 1946 Dominus
1005 1906 1027 1946 ἓ
1056 1911 1127 1945 aut
1148 1909 1346 1956 paupertas
1373 1905 1429 1943 vel
1460 1904 1646 1943 humilitas
1666 1902 1743 1941 Do-

267 1967 381 2014 mini,
409 1969 481 2003 aut
494 1966 695 2016 percutiens
715 1964 910 2011 Dominus,
941 1962 1007 2002 vel
1023 1964 1202 2013 percussio
1220 1962 1381 2002 Domini.

386 2023 478 2070 Pag.
509 2023 606 2063 278.
638 2023 677 2063 8.
710 2017 828 2061 ‘And
865 2017 1166 2072 Μορασθίτης]
1196 2017 1394 2070 Epiphan.
1424 2017 1506 2057 MS.
1538 2010 1743 2071 ἐγεννήθη

268 2075 314 2118 ἐν
347 2077 552 2147 Μωραθί.
592 2076 700 2116 Edit.
734 2076 951 2129 Μωραθεί.
1010 2075 1164 2114 Auctor
1192 2075 1273 2115 MS.
1315 2074 1366 2112 de
1394 2086 1483 2113 xvr.
1513 2071 1740 2126 Prophetis,

270 2134 456 2186 Μιχαίας
485 2131 578 2181 υἷος
607 2130 786 2202 Ιεραμως
818 2132 840 2173 6
868 2129 1166 2186 Μαραθώνιος.
1226 2131 1274 2169 In
1303 2130 1382 2169 alio
1413 2130 1511 2169 cod.
1544 2128 1567 2171 6
1588 2132 1742 2183 Μωρα·

268 2190 403 2243 θέτης.
462 2189 626 2240 Logoth.
656 2191 713 2243 ἦν
738 2186 820 2230 aad
853 2187 1056 2242 Μωραθὲ.
1115 2187 1216 2227 Vide
1244 2187 1490 2240 Huetiump
1492 2185 1628 2233 .242.

388 2249 482 2296 Pag-
510 2249 610 2311 278
635 2246 682 2290 4..
731 2244 967 2301 Λνῃρέθη]
1017 2245 1083 2283 Sic
1125 2244 1381 2313 reposuimus
1420 2257 1472 2283 ex
1462 2201 1742 2296 Pisspiphanio,

271 2302 380 2354 apud
418 2316 537 2354 quem
574 2303 619 2342 in
658 2303 754 2343 cod.
783 2304 864 2342 MS.
912 2308 952 2342 et
984 2302 1093 2340 edito
1130 2302 1278 2352 legitur
1307 2296 1529 2354 ἀναιρεῖται
1559 2314 1740 2354 κρημνοῦ·

269 2359 374 2407 θείς.
435 2358 599 2411 Logoth.
627 2362 796 2414 κρημνῷ
815 2355 1000 2413 ριφεὶς”
977 2374 1040 2400 οτι
1055 2355 1244 2412 ἤλεγξεν,
1274 2364 1349 2396 etc.

387 2419 480 2466 Pag-
510 2418 607 2459 278.
637 2418 677 2460 5
736 2414 985 2469 Ασεβείαις]
1022 2414 1147 2455 Addit
1176 2414 1327 2468 Epiph.
1363 2411 1515 2464 αὐτοῦ,
1560 2412 1629 2454 καὶ
1659 2427 1740 2482 τοον

271 2470 455 2525 πατέρων
480 2487 623 2515 αυτου.

387 2532 480 2579 Pag.
511 2531 605 2573 278.
636 2532 675 2571 6.
734 2525 910 2579 Μόνος]
944 2527 1091 2581 Epiph.
1119 2542 1360 2581 μονωτατος.

387 2585 479 2626 11)ἰὼ
537 2588 600 2626 Εν
624 2584 781 2638 Antip]
821 2583 967 2637 Epiph.
998 2585 1095 2626 edit.
1124 2591 1163 2624 et
1203 2582 1451 2633 Dorotheus,
1479 2582 1601 2622 unica
1626 2594 1740 2633 voce,

270 2643 463 2694 Εναχείμ.
522 2641 688 2694 Logoth.
719 2642 762 2683 ἐν
782 2642 961 2694 Μακείμ..
1022 2642 1144 2681 Deest
1171 2641 1214 2679 in
1244 2641 1342 2680 cod.
1366 2641 1461 2711 Reg.

391 2702 484 2750 ng.
513 2701 612 2743 279.
638 2698 677 2741 4.
706 2695 978 2753 Βεθομορῶν]
1010 2697 1205 2752 Epiphan.
1225 2697 1318 2738 edit.
1342 2691 1462 2746 οὗτος
1479 2690 1532 2748 ἦν
1551 2694 1593 2745 ἐξ
1613 2691 1741 2750 circos?

272 2752 440 2809 Βητοόρ,
468 2755 513 2797 ἐκ
530 2759 602 2808 τῆς
634 2759 711 2811 γῆς
738 2756 925 2808 Ρουβείμ.
974 2755 1070 2794 cod.
1099 2756 1196 2807 Reg.
1238 2755 1279 2805 ἐξ
1299 2750 1430 2808 ἀγροῦ
1447 2748 1617 2805 Βηθόμ.
1659 2753 1742 2790 Do-

273 2810 454 2852 ιὀῑ11,ε.τ
489 2813 725 2854 Bethomeron
785 2814 936 2852 Auctor
963 2811 1044 2852 MS.
1072 2812 1123 2852 de
1151 2825 1235 2852 xvr.
1269 2810 1504 2863 Prophetis,
1541 2809 1583 2860 ἐξ
1615 2823 1741 2863 αγρου
