1820 3276
457 186 515 229 IN
549 184 878 230 CHRONICON
912 183 1202 229 PASCHALE.
1477 180 1580 233 367

114 299 280 349 Oresio,
321 303 398 338 etc.
453 296 651 351 Procopio
680 298 881 350 Μίλβιος,
923 294 1071 334 Latinis
1103 294 1270 336 Milvius.
1329 291 1430 336 Vide
1457 292 1580 335 Notas

111 357 164 398 ad
196 357 372 396 Zonarae
404 353 588 397 Annales.

228 415 322 463 Pag-
353 414 449 456 521.
481 415 519 455 9
579 408 666 451 Eut
697 405 866 461 Ρώμης]
899 407 1028 456 Quam
1060 413 1154 460 post
1183 406 1383 449 devictum
1416 405 1579 469 Maxen-

110 470 210 510 tium
249 475 409 520 postero
449 467 512 511 die
546 467 748 518 ingressus
783 472 843 505 est
871 478 926 503 lv,
955 465 1122 508 Kalend.
1151 463 1345 505 Nov.emb
1374 469 1420 503 ut
1449 469 1509 504 est
1537 462 1579 501 in

109 525 354 566 Kalendario
392 524 665 576 Hervagiano:
707 522 776 565 ubi
816 521 868 560 ad
906 534 995 565 eum
1034 521 1159 570 diem,
1202 522 1386 561 Adventus
1421 520 1582 570 Augusti

109 582 365 623 describitur.
423 581 523 621 Vide
564 579 776 621 Eusebium
816 578 888 618 lib.
918 592 944 615 1
985 578 1034 616 de
1072 578 1160 620 Vita
1198 576 1450 621 Constantini
1491 590 1579 629 cap.

109 653 227 680 xxix.
256 638 467 678 Nazarium
494 638 537 677 in
565 638 758 688 Panegyr.
787 635 1009 682 Zosimum,
1040 640 1115 677 etc.

190 696 447 746 Pag.521.
478 695 543 738 15.
605 694 798 745 Φαιδροῖς
836 689 1050 744 ὄμμασιν]
1088 692 1149 729 Ex
1190 689 1362 729 Eusebio
1402 688 1471 731 lib
1513 702 1575 730 11.
1600 689 1722 726 1’555

18 786 23 788 .
108 753 209 794 Hist.
243 753 349 793 Eccl.
378 765 466 804 cap,
496 765 553 791 ix.
584 756 622 793 et
651 749 719 790 lib.
751 763 779 789 1.
810 749 859 787 de
891 747 979 787 Vita
1010 747 1258 786 Constantini
1290 761 1377 799 cap.
1406 760 1521 785 xxix.

224 809 317 860 Pag.
348 807 444 854 521
476 811 542 853 18.
600 802 722 858 Μήτε
751 801 1012 858 ἐπαιρόμενος
1048 802 1130 847 ν’πό
1170 820 1252 847 των
1290 802 1492 855 ἐπαίνων]
1531 802 1579 844 Id

110 871 172 906 est
201 880 426 918 ευφημιων.
486 863 586 907 Vide
616 863 747 902 Gloss.
779 861 881 901 med.
909 862 994 902 Lat.
1025 861 1067 900 in
1097 875 1136 900 v.
1167 861 1327 899 Laudes.

222 921 318 972 Pag
349 924 443 964 521.
473 924 540 964 21.
603 917 668 961 Τὸ
675 914 907 987 σωτήριον]
942 917 1084 959 Euseb.
1112 917 1182 958 καὶ
1210 915 1262 970 δή
1291 933 1356 967 το,
1387 923 1463 958 etc.
1562 941 1567 947 ·

223 978 317 1029 Pag-
348 978 443 1022 522.
471 980 514 1020 2.
572 971 774 1028 Εντιίξαι]
814 975 876 1015 Ita
905 974 1204 1017 emendavimus
1238 988 1288 1018 ex
1318 973 1417 1014 Cod.
1447 973 1578 1017 vatic.

109 1042 149 1077 et
176 1035 372 1084 Eusebio,
401 1048 476 1100 pro
505 1032 694 1083 {megan

223 1092 319 1132 Ibid.
384 1086 521 1145 Τούτῳ
542 1092 600 1146 τῷ
623 1085 889 1144 σωτηριῶδει]
919 1086 1101 1131 Habetur
1118 1086 1217 1127 haec
1236 1086 1451 1140 Inscriptio
1470 1086 1578 1140 apud

108 1148 252 1194 Euseb.
283 1148 352 1192 lib.
382 1161 440 1190 lx.
471 1161 557 1199 cap.
589 1160 646 1190 ix.
677 1153 718 1190 et
745 1145 814 1190 111)
848 1158 876 1182 1.
906 1143 956 1185 de
983 1144 1074 1183 Vita
1106 1145 1239 1185 const.
1270 1158 1356 1197 cap.
1379 1158 1446 1184 XI..

225 1208 319 1257 Pag
351 1205 445 1249 522.
478 1207 517 1246 3.
575 1203 779 1272 Ανδρίας]
822 1202 889 1239 Sic
917 1201 1169 1252 reposuimus
1200 1215 1250 1240 ex
1277 1201 1472 1251 Eusebio,
1502 1214 1579 1253 pro

107 1257 292 1332 ἄναρίας.
352 1259 566 1313 Nicephor.
608 1260 707 1303 Call
748 1255 934 1310 ἄνδρειας
972 1256 1107 1298 habet.
1166 1258 1302 1296 Posset
1347 1259 1464 1301 etiam
1500 1257 1580 1310 legi

108 1315 348 1372 α’νταρσίας,
377 1324 424 1360 ut
454 1317 581 1356 Cruce
609 1317 868 1357 rebellionem
898 1315 1075 1365 arguerit
1105 1320 1144 1354 et
1170 1314 1369 1357 indicarit.

224 1378 317 1426 Pag·
347 1374 445 1418 522-
473 1377 514 1416 7.
572 1370 919 1424 Απεκατέστησεν]
956 1371 1017 1409 Ita
1055 1371 1152 1413 Cod.
1190 1371 1285 1414 edit.
1355 1370 1409 1410 At
1447 1369 1579 1412 Ense-

106 1431 200 1477 bins
229 1438 269 1475 et
294 1429 544 1483 Nicephortu
573 1431 695 1474 sicuti
724 1428 925 1474 edidimus
953 1428 1205 1480 praeferunt,
1238 1441 1329 1470 cum
1358 1426 1459 1466 haec
1488 1440 1580 1467 ver*

109 1488 160 1533 ba
189 1502 282 1541 pers
311 1488 394 1529 sint
421 1487 714 1540 Inscriptionis
772 1485 934 1540 [Apud
957 1497 1030 1527 nos
1057 1485 1100 1528 in
1129 1484 1323 1526 varietate
1352 1485 1577 1537 scripturae

108 1547 263 1598 corrige
292 1541 639 1597 ἆπεκατέστησεν.]

223 1605 318 1653 Pag.
347 1603 444 1646 522.
472 1604 512 1646 8.
571 1604 610 1645 Γ
603 1597 781 1654 αλὲριος]
811 1598 997 1642 Morbum
1025 1605 1066 1639 et
1093 1603 1263 1639 mortem
1293 1596 1476 1636 acerbam
1500 1597 1581 1635 Ga-

106 1658 199 1703 Ierii
235 1657 465 1699 Maximiani
506 1656 744 1697 Armentarii
776 1655 972 1709 graphice
1009 1654 1201 1695 describit
1241 1655 1471 1694 Lactantius
1510 1653 1580 1697 lib

108 1715 159 1761 de
195 1715 356 1761 Mortib.
392 1715 594 1757 Persecut,
635 1728 677 1759 n.
706 1726 851 1756 xxxw.
892 1719 940 1752 ut
978 1719 1017 1755 et
1052 1712 1246 1754 Eusebius
1275 1712 1344 1763 lib.
1373 1724 1460 1751 vm.
1489 1724 1578 1765 cap.

107 1785 194 1816 xvi.
223 1770 474 1825 Epiphanius
503 1770 572 1811 lib.
602 1770 652 1811 de
682 1769 852 1813 Ponder·
884 1777 922 1810 et
950 1770 1123 1813 Mensur.
1154 1783 1242 1822 cap.
1271 1782 1343 1809 xx.
1371 1774 1410 1807 et
1438 1768 1520 1807 alii.

224 1828 442 1880 Pag.522.
476 1830 540 1874 10.
604 1824 692 1873 Υπό
721 1826 876 1882 μυρίων
903 1822 1092 1882 ἀνδρῶν]
1135 1826 1386 1869 Lactantius·
1420 1825 1579 1877 undique

107 1885 240 1929 nobiles
269 1884 413 1925 Medici
437 1884 639 1926 tralamztur.

225 1945 318 1993 Pag.
348 1942 445 1986 522.
477 1944 542 1984 11.
602 1937 767 1993 Νόμους
802 1937 1052 1992 ἐξέπεμψεν]
1092 1940 1280 1983 Edictum
1310 1939 1462 1979 Graece
1490 1938 1578 1981 Eu-

109 1997 241 2038 sebius
278 1997 349 2038 lib.
387 2011 476 2036 vm.
510 2011 598 2050 cap.
637 2011 740 2038 xvu.
784 1996 923 2039 Latine
958 2010 1054 2036 vero
1090 1997 1323 2040 Lactantius
1359 2010 1397 2035 n.
1434 2008 1578 2035 xxxxv.

109 2054 346 2099 ediderunt:
398 2053 510 2107 quod
558 2055 812 2107 propositum
850 2053 1104 2093 Nicomediae
1142 2054 1275 2107 pridie
1314 2053 1401 2092 Kal.
1441 2052 1578 2101 Maias,

107 2110 197 2164 ipso
226 2111 350 2155 octies
380 2117 421 2152 et
447 2110 686 2154 Maximiano
714 2111 859 2154 iterum
895 2110 1004 2150 Coss.
1033 2110 1175 2157 scribit
1202 2110 1308 2150 idem
1337 2108 1580 2159 Lactantius,

111 2181 217 2207 anno
246 2167 396 2207 Christi
423 2167 584 2218 vulgari
620 2181 746 2208 cccxi.
807 2166 918 2205 Obiit
955 2180 1052 2206 vero
1091 2167 1274 2206 Galerius
1310 2165 1577 2209 Maximianus

108 2238 213 2264 anno
242 2223 424 2279 sequenti
453 2230 721 2265 cccx11..ante
749 2223 948 2265 Kalendas
976 2223 1162 2274 Martias,
1196 2230 1240 2262 ut
1268 2223 1373 2263 idem
1404 2222 1578 2265 Lactan-

107 2281 188 2320 tius
225 2281 371 2322 innuit.
429 2279 560 2332 Atque
604 2293 655 2319 ex
692 2273 773 2318 hoc
812 2273 975 2332 quidem
1011 2280 1105 2319 loco
1144 2256 1337 2323 docemur
1375 2280 1578 2324 Galerium

109 2337 396 2383 Maximianum
430 2337 690 2377 Consulatum
718 2349 806 2377 vm.
835 2336 1002 2387 gessisse
1038 2350 1130 2376 cum
1167 2337 1385 2380 Maximino
1399 2337 1576 2387 iterum,

108 2400 155 2440 ut
182 2394 290 2440 Fasti
320 2393 525 2437 Saviniani
553 2399 662 2437 recte
690 2390 947 2445 praeferunt,
986 2406 1078 2433 cum
1115 2395 1260 2437 caeteri
1297 2394 1427 2438 solum
1459 2395 1578 2436 Gale-

108 2451 213 2493 rium
241 2451 322 2496 hoc
349 2464 452 2494 anno
483 2450 732 2499 describant,
776 2456 816 2488 et
844 2449 893 2490 de
921 2455 1092 2502 utroque
1120 2451 1327 2494 Maximini
1355 2451 1576 2494 contulatu

109 2507 275 2552 sileant:
315 2507 405 2549 nisi
430 2508 534 2550 sorte
565 2507 678 2561 prior
718 2506 953 2550 Consulatus
987 2508 1130 2551 referri
1171 2506 1311 2551 debeat
1347 2508 1400 2550 sd
1428 2520 1575 2550 annum

110 2562 259 2608 Christi
293 2564 498 2616 vulgarem
539 2577 683 2609 eccm.
723 2577 805 2615 quo
841 2563 1106 2607 Maximianus
1143 2577 1215 2606 vn.
1257 2572 1297 2608 et
1334 2564 1574 2606 Maximinus

112 2619 222 2663 Coss.
255 2620 377 2665 fuisse
406 2621 595 2666 dicuntur
632 2621 674 2665 in
703 2620 911 2667 Lateiculo
941 2621 1237 2664 Praefectorum
1266 2620 1405 2670 Urbis,
1441 2620 1499 2662 sic
1527 2626 1575 2664 ut

109 2675 325 2721 Maximino
354 2677 543 2719 suffectus
570 2678 692 2722 fuerit
720 2677 1013 2721 Constantinus.
1069 2677 1130 2719 Ita
1169 2676 1274 2719 enim
1308 2676 1375 2719 hio
1402 2676 1575 2728 legiturx

111 2730 340 2776 Maximiano
367 2747 440 2775 vn.
470 2739 505 2778 et
531 2734 761 2779 Maxnmano
801 2734 1065 2783 (Maximino,
1102 2733 1144 2774 ni
1173 2734 1310 2783 fallor,
1346 2732 1571 2784 legendum,

111 2801 202 2826 nam
241 2789 490 2840 promiscuus
523 2798 582 2835 est
617 2790 686 2831 hic
721 2804 834 2835 emor
862 2791 904 2832 in
934 2790 1135 2834 veteribus
1165 2788 1322 2845 codd.)
1357 2790 1423 2832 Ex
1458 2803 1573 2833 m

110 2844 235 2899 Aprili
249 2845 376 2903 factus
402 2851 454 2885 ut
481 2852 602 2891 cestus
631 2848 870 2898 Carnuntas,
900 2849 995 2901 quod
1020 2852 1094 2899 est,
1122 2850 1239 2892 novies
1264 2851 1300 2892 et
1329 2847 1570 2892 Contentum.

1604 2111 1727 2152 v481
