1884 3262
680 214 1072 264 EPISTOLA.
1577 213 1608 261 5

148 342 236 380 cuS,
263 333 417 387 patere
435 327 588 371 saltem
608 342 697 371 non
720 333 812 371 tam
834 330 892 372 ob
912 329 1076 388 Regni,
1097 328 1167 372 cui
1187 326 1610 386 peculiariNuminis

147 412 256 456 erga
270 411 349 440 nos
367 396 584 441 beneficio
596 411 767 455 praees,
788 395 1062 455 dignitatem,
1082 396 1414 455 productosque
1430 395 1610 439 tandem

144 465 381 508 illustribus
415 464 526 508 Tuis
571 479 624 509 ac
665 465 870 523 gloriosis
912 465 1106 523 tropaeis
1153 479 1206 508 eo
1252 479 1392 522 usque
1426 464 1520 507 fere
1554 464 1612 506 il-

143 533 228 576 lius
269 534 405 586 fines,
449 547 539 590 quo
583 538 708 578 vetus
751 533 902 576 Gallia
943 531 1319 592 protendebatur,
1372 548 1505 590 quam
1550 532 1610 574 ob

145 601 324 645 eximias
359 601 455 645 illas
490 615 543 645 ac
570 616 674 644 vere
704 601 874 660 Regias
909 601 1040 644 animi
1075 601 1202 644 dotes
1234 601 1392 658 quibus
1426 599 1612 659 insigni-

144 675 212 713 ter
247 669 493 722 adornaris3
539 674 721 728 patere,
764 670 971 727 inquam,
1014 683 1105 713 non
1138 667 1238 726 jam
1274 669 1346 712 Te
1380 668 1611 721 MAGNUM,

145 753 235 795 qua
264 738 335 782 Te
365 737 680 796 appellatione,
716 738 840 795 quod
870 738 980 781 olim
1009 737 1207 782 Arcadio
1242 737 1428 796 contigit
1449 736 1612 781 Theo-

146 805 259 849 dosii
304 805 467 865 Magni
510 806 631 861 filio,
675 807 720 849 in
764 806 862 865 ipso
898 807 993 850 fere
1038 806 1188 849 aetatis
1234 805 1344 848 flore
1389 805 1611 864 appellari

144 874 287 934 gavisi
349 888 634 933 summopere
687 889 859 918 sumus:
914 874 991 918 sed
1039 874 1216 917 Rmmu
1263 873 1531 929 MAxnanM,
1587 889 1613 916 a

145 943 190 986 T
194 942 254 986 uis
296 943 539 1001 praecipue
576 942 743 996 Gallis,
777 943 935 1002 quibus
980 958 1025 986 es
1068 942 1214 1002 probe
1256 948 1515 1000 perspectus
1560 955 1614 986 ac

147 1011 372 1070 cognitus,
408 1018 540 1069 atque
576 1011 691 1054 adeo
722 1011 767 1054 in
802 1026 954 1054 amore
989 1026 1044 1056 ac
1079 1010 1249 1055 deliciis
1279 1010 1467 1055 salutari.
1523 1010 1614 1053 Pa-

145 1085 239 1123 tere
273 1086 376 1138 post
408 1085 475 1123 tot
510 1079 683 1123 nobiles
718 1079 775 1123 ab
810 1079 941 1123 hoste
974 1084 1219 1138 reportatas
1249 1078 1478 1133 victorias,
1512 1082 1616 1137 post

146 1154 213 1191 tot
239 1154 514 1207 expugnatas
549 1149 703 1203 urbes,
738 1162 792 1192 ac
826 1154 893 1191 tot
917 1154 1121 1206 receptas
1150 1147 1400 1206 provincias
1424 1147 1616 1191 TRIUM-

1642 747 1802 792 synesius

1635 806 1683 828 or.
1695 795 1737 827 de
1753 805 1805 826 re-

1680 852 1761 885 gno.

145 1229 409 1260 ΡΗΔΤΟΒΕΜ
451 1217 523 1261 Te
566 1216 758 1263 inscribi.
829 1217 990 1261 Patere
1033 1231 1112 1260 nos
1145 1230 1394 1259 EXPERTAE
1429 1219 1836 1260 FELICI-Fest.Huf1t³

147 1299 260 1328 TATI
301 1285 455 1340 Tuae,
501 1300 616 1343 quae
658 1285 941 1329 consiliorum
988 1290 1119 1343 atque
1161 1283 1400 1327 industriae
1444 1283 1506 1328 sic
1553 1287 1618 1326 est

1642 1266 1684 1300 de
1712 1265 1813 1319 lfom-

1677 1323 1767 1355 pew.

147 1352 363 1412 adjutriX,
398 1353 517 1399 hanc
551 1359 602 1397 ut
634 1353 711 1396 illa
739 1368 963 1411 nunquam
998 1353 1236 1412 superarit,
1278 1367 1361 1396 nec
1396 1352 1448 1395 sit
1479 1352 1523 1394 in
1546 1351 1618 1395 Te
1631 1359 1768 1401 Entrop.
1796 1358 1837 1390 (ιε

147 1421 271 1465 aliud
306 1428 483 1481 praeter
526 1421 811 1467 honestarum
852 1437 1000 1465 rerum
1037 1421 1405 1481 prosperitatem,
1451 1419 1617 1479 adgra-

147 1491 292 1533 tulari.
373 1491 532 1534 Patere
575 1490 788 1534 Aue-usn
825 1490 931 1533 Tibi
975 1505 1002 1533 a
1056 1489 1183 1532 nobis
1228 1503 1391 1532 nomen
1434 1488 1620 1547 imponi,

149 1558 272 1616 quod
310 1574 336 1601 a
372 1557 647 1602 Francorum
678 1558 882 1618 Regibus
911 1557 1089 1616 pridem
1124 1557 1338 1614 manavit,
1375 1571 1620 1614 eorumque

147 1627 231 1670 fuit
253 1626 497 1685 *peculiare
525 1641 579 1671 ac
614 1626 871 1685 proprium,
908 1631 951 1669 et
986 1625 1112 1683 quod
1148 1641 1291 1683 aeque
1325 1631 1459 1682 atque
1494 1630 1620 1668 ante-

148 1695 391 1740 cessoribus
436 1694 546 1740 Tuis
588 1694 807 1754 Philippo
853 1709 904 1738 11.
950 1700 994 1737 et
1037 1692 1203 1738 Carolo
1237 1708 1334 1737 vm.
1379 1693 1486 1737 Tibi
1516 1692 1621 1752 jure

150 1763 321 1822 optimo
350 1763 520 1817 deberi,
555 1769 772 1807 testantur
804 1769 895 1806 tam
916 1763 1080 1806 multae
1109 1777 1177 1805 res
1209 1767 1309 1805 ante
1338 1760 1460 1806 hunc
1487 1761 1621 1814 diem,

151 1848 178 1875 a
213 1831 282 1875 Te
317 1831 416 1890 pie,
452 1832 626 1875 fortiter
662 1847 715 1877 ac
750 1831 982 1891 praeclare
1026 1836 1192 1890 gestae.
1272 1829 1365 1873 Sed
1410 1831 1524 1873 inter
1557 1834 1624 1872 tot

150 1900 414 1959 magnificos
455 1901 557 1944 illos
600 1901 748 1944 titulos
789 1900 870 1944 erit
913 1905 958 1943 et
998 1898 1106 1944 huie
1142 1913 1232 1942 non
1270 1898 1465 1942 omnium
1504 1903 1625 1942 certe

150 1976 378 2028 postremo
414 1969 564 2023 locus,
594 1976 643 2012 ut
677 1969 749 2012 Te
779 1969 981 2012 PATREM
1006 1969 1245 2018 PATRIAE,
1278 1982 1392 2024 quae
1423 1967 1506 2010 fuit
1530 1966 1625 2009 Lu-

153 2037 303 2081 dovici
337 2051 415 2082 xu.
443 2038 566 2096 apud
590 2036 784 2096 majores
819 2044 989 2080 nostros
1019 2036 1335 2089 nomenclatio,
1372 2036 1432 2078 ob
1469 2036 1625 2094 singu-

152 2107 292 2150 larem
328 2106 477 2149 Tuam
517 2105 835 2149 humanitatem
877 2105 920 2147 in
965 2104 1183 2158 subditos,
1228 2104 1354 2149 acin
1390 2103 1626 2148 calamito-

155 2189 227 2218 sos
272 2174 590 2233 benignitatem
627 2175 700 2218 Te
735 2172 1060 2232 praedicemus
1137 2172 1341 2230 Denique
1385 2178 1435 2215 ut
1481 2171 1627 2218 Fran-

155 2244 322 2288 ciscum
378 2243 556 2302 Regem
618 2243 808 2287 maxime
863 2242 1056 2284 anterior
1115 2247 1233 2284 aetas
1295 2239 1629 2299 cognominavit

154 2312 473 2368 LITTERARUM
507 2312 770 2355 mmmmm
806 2324 859 2354 ac
887 2310 1174 2363 PA'rnoNUM,
1218 2323 1302 2368 pro
1331 2308 1433 2353 Tua
1469 2307 1628 2352 eximia

157 2395 267 2439 erga
301 2380 416 2423 viros
457 2380 669 2424 litteratos
715 2378 954 2435 effusione,
997 2392 1082 2436 pro
1118 2378 1223 2421 Tuo
1270 2392 1378 2437 erga
1425 2375 1627 2434 discipli-

156 2463 233 2491 nas
260 2462 412 2492 omnes
446 2454 579 2506 atque
612 2450 826 2508 ingenuas
862 2453 999 2502 artes,
1034 2461 1142 2504 quas
1175 2445 1461 2505 profitemur,
1499 2458 1628 2487 amo-

156 2532 230 2571 re,
264 2523 419 2576 patere
455 2517 545 2562 dici
580 2533 634 2563 ac
670 2515 899 2562 celebrari.
970 2515 1096 2558 Votis
1132 2520 1309 2559 caetero
1345 2513 1500 2557 nostris
1529 2513 1628 2555 Nu-

158 2600 262 2629 men
297 2591 483 2641 annuat,
529 2586 636 2629 Rnx
672 2585 1117 2638 Cflmsrlamssmss,
1157 2597 1294 2626 annos
1338 2583 1373 2625 si
1408 2582 1533 2625 Tuos
1569 2579 1627 2623 de

161 2654 337 2708 nostris,
368 2653 426 2697 de
460 2654 658 2699 hostium
692 2653 846 2713 spoliis
876 2653 912 2696 si
951 2651 1238 2713 triumphoS,
1271 2649 1628 2695 Serenissimum-

160 2737 248 2778 que
289 2723 604 2778 DELPHINUM,
666 2738 719 2768 ac
783 2735 1106 2765 Rommsslmos
1159 2721 1372 2772 Poenos,
1426 2718 1628 2775 Nepotes

161 2790 308 2849 Tuos,
353 2798 494 2835 servet
530 2792 798 2847 incolumes,
842 2790 877 2833 si
918 2789 987 2834 his
1032 2794 1252 2849 perpetua
1293 2786 1503 2831 decernat
1536 2785 1629 2828 lm-

1631 1404 1826 1438 Constanti-

1699 1462 1754 1483 no.
