1884 3262
642 210 1055 255 PRAEFATIO.
1522 215 1583 266 51

116 323 168 364 sit
198 337 243 363 ea
274 322 523 376 Pythagorae
552 323 621 364 lex
644 325 754 378 apud
780 327 1011 379 Synesium.
1052 326 1078 368 ὁ
1100 324 1232 398 νόμος
1251 324 1327 370 ov'n
1357 326 1407 384 ἐᾷ
1426 332 1510 377 τοῖς
1531 330 1590 382 βι.
1615 337 1644 373 P
1667 338 1712 374 36

116 381 264 449 βλίοις
271 380 491 430 ἔπιποιεΐν,
521 377 619 422 αλλὰ
632 379 829 448 βούλεται
847 382 983 435 μένειν
1008 380 1110 424 αὕτα
1139 384 1205 426 ἐπὶ
1234 387 1309 438 τῆς
1330 382 1492 438 πρώτης
1517 401 1593 438 χει·

115 435 210 501 969,
239 453 349 485 οπως
369 435 465 478 ποτὲ
483 436 568 490 ε’σχε
593 454 714 491 τυχης
741 437 772 492 ἢ
802 440 953 492 τέχνης.
1010 441 1122 480 Unde
1147 441 1262 492 longe
1281 443 1405 481 satius
1428 442 1592 482 videtur

115 495 368 547 conjecturas
398 494 466 533 vel
497 496 793 535 emendationes
837 497 1080 546 marginibus
1108 497 1354 548 adscribere,
1395 513 1514 550 quam
1549 500 1593 538 in

114 557 267 589 textum
295 551 455 603 ipsum,
484 557 632 591 temere
660 566 800 605 saepe,
838 553 1072 603 immittere,
1109 553 1239 593 donec
1271 555 1381 594 aliud
1408 555 1592 596 emenda-

114 607 196 646 tius
232 614 418 647 occurrat
449 609 674 660 exemplar,
714 623 765 648 ex
796 623 878 662 quo
908 610 1138 661 castigatior
1167 611 1326 650 tandem
1357 611 1478 651 editio
1498 626 1594 664 pro·

116 663 220 702 deat.
286 664 385 703 Nam
419 677 510 703 cum
543 663 670 704 hocce
699 666 810 718 quod
839 666 1069 705 recudimus
1103 666 1328 707 Chronicon
1361 682 1441 709 non
1470 669 1592 708 modo

114 719 304 759 Paschale
336 719 418 758 dici
444 720 604 767 debeat,
642 723 709 761 sed
743 729 782 761 et
819 723 1033 762 consulare
1063 724 1258 775 appellari
1296 725 1441 776 possit,
1482 725 1592 776 quod

113 778 343 815 universam
362 777 573 816 Fastorum
593 779 869 818 Consularium
889 781 1030 819 seriem
1050 781 1363 832 complectatur,
1394 781 1590 832 quicquid

112 833 154 871 in
183 833 232 872 iis
251 834 496 872 illustrandis
521 836 705 874 conferre
735 842 889 888 potest,
920 835 1016 875 huic
1042 836 1362 888 subjungendum
1385 837 1590 886 duximus,

114 896 235 942 atque
256 890 298 928 in
314 890 453 942 primis
470 891 502 928 F
504 898 611 931 astos
629 892 722 932 illos
741 893 916 933 Graecos
937 906 1038 945 quos
1056 907 1177 946 supra
1195 894 1384 934 laudatus
1403 895 1592 934 Dodwel-

112 947 176 986 lus
196 946 435 999 publicavit.

226 1058 327 1098 XLI.
388 1060 501 1099 Certe
524 1060 624 1099 alios
652 1061 700 1099 ab
730 1061 780 1100 iis
807 1061 987 1100 extitisse
1009 1062 1247 1101 Consulares
1268 1061 1426 1110 Fastos,
1457 1077 1478 1101 a
1499 1062 1587 1114 qui-
1606 1071 1660 1106 De
1683 1072 1810 1108 Fasto-

110 1116 187 1154 bus
214 1129 307 1155 suos
331 1114 493 1156 haurire
519 1121 694 1168 potuerit
724 1120 897 1170 scriptor
922 1118 1130 1169 chronici,
1160 1119 1342 1158 dubitare
1369 1133 1449 1158 non
1474 1119 1582 1158 licet
1597 1130 1668 1152 rum
1693 1121 1811 1153 condi-

111 1174 268 1211 Auctor
290 1180 347 1212 est
365 1173 467 1212 enim
485 1173 730 1226 Theophilus
754 1176 824 1214 lib.
845 1189 907 1215 111.
924 1176 972 1214 ad
999 1176 1240 1228 Autolycum
1257 1175 1303 1227 l)
1332 1177 1471 1214 Fastos
1490 1190 1588 1214 con·
1621 1165 1766 1200 t⁰s¹b⁰50

112 1230 317 1282 scripsisse
349 1229 626 1282 Chryserotem
653 1232 1018 1282 Nomenclatorem,
1058 1246 1105 1270 ac
1135 1233 1260 1271 Marci
1285 1233 1475 1271 Antonini
1499 1233 1589 1271 Veri

110 1286 368 1338 Imperatoris
387 1287 590 1336 libertum,
620 1301 721 1339 quos
743 1289 809 1327 ille
831 1289 879 1327 ab
906 1290 950 1327 U.
970 1290 1011 1327 C.
1035 1289 1085 1327 ad
1106 1289 1198 1328 Veri
1217 1289 1378 1342 patroni
1400 1291 1460 1328 sui
1483 1303 1590 1328 mor-

110 1349 191 1382 tem
227 1342 438 1395 perduxit,
476 1343 686 1396 descriptis
715 1346 941 1383 nominihus
975 1346 1214 1394 Consulum,
1258 1352 1296 1384 et
1323 1346 1437 1384 annis
1465 1347 1513 1386 U.
1545 1347 1587 1384 C.

109 1400 168 1437 Ita
187 1401 290 1438 enim
311 1399 521 1452 Theophili
544 1401 679 1439 locum
711 1402 868 1453 pridem
894 1402 1156 1440 emendarunt
1177 1402 1457 1450 casaubonus,
1490 1404 1587 1441 Sca-

109 1456 229 1506 liger,
261 1456 477 1505 meursius,
512 1457 709 1507 Petavius,
741 1464 815 1496 etc.
874 1458 951 1496 Sed
983 1465 1021 1496 et
1052 1472 1074 1496 a
1100 1458 1374 1511 compluribus
1398 1458 1485 1497 aliis
1506 1459 1588 1497 Fa-

110 1519 193 1551 stos
227 1513 465 1551 Consulares
494 1513 616 1552 fuisse
657 1514 909 1566 conscriptos
949 1515 1077 1566 palam
1114 1521 1185 1552 est.
1255 1515 1586 1567 Capitolinorum,

110 1582 283 1620 quorum
320 1575 524 1608 auctorem
554 1570 732 1609 Marcum
769 1571 972 1609 Valerium
1014 1571 1203 1609 Flaccum
1246 1585 1297 1610 ex
1320 1572 1511 1610 Suetonio
1545 1573 1588 1609 in

111 1625 387 1664 Grammaticis
421 1625 647 1664 illustribus
681 1629 867 1679 opinatur
893 1627 1134 1676 Panvinius,
1180 1628 1400 1678 fragmenta
1428 1628 1587 1680 pridem

110 1682 218 1720 edita
241 1683 283 1720 in
314 1682 499 1721 manibus
519 1683 694 1722 omnium
720 1690 940 1724 versantur.
1001 1684 1213 1723 Eusebium
1233 1684 1273 1722 in
1296 1683 1494 1723 Chronico
1512 1697 1586 1723 suo

109 1739 248 1778 seriem
280 1739 497 1777 Consulum
529 1740 785 1791 descripsisse
809 1747 872 1779 sat
894 1739 1036 1779 validis
1057 1743 1300 1792 argumentis
1323 1741 1470 1792 probat
1489 1742 1587 1779 Sca-

107 1792 290 1849 lige1·²):
319 1808 370 1833 ex
398 1809 479 1847 quo
509 1809 603 1834 suos
633 1797 733 1835 male
767 1797 938 1847 digestos
966 1798 1120 1836 fortean
1154 1798 1414 1849 exscripserit
1443 1803 1585 1835 auctor

110 1851 299 1890 Chronici
327 1853 435 1903 quod
457 1852 771 1891 Alexandrinum
801 1854 1062 1905 appellamus.
1123 1854 1234 1892 Hanc
1261 1854 1403 1893 seriem
1425 1854 1586 1892 Consu-

107 1909 192 1947 lum
223 1923 243 1945 a
277 1921 340 1956 se,
373 1915 418 1947 ut
443 1909 604 1960 opinor,
635 1916 862 1948 contextam
891 1909 1089 1948 Chronico
1114 1911 1267 1949 Graeco
1299 1910 1476 1963 ejusdem
1497 1911 1586 1948 Eu-

109 1965 210 2003 sebii
238 1964 406 2003 inseruit
435 1965 538 2003 idem
577 1967 752 2016 Scaliger
786 1979 912 2018 usque
949 1967 998 2005 ad
1032 1968 1292 2006 Consulatum
1336 1967 1585 2005 Constantini

110 2021 289 2060 Caesaris
310 2021 360 2063 V.
383 2029 420 2059 et
448 2021 596 2061 Basilii.
654 2023 800 2073 Integri
831 2037 881 2061 ex
912 2023 1124 2075 Anonymo
1151 2024 1230 2062 MS.
1261 2024 1313 2062 ad
1339 2023 1582 2062 Gotthorum
1608 2025 1640 2059 V
1662 2025 1709 2060 33

108 2084 288 2130 tempora
310 2091 384 2129 per
405 2078 663 2129 quadriennis
685 2080 822 2130 digesti
837 2080 1053 2118 laudantur
1075 2095 1152 2118 non
1179 2081 1296 2119 semel
1324 2095 1344 2118 a
1364 2079 1583 2131 Cuspinia—

109 2149 177 2175 no.
237 2134 437 2172 Ausonius
463 2148 589 2172 annos
617 2135 664 2173 ab
682 2136 726 2173 U.
749 2136 793 2176 C.
812 2136 1107 2188 consulumque
1135 2137 1274 2175 seriem
1299 2137 1347 2174 ad
1371 2149 1485 2175 suum
1505 2150 1583 2174 us-

111 2205 188 2242 que
218 2191 475 2229 Consulatum
506 2190 790 2243 descripserat,
826 2198 944 2243 atque
970 2199 1015 2231 ut
1040 2194 1224 2239 videtur,
1255 2206 1328 2244 per
1351 2194 1476 2231 lustra
1503 2193 1583 2231 Ju-

109 2248 213 2286 liana
246 2248 458 2299 digestam,
489 2260 608 2298 quam
641 2249 808 2286 eandem
836 2262 919 2287 esse
944 2250 1034 2287 vult
1052 2250 1228 2299 Scaliger
1249 2263 1369 2300 quam
1390 2249 1582 2287 Eusebius

112 2303 311 2342 Chronico
342 2317 415 2342 suo
447 2304 682 2343 inseruerat.
739 2307 909 2343 Senator
933 2319 1003 2343 seu
1019 2305 1278 2344 Cassiodorus
1296 2306 1434 2344 Fastos
1451 2320 1580 2357 usque

111 2361 162 2399 ad
187 2375 258 2399 sua
286 2368 466 2412 tempora
495 2361 647 2412 pariter
677 2361 887 2413 perduxit,
918 2375 1017 2413 quos
1040 2376 1060 2399 a
1088 2362 1200 2400 Livio
1221 2369 1260 2401 et
1279 2362 1437 2400 Aufidio
1457 2363 1580 2400 Basso

111 2419 256 2470 partim
278 2431 320 2455 se
337 2417 515 2455 hausisse
536 2418 603 2468 ait,
631 2419 776 2469 partim
798 2432 847 2456 ex
868 2417 1137 2468 Paschalibus,
1167 2417 1298 2471 (unde
1319 2425 1428 2470 patet
1445 2419 1582 2456 omni-

111 2487 165 2512 no
179 2474 220 2512 in
241 2473 450 2512 Paschales
470 2475 604 2513 illatos
626 2475 863 2513 Consulares
892 2475 1050 2523 Fastos,
1080 2476 1140 2513 uti
1159 2473 1429 2529 monuimus‚)
1459 2482 1581 2513 uter-

113 2545 192 2582 que
209 2531 400 2581 Prosper,
435 2531 582 2569 Marius
603 2532 899 2580 Aventicensis,
930 2531 1069 2569 Victor
1086 2532 1381 2581 Tunnunensis,
1412 2532 1580 2570 Marcel-

111 2587 236 2631 linus;
267 2594 472 2638 praeterea
499 2589 708 2637 Victorius,
739 2589 971 2640 Anonymus
993 2588 1041 2625 (le
1067 2589 1276 2627 Praefectis
1294 2589 1399 2635 urbi,
1430 2589 1580 2626 Auctor

113 2643 315 2682 Paschalis
330 2644 514 2683 laterculi
536 2659 557 2683 a
578 2646 833 2684 Constantino
855 2645 904 2683 ad
923 2643 1213 2694 Theodosium,
1245 2645 1395 2684 Auctor
1414 2644 1462 2683 de
1479 2646 1578 2682 Pon-

160 2831 174 2852 l
471 2844 478 2850 .

160 2832 202 2897 ²)
225 2833 378 2914 1I’i11N5iit.
405 2879 448 2913 ad
473 2878 601 2914 Chron.
625 2879 753 2914 Euseb.
775 2892 809 2926 p.
832 2882 866 2916 9.
890 2884 926 2914 et.
947 2882 1003 2916 99.
