1820 3276
233 206 339 256 892
809 204 1152 252 NOTAE

233 314 361 357 Fastis
390 315 595 356 omnibuse
623 314 696 368 qui
724 328 839 356 error
872 315 967 355 inde
997 315 1102 356 sorte
1133 320 1269 366 ortus,
1309 315 1420 368 quod
1447 327 1565 355 anno·
1581 329 1702 369 supe-

233 373 336 414 riori
367 373 686 412 Valentinianum
717 373 763 413 N.
787 373 830 412 1³.
858 386 949 411 cum
981 379 1126 425 patruo
1156 372 1384 411 confuderit
1406 371 1558 411 Auctor
1576 372 1703 412 Chro-

232 430 326 469 nici.
383 430 512 481 Atque
539 429 596 468 ita
627 428 899 468 emendandus
925 429 1077 481 pariter
1095 429 1335 468 Consulatus
1356 429 1623 468 Valentiniani
1642 442 1700 468 ιν.

164 487 171 497 “
234 485 303 539 qui
335 492 560 537 postremus
589 486 699 524 illius
729 486 817 525 suit.
874 486 974 525 Nam
1003 485 1113 538 quod
1141 499 1328 524 nummus
1356 485 1427 524 ille
1455 499 1603 524 aureus
1622 485 1704 524 Va-

215 541 460 592 lentiniani,
492 556 610 594 quem
640 556 691 581 ex
720 542 892 582 Archeio
932 543 1053 594 Regio
1090 542 1196 581 inter
1225 542 1490 581 Valentiniani
1515 541 1703 581 ,Senioris

231 599 476 638 Nomismata
506 599 550 637 in
578 599 754 639 Familiis
783 599 1013 652 Byzantinis
1043 598 1248 649 dedimus,
1290 598 1405 650 cujus
1438 612 1578 637 aversa
1605 610 1703 650 pare

233 657 325 697 Cos.
355 669 458 695 xv11.
496 656 695 708 praefert,
725 670 807 695 non
834 655 1034 704 Senioris,
1058 656 1128 695 sed
1158 661 1218 695 est
1243 654 1511 695 Valentiniani
1541 669 1601 693 111.
1631 655 1702 706 qui

232 726 325 751 cum
355 711 582 752 Theodosio
610 712 700 752 Jun.
727 713 964 765 imperavit·
995 712 1109 766 cujus
1138 725 1234 765 pars
1262 725 1400 751 aversa
1421 724 1473 750 ex
1489 710 1703 750 Theodosii

232 768 393 821 typario
414 775 584 822 excepta
602 776 680 821 est3
710 769 822 822 quod
854 783 935 809 non
968 770 1088 808 semel
1119 768 1348 807 accidisse
1335 782 1378 807 ιιι
1409 769 1703 821 imperatorum

232 826 402 865 monetis
430 832 580 865 norunt
608 800 680 878 qui
706 826 851 866 huicce
879 826 1114 879 disciplinae
1143 839 1214 864 sua
1246 826 1378 864 studia
1408 825 1616 865 addixere.
1695 847 1699 852 -
1739 867 1742 870 ,

351 885 444 933 Pag
473 883 664 926 559.19.
727 881 780 925 Τὰ
805 879 861 936 ε’.]
897 883 988 934 Leg.
1018 880 1063 924 τὸ
1092 878 1141 924 δ’.
1170 888 1217 921 ut
1245 882 1286 920 in
1315 882 1442 921 Fastis
1475 881 1673 920 omnibus.

351 942 446 990 Pag·
474 940 570 982 560
602 942 641 981 1.
699 939 922 992 Αἰκυτίου]
953 939 1035 988 Qui
1058 940 1249 987 Εκυΐτιος
1276 938 1435 978 Socrati
1464 944 1503 977 et
1524 938 1703 978 Zosimo:

231 994 432 1047 Equitius,
457 995 729 1048 Hieronymo,
757 996 890 1035 Idatio
922 1010 974 1037 ex
1002 995 1100 1035 Cod.
1120 995 1200 1035 MS.
1231 995 1437 1046 Victoria,
1469 1000 1509 1034 et
1537 994 1581 1034 in
1602 995 1704 1035 Cod.

232 1051 386 1091 Theod.
416 1059 685 1104 nuncupatur.

346 1108 443 1160 Pag
473 1112 569 1152 560.
598 1113 638 1152 2.
697 1110 924 1173 Γρατιανου
940 1105 985 1149 va
1009 1105 1044 1149 δ’
1046 1111 1072 1156 .]
1103 1107 1163 1146 Ita
1190 1107 1259 1146 hic
1287 1121 1415 1147 annus
1445 1107 1706 1173 consignatur

77 1162 110 1197 V
140 1163 212 1203 49⁷
235 1165 345 1217 apud
372 1166 632 1218 Prosperum·
670 1171 711 1204 at
739 1165 856 1204 aliter
883 1164 926 1203 in
953 1171 1033 1204 vet.
1065 1164 1573 1216 Inscript.mv111.8.in
1604 1164 1705 1209 eod.

233 1221 496 1263 Theod.1n
525 1220 710 1260 Paschali
746 1227 904 1260 centum
935 1234 1131 1260 annorum
1160 1219 1372 1271 Eucherii,
1415 1226 1455 1260 et
1493 1221 1536 1260 in
1571 1221 1704 1262 Fastis

233 1278 375 1325 matii,
408 1280 493 1318 Post
517 1278 635 1318 Conss.
658 1279 835 1317 Gratiani
851 1278 898 1316 A.
923 1292 986 1315 111.
1011 1282 1045 1316 et
1063 1277 1241 1328 Equitii.

346 1334 444 1386 Pag.
476 1335 572 1378 560.
612 1335 651 1378 5.
711 1330 1024 1387 Ου’ϊνὸαννίου]
1082 1334 1332 1373 Vindalonium
1363 1333 1547 1383 Magnum
1583 1340 1706 1374 vocat

230 1391 312 1430 hoc
338 1391 433 1430 loco
461 1390 624 1430 Idatius.
681 1390 784 1431 Vide
809 1396 988 1430 nostram
1019 1390 1367 1443 Constantinopol.
1399 1389 1547 1432 Christ.
1579 1391 1649 1431 lib.
1670 1405 1704 1430 ι.

233 1454 331 1489 sect.
356 1460 489 1488 xxvn.
518 1461 557 1486 n.
579 1460 670 1488 vm.

346 1504 444 1555 Pag.
475 1505 572 1546 560.
600 1508 640 1547 7.
702 1499 790 1557 Πρὸ
819 1498 848 1544 a'
869 1502 983 1554 KoeL]
1024 1501 1196 1552 idatius,
1225 1516 1265 1542 x.
1296 1502 1384 1542 Kal.
1412 1503 1592 1543 Decembr.
1648 1504 1707 1543 Et

233 1562 374 1600 levatus
397 1565 449 1600 est
477 1561 748 1600 Valentinianus
765 1561 892 1600 Iunior
912 1561 1011 1610 Aug.
1022 1560 1132 1612 filius
1148 1561 1245 1610 Aug.
1273 1560 1514 1599 Valentiniani
1532 1562 1579 1600 ab
1601 1574 1714 1600 exer-v

234 1621 311 1657 citu
341 1620 380 1656 in
422 1618 614 1656 Tribunali
648 1618 706 1657 die
741 1630 783 1655 x.
815 1617 902 1656 Kal.
934 1617 1111 1656 Decembr.
1146 1619 1185 1655 in
1222 1619 1370 1655 civitate
1412 1617 1554 1656 Arinco.
1613 1618 1705 1669 Leg.

231 1675 393 1723 Acinco,
430 1688 503 1713 seu
545 1673 679 1726 potius
717 1674 932 1723 Acumiaco,
978 1673 1046 1712 vel
1084 1672 1312 1720 Aciminco,
1351 1672 1451 1712 urbe
1482 1673 1709 1715 Pannoniae

233 1731 411 1783 primae,
444 1737 492 1769 ut
522 1736 582 1769 est
608 1730 652 1769 in
685 1730 832 1769 Notitia
861 1729 1036 1781 Imperii.
1075 1729 1178 1769 Vide
1207 1727 1464 1769 sirmondum
1492 1730 1544 1770 ad
1566 1730 1705 1772 Sidon.

234 1788 276 1827 in
305 1788 551 1840 Panegyrico
579 1787 789 1855 Maioriani
819 1790 982 1829 v.107.

352 1846 445 1895 Pag.
477 1843 572 1885 560.
604 1847 644 1886 9.
704 1839 1046 1885 Ουαλεντινιανοῦ
1073 1844 1148 1883 τοῦ
1170 1842 1398 1897 Καίσαρος]
1428 1842 1604 1894 matius,
1636 1844 1708 1884 Va-

233 1902 430 1939 lentiniano
454 1900 597 1939 Juniore
624 1900 800 1950 Augusto.
862 1899 1093 1939 Laterculus
1130 1898 1332 1942 Paschalis
1370 1906 1529 1938 centum
1565 1914 1706 1941 annor.

245 1957 488 1997 Valentiniano
512 1957 662 1995 Caesare
678 1957 764 1996 Iun.
799 1955 898 1995 Cod.
916 1955 1066 1995 sheod.
1103 1956 1243 1995 Valente
1253 1969 1291 1998 v.
1307 1960 1342 1995 et
1366 1956 1612 1996 Valentiniano
1627 1959 1706 1997 ΛΔ.

353 2015 446 2063 Pag.
476 2013 572 2056 560.
613 2016 677 2055 11.
741 2009 794 2054 Τὸ
829 2009 888 2066 ε’.]
949 2026 1004 2053 1v.
1039 2011 1220 2061 Idatius,
1261 2013 1485 2063 victorius,
1517 2020 1567 2054 ct
1605 2014 1706 2055 Cod-

234 2068 436 2109 Theodos.

353 2129 447 2177 Pag.
477 2126 572 2169 560.
605 2127 669 2167 12.
733 2121 787 2166 Τὸ
818 2120 884 2176 ζ’.]
914 2139 970 2166 vt.
999 2124 1122 2163 iidem
1161 2124 1265 2164 Idat.
1299 2125 1505 2165 Victorius
1536 2132 1580 2166 et
1608 2127 1706 2168 eod.

231 2181 390 2222 Theod.
448 2182 508 2221 Ita
544 2181 664 2220 etiam
692 2181 962 2234 Hieronymus
999 2182 1042 2220 in
1083 2181 1208 2233 Epist.
1246 2182 1420 2234 praefixa
1455 2183 1707 2224 translationi

238 2237 433 2277 Chronici
464 2237 700 2288 Eusebiani,
727 2237 804 2277 hac
833 2238 1030 2286 formula,
1069 2238 1211 2277 Valente
1238 2241 1371 2289 sexies,
1400 2243 1433 2279 et
1463 2239 1709 2280 Valentiniano

237 2298 376 2334 iterum.
434 2294 487 2333 At
517 2295 559 2333 in
586 2295 798 2342 Laterculo
830 2294 1014 2334 Paschali
1052 2293 1121 2333 hic
1149 2295 1388 2335 Consulatus
1417 2295 1476 2335 sic
1502 2295 1708 2337 describi-

238 2358 331 2401 tur,
350 2387 355 2391 .
376 2356 424 2389 ut
451 2357 512 2388 est
548 2350 656 2402 apud
693 2352 944 2391 senatorem:
986 2352 1072 2392 Post
1106 2351 1333 2391 Consulatum
1364 2353 1542 2392 Gratiani
1574 2369 1635 2394 111.
1671 2358 1706 2394 et

240 2406 486 2450 Merobaudis.
546 2406 732 2460 Quippe,
774 2415 819 2447 ut
857 2414 918 2456 est
955 2408 1062 2460 apud
1102 2407 1390 2461 Hieronymum
1419 2409 1461 2448 in
1490 2408 1706 2462 Chronico,

240 2465 328 2516 quia
354 2465 532 2515 superiore
549 2477 652 2513 ,anno
683 2464 877 2504 Sarmatae
898 2465 1106 2504 Pannonias
1134 2469 1384 2513 vastaverant,
1412 2466 1519 2504 iidem
1539 2466 1706 2506 Consules

89 2522 119 2554 P
142 2520 212 2557 568
239 2533 472 2573 permansere.
531 2519 588 2557 De
637 2521 858 2559 Sarmatico
907 2528 1037 2560 autem
1085 2521 1194 2560 bello
1244 2521 1477 2560 consulendi
1522 2523 1706 2565 Socrates

237 2576 308 2615 lib.
337 2589 394 2617 xv.
423 2589 508 2628 cap.
539 2588 657 2617 κιαι.
715 2578 959 2616 Sozomenus
987 2577 1057 2617 lib.
1087 2592 1141 2617 v1.
1170 2591 1259 2630 cap.
1287 2591 1431 2618 xxxvl.
1488 2578 1707 2633 Theopha-

240 2646 335 2683 nes,
365 2638 440 2672 etc.

354 2688 575 2740 Pag.560.
607 2687 673 2731 15.
732 2683 870 2742 Νόσῳ]
904 2688 1038 2727 Subita
1064 2691 1254 2738 sanguinis
1276 2692 1466 2740 eruptwne,
1498 2693 1593 2743 quod
1609 2694 1707 2746 Apo-

236 2747 363 2798 plexia
389 2749 555 2794 vocatur,
582 2742 717 2795 inquit
744 2744 905 2785 Hieron.
947 2745 1048 2784 Vide
1080 2745 1271 2783 Ammian.
1302 2752 1340 2784 et
1370 2746 1484 2786 alios.

333 2802 450 2868 pag.
479 2802 576 2844 560.
607 2804 674 2844 16.
731 2800 994 2855 Βεργιτινῶν]
1034 2802 1195 2841 Rectius
1231 2802 1355 2841 editio
1392 2804 1581 2855 Scaligeri
1609 2809 1707 2858 Βερ-

240 2860 413 2917 γιτιῶνι·
450 2871 543 2898 nam
589 2858 740 2909 Vergitio
775 2858 983 2898 castellum
1019 2858 1129 2898 istud
1161 2858 1309 2899 dicitur
1338 2859 1487 2901 ldatio:
1526 2861 1708 2914 Bregetio,
