<?xml version="1.0" encoding="UTF-8"?>
<!DOCTYPE html PUBLIC "-//W3C//DTD XHTML 1.0 Transitional//EN"
    "http://www.w3.org/TR/xhtml1/DTD/xhtml1-transitional.dtd">
<html xmlns="http://www.w3.org/1999/xhtml" xml:lang="en" lang="en">
 <head>
  <title>
</title>
<meta http-equiv="Content-Type" content="text/html;charset=utf-8" />
  <meta name='ocr-system' content='tesseract 3.04.00' />
  <meta name='ocr-capabilities' content='ocr_page ocr_carea ocr_par ocr_line ocrx_word'/>
</head>
<body>
  <div class='ocr_page' id='page_1' title='image "./corpusscriptorum05niebuoft_0056.png"; bbox 0 0 1884 3262; ppageno 0'>
   <div class='ocr_carea' id='block_1_1' title="bbox 340 193 1296 247">
    <p class='ocr_par' dir='ltr' id='par_1_1' title="bbox 340 193 1296 247">
     <span class='ocr_line' id='line_1_1' title="bbox 340 193 1296 247; baseline -0.001 -10"><span class='ocrx_word' id='word_1_1' title='bbox 340 199 403 247; x_wconf 82' lang='grc'><strong>46</strong></span> <span class='ocrx_word' id='word_1_2' title='bbox 893 193 1296 237; x_wconf 85' lang='lat' dir='ltr'><strong>PRAEFATIO.</strong></span> 
     </span>
    </p>
   </div>
   <div class='ocr_carea' id='block_1_2' title="bbox 332 307 1884 1934">
    <p class='ocr_par' dir='ltr' id='par_1_2' title="bbox 332 307 1884 1934">
     <span class='ocr_line' id='line_1_2' title="bbox 339 307 1795 361; baseline 0 -13"><span class='ocrx_word' id='word_1_3' title='bbox 339 311 506 348; x_wconf 73' lang='lat' dir='ltr'><strong>,loannes</strong></span> <span class='ocrx_word' id='word_1_4' title='bbox 531 309 797 358; x_wconf 82' lang='lat' dir='ltr'>Noviomagus</span> <span class='ocrx_word' id='word_1_5' title='bbox 824 307 868 346; x_wconf 89' lang='lat' dir='ltr'><strong>in</strong></span> <span class='ocrx_word' id='word_1_6' title='bbox 895 308 1089 347; x_wconf 86' lang='lat' dir='ltr'><strong>laterculo</strong></span> <span class='ocrx_word' id='word_1_7' title='bbox 1117 308 1334 347; x_wconf 84' lang='lat' dir='ltr'><strong>eorundem</strong></span> <span class='ocrx_word' id='word_1_8' title='bbox 1363 309 1566 359; x_wconf 85' lang='lat' dir='ltr'><strong>cyclorum</strong></span> <span class='ocrx_word' id='word_1_9' title='bbox 1593 315 1686 361; x_wconf 88' lang='lat' dir='ltr'><strong>post</strong></span> <span class='ocrx_word' id='word_1_10' title='bbox 1715 309 1795 348; x_wconf 86' lang='lat' dir='ltr'><strong>Be-</strong></span> 
     </span>
     <span class='ocr_line' id='line_1_3' title="bbox 341 364 1794 416; baseline -0.001 -11"><span class='ocrx_word' id='word_1_11' title='bbox 341 368 433 405; x_wconf 81' lang='lat' dir='ltr'><strong>dam</strong></span> <span class='ocrx_word' id='word_1_12' title='bbox 457 367 505 404; x_wconf 91' lang='lat' dir='ltr'><strong>de</strong></span> <span class='ocrx_word' id='word_1_13' title='bbox 530 367 682 403; x_wconf 83' lang='lat' dir='ltr'><strong>Natura</strong></span> <span class='ocrx_word' id='word_1_14' title='bbox 707 378 853 403; x_wconf 84' lang='lat' dir='ltr'><strong>rerum.</strong></span> <span class='ocrx_word' id='word_1_15' title='bbox 909 365 968 402; x_wconf 88' lang='lat' dir='ltr'><strong>lta</strong></span> <span class='ocrx_word' id='word_1_16' title='bbox 999 364 1261 416; x_wconf 84' lang='lat' dir='ltr'><strong>Hieronymus</strong></span> <span class='ocrx_word' id='word_1_17' title='bbox 1286 367 1329 402; x_wconf 90' lang='lat' dir='ltr'><strong>in</strong></span> <span class='ocrx_word' id='word_1_18' title='bbox 1352 364 1548 404; x_wconf 86' lang='lat' dir='ltr'><strong>Chronico</strong></span> <span class='ocrx_word' id='word_1_19' title='bbox 1570 366 1794 404; x_wconf 84' lang='lat' dir='ltr'><strong>Eusebiano</strong></span> 
     </span>
     <span class='ocr_line' id='line_1_4' title="bbox 333 420 1795 472; baseline -0.001 -12"><span class='ocrx_word' id='word_1_20' title='bbox 333 423 523 461; x_wconf 86' lang='lat' dir='ltr'><strong>Consules</strong></span> <span class='ocrx_word' id='word_1_21' title='bbox 546 421 748 471; x_wconf 83' lang='lat' dir='ltr'><strong>digessisse</strong></span> <span class='ocrx_word' id='word_1_22' title='bbox 767 435 840 471; x_wconf 90' lang='lat' dir='ltr'><strong>per</strong></span> <span class='ocrx_word' id='word_1_23' title='bbox 861 420 984 459; x_wconf 89' lang='lat' dir='ltr'><strong>lustra</strong></span> <span class='ocrx_word' id='word_1_24' title='bbox 1002 421 1164 470; x_wconf 87' lang='lat' dir='ltr'><strong>Juliana,</strong></span> <span class='ocrx_word' id='word_1_25' title='bbox 1197 420 1478 472; x_wconf 83' lang='lat' dir='ltr'><strong>Olympiadum</strong></span> <span class='ocrx_word' id='word_1_26' title='bbox 1499 421 1656 460; x_wconf 86' lang='lat' dir='ltr'><strong>nomine</strong></span> <span class='ocrx_word' id='word_1_27' title='bbox 1676 422 1795 460; x_wconf 80' lang='lat' dir='ltr'><strong>etiam</strong></span> 
     </span>
     <span class='ocr_line' id='line_1_5' title="bbox 340 477 1796 528; baseline -0.002 -11"><span class='ocrx_word' id='word_1_28' title='bbox 340 480 502 527; x_wconf 83' lang='lat' dir='ltr'><strong>donata,</strong></span> <span class='ocrx_word' id='word_1_29' title='bbox 532 477 653 528; x_wconf 84' lang='lat' dir='ltr'><strong>idque</strong></span> <span class='ocrx_word' id='word_1_30' title='bbox 674 477 721 514; x_wconf 88' lang='lat' dir='ltr'><strong>ab</strong></span> <span class='ocrx_word' id='word_1_31' title='bbox 747 477 919 515; x_wconf 84' lang='lat' dir='ltr'><strong>Africani</strong></span> <span class='ocrx_word' id='word_1_32' title='bbox 947 478 1193 528; x_wconf 81' lang='lat' dir='ltr'><strong>temporibus</strong></span> <span class='ocrx_word' id='word_1_33' title='bbox 1224 478 1461 525; x_wconf 81' lang='lat' dir='ltr'><strong>obtinuisse,</strong></span> <span class='ocrx_word' id='word_1_34' title='bbox 1492 477 1676 516; x_wconf 84' lang='lat' dir='ltr'><strong>observat</strong></span> <span class='ocrx_word' id='word_1_35' title='bbox 1702 479 1796 514; x_wconf 88' lang='lat' dir='ltr'><strong>Sca-</strong></span> 
     </span>
     <span class='ocr_line' id='line_1_6' title="bbox 338 534 1795 585; baseline -0.001 -13"><span class='ocrx_word' id='word_1_36' title='bbox 338 536 437 585; x_wconf 82' lang='lat' dir='ltr'>liger</span> <span class='ocrx_word' id='word_1_37' title='bbox 456 534 522 583; x_wconf 88' lang='lat' dir='ltr'><strong>l),</strong></span> <span class='ocrx_word' id='word_1_38' title='bbox 553 534 622 584; x_wconf 91' lang='lat' dir='ltr'><strong>qui</strong></span> <span class='ocrx_word' id='word_1_39' title='bbox 649 539 757 571; x_wconf 87' lang='lat' dir='ltr'><strong>recte</strong></span> <span class='ocrx_word' id='word_1_40' title='bbox 789 539 922 571; x_wconf 86' lang='lat' dir='ltr'><strong>monet</strong></span> <span class='ocrx_word' id='word_1_41' title='bbox 946 534 1143 571; x_wconf 85' lang='lat' dir='ltr'><strong>studiosos</strong></span> <span class='ocrx_word' id='word_1_42' title='bbox 1165 547 1303 572; x_wconf 89' lang='lat' dir='ltr'><strong>cavere</strong></span> <span class='ocrx_word' id='word_1_43' title='bbox 1329 534 1493 583; x_wconf 86' lang='lat' dir='ltr'><strong>debere,</strong></span> <span class='ocrx_word' id='word_1_44' title='bbox 1523 547 1572 571; x_wconf 87' lang='lat' dir='ltr'><strong>ne</strong></span> <span class='ocrx_word' id='word_1_45' title='bbox 1592 534 1795 584; x_wconf 85' lang='lat' dir='ltr'><strong>Olympia-</strong></span> 
     </span>
     <span class='ocr_line' id='line_1_7' title="bbox 339 588 1794 641; baseline -0.002 -12"><span class='ocrx_word' id='word_1_46' title='bbox 339 592 428 629; x_wconf 85' lang='lat' dir='ltr'><strong>dem</strong></span> <span class='ocrx_word' id='word_1_47' title='bbox 461 591 655 628; x_wconf 87' lang='lat' dir='ltr'><strong>Julianam</strong></span> <span class='ocrx_word' id='word_1_48' title='bbox 683 603 771 627; x_wconf 91' lang='lat' dir='ltr'><strong>cum</strong></span> <span class='ocrx_word' id='word_1_49' title='bbox 798 588 950 641; x_wconf 87' lang='lat' dir='ltr'><strong>Iphitea</strong></span> <span class='ocrx_word' id='word_1_50' title='bbox 969 590 1212 628; x_wconf 81' lang='lat' dir='ltr'>confundant</span> <span class='ocrx_word' id='word_1_51' title='bbox 1234 590 1340 641; x_wconf 88' lang='lat' dir='ltr'><strong>apud</strong></span> <span class='ocrx_word' id='word_1_52' title='bbox 1368 590 1535 629; x_wconf 86' lang='lat' dir='ltr'><strong>eundem</strong></span> <span class='ocrx_word' id='word_1_53' title='bbox 1552 590 1794 637; x_wconf 79' lang='lat' dir='ltr'><strong>Africanum,</strong></span> 
     </span>
     <span class='ocr_line' id='line_1_8' title="bbox 337 644 1795 697; baseline -0.001 -12"><span class='ocrx_word' id='word_1_54' title='bbox 337 647 578 696; x_wconf 80' lang='lat' dir='ltr'><strong>Ausonium,</strong></span> <span class='ocrx_word' id='word_1_55' title='bbox 619 647 843 695; x_wconf 83' lang='lat' dir='ltr'><strong>Socratem,</strong></span> <span class='ocrx_word' id='word_1_56' title='bbox 882 651 920 683; x_wconf 89' lang='lat' dir='ltr'><strong>et</strong></span> <span class='ocrx_word' id='word_1_57' title='bbox 949 647 1065 694; x_wconf 89' lang='lat' dir='ltr'><strong>alios,</strong></span> <span class='ocrx_word' id='word_1_58' title='bbox 1102 647 1146 684; x_wconf 87' lang='lat' dir='ltr'><strong>in</strong></span> <span class='ocrx_word' id='word_1_59' title='bbox 1178 647 1323 697; x_wconf 89' lang='lat' dir='ltr'><strong>quibus</strong></span> <span class='ocrx_word' id='word_1_60' title='bbox 1350 654 1408 686; x_wconf 88' lang='lat' dir='ltr'><strong>est</strong></span> <span class='ocrx_word' id='word_1_61' title='bbox 1441 652 1582 684; x_wconf 79' lang='lat' dir='ltr'><strong>auctor</strong></span> <span class='ocrx_word' id='word_1_62' title='bbox 1608 644 1795 684; x_wconf 85' lang='lat' dir='ltr'><strong>Chronici</strong></span> 
     </span>
     <span class='ocr_line' id='line_1_9' title="bbox 337 701 1795 755; baseline -0.002 -14"><span class='ocrx_word' id='word_1_63' title='bbox 337 702 560 750; x_wconf 84' lang='lat' dir='ltr'><strong>Paschalis,</strong></span> <span class='ocrx_word' id='word_1_64' title='bbox 592 717 613 740; x_wconf 92' lang='lat' dir='ltr'><strong>a</strong></span> <span class='ocrx_word' id='word_1_65' title='bbox 634 716 713 753; x_wconf 87' lang='lat' dir='ltr'><strong>quo</strong></span> <span class='ocrx_word' id='word_1_66' title='bbox 734 702 919 740; x_wconf 83' lang='lat' dir='ltr'><strong>Consules</strong></span> <span class='ocrx_word' id='word_1_67' title='bbox 948 703 1101 754; x_wconf 87' lang='lat' dir='ltr'><strong>pariter</strong></span> <span class='ocrx_word' id='word_1_68' title='bbox 1120 703 1354 753; x_wconf 82' lang='lat' dir='ltr'><strong>digeruntur</strong></span> <span class='ocrx_word' id='word_1_69' title='bbox 1380 717 1454 755; x_wconf 89' lang='lat' dir='ltr'><strong>per</strong></span> <span class='ocrx_word' id='word_1_70' title='bbox 1480 702 1608 740; x_wconf 85' lang='lat' dir='ltr'><strong>lustra</strong></span> <span class='ocrx_word' id='word_1_71' title='bbox 1626 701 1795 748; x_wconf 80' lang='lat' dir='ltr'><strong>Juliana,</strong></span> 
     </span>
     <span class='ocr_line' id='line_1_10' title="bbox 339 757 1795 810; baseline -0.001 -13"><span class='ocrx_word' id='word_1_72' title='bbox 339 773 439 810; x_wconf 88' lang='lat' dir='ltr'><strong>quae</strong></span> <span class='ocrx_word' id='word_1_73' title='bbox 469 758 749 810; x_wconf 86' lang='lat' dir='ltr'><strong>Olympiadum</strong></span> <span class='ocrx_word' id='word_1_74' title='bbox 783 758 943 797; x_wconf 87' lang='lat' dir='ltr'><strong>nomine</strong></span> <span class='ocrx_word' id='word_1_75' title='bbox 974 758 1022 796; x_wconf 89' lang='lat' dir='ltr'><strong>ab</strong></span> <span class='ocrx_word' id='word_1_76' title='bbox 1052 772 1099 796; x_wconf 92' lang='lat' dir='ltr'><strong>eo</strong></span> <span class='ocrx_word' id='word_1_77' title='bbox 1131 759 1248 797; x_wconf 86' lang='lat' dir='ltr'><strong>etiam</strong></span> <span class='ocrx_word' id='word_1_78' title='bbox 1276 759 1496 808; x_wconf 88' lang='lat' dir='ltr'><strong>donantur,</strong></span> <span class='ocrx_word' id='word_1_79' title='bbox 1526 765 1565 796; x_wconf 90' lang='lat' dir='ltr'><strong>et</strong></span> <span class='ocrx_word' id='word_1_80' title='bbox 1588 757 1737 796; x_wconf 83' lang='lat' dir='ltr'><strong>[datius</strong></span> <span class='ocrx_word' id='word_1_81' title='bbox 1753 757 1795 795; x_wconf 90' lang='lat' dir='ltr'><strong>in</strong></span> 
     </span>
     <span class='ocr_line' id='line_1_11' title="bbox 338 812 1796 866; baseline -0.001 -14"><span class='ocrx_word' id='word_1_82' title='bbox 338 815 537 853; x_wconf 89' lang='lat' dir='ltr'><strong>Chronico</strong></span> <span class='ocrx_word' id='word_1_83' title='bbox 561 830 581 852; x_wconf 90' lang='lat' dir='ltr'><strong>a</strong></span> <span class='ocrx_word' id='word_1_84' title='bbox 600 814 809 853; x_wconf 82' lang='lat' dir='ltr'><strong>sirmondo</strong></span> <span class='ocrx_word' id='word_1_85' title='bbox 830 814 948 852; x_wconf 87' lang='lat' dir='ltr'><strong>edito.</strong></span> <span class='ocrx_word' id='word_1_86' title='bbox 1007 814 1129 853; x_wconf 86' lang='lat' dir='ltr'>Verbi</span> <span class='ocrx_word' id='word_1_87' title='bbox 1157 817 1262 853; x_wconf 88' lang='lat' dir='ltr'><strong>enim</strong></span> <span class='ocrx_word' id='word_1_88' title='bbox 1279 816 1403 866; x_wconf 86' lang='lat' dir='ltr'><strong>gratia</strong></span> <span class='ocrx_word' id='word_1_89' title='bbox 1431 815 1537 852; x_wconf 88' lang='lat' dir='ltr'><strong>idem</strong></span> <span class='ocrx_word' id='word_1_90' title='bbox 1562 814 1715 852; x_wconf 77' lang='lat' dir='ltr'><strong>Idatius</strong></span> <span class='ocrx_word' id='word_1_91' title='bbox 1739 812 1796 851; x_wconf 81' lang='lat' dir='ltr'><strong>ait</strong></span> 
     </span>
     <span class='ocr_line' id='line_1_12' title="bbox 336 871 1794 923; baseline -0.001 -14"><span class='ocrx_word' id='word_1_92' title='bbox 336 871 606 910; x_wconf 86' lang='lat' dir='ltr'><strong>Theodosium</strong></span> <span class='ocrx_word' id='word_1_93' title='bbox 623 872 842 922; x_wconf 87' lang='lat' dir='ltr'><strong>ingressum</strong></span> <span class='ocrx_word' id='word_1_94' title='bbox 859 871 1243 922; x_wconf 80' lang='lat' dir='ltr'><strong>Constantinopolim</strong></span> <span class='ocrx_word' id='word_1_95' title='bbox 1262 872 1301 909; x_wconf 93' lang='lat' dir='ltr'><strong>in</strong></span> <span class='ocrx_word' id='word_1_96' title='bbox 1322 871 1452 923; x_wconf 88' lang='lat' dir='ltr'><strong>primo</strong></span> <span class='ocrx_word' id='word_1_97' title='bbox 1472 871 1687 909; x_wconf 81' lang='lat' dir='ltr'><strong>Consulatu</strong></span> <span class='ocrx_word' id='word_1_98' title='bbox 1706 883 1794 919; x_wconf 88' lang='lat' dir='ltr'><strong>suo,</strong></span> 
     </span>
     <span class='ocr_line' id='line_1_13' title="bbox 338 926 1796 980; baseline -0.002 -14"><span class='ocrx_word' id='word_1_99' title='bbox 338 942 455 979; x_wconf 90' lang='lat' dir='ltr'><strong>quem</strong></span> <span class='ocrx_word' id='word_1_100' title='bbox 481 941 569 966; x_wconf 87' lang='lat' dir='ltr'><strong>cum</strong></span> <span class='ocrx_word' id='word_1_101' title='bbox 592 928 782 966; x_wconf 82' lang='lat' dir='ltr'><strong>Gratiano</strong></span> <span class='ocrx_word' id='word_1_102' title='bbox 812 927 950 977; x_wconf 88' lang='lat' dir='ltr'><strong>agebat</strong></span> <span class='ocrx_word' id='word_1_103' title='bbox 980 929 1174 977; x_wconf 85' lang='lat' dir='ltr'><strong>Augusto,</strong></span> <span class='ocrx_word' id='word_1_104' title='bbox 1207 927 1444 980; x_wconf 84' lang='lat' dir='ltr'><strong>Olympiade</strong></span> <span class='ocrx_word' id='word_1_105' title='bbox 1474 940 1585 967; x_wconf 82' lang='lat' dir='ltr'><strong>ccxc.</strong></span> <span class='ocrx_word' id='word_1_106' title='bbox 1615 926 1686 977; x_wconf 90' lang='lat' dir='ltr'><strong>qui</strong></span> <span class='ocrx_word' id='word_1_107' title='bbox 1710 932 1796 964; x_wconf 86' lang='lat' dir='ltr'><strong>erat</strong></span> 
     </span>
     <span class='ocr_line' id='line_1_14' title="bbox 337 981 1796 1035; baseline -0.002 -13"><span class='ocrx_word' id='word_1_108' title='bbox 337 998 463 1022; x_wconf 87' lang='lat' dir='ltr'><strong>annus</strong></span> <span class='ocrx_word' id='word_1_109' title='bbox 498 983 744 1035; x_wconf 87' lang='lat' dir='ltr'><strong>Olympiadis</strong></span> <span class='ocrx_word' id='word_1_110' title='bbox 769 997 840 1022; x_wconf 89' lang='lat' dir='ltr'><strong>seu</strong></span> <span class='ocrx_word' id='word_1_111' title='bbox 865 983 980 1021; x_wconf 86' lang='lat' dir='ltr'><strong>lustri</strong></span> <span class='ocrx_word' id='word_1_112' title='bbox 1005 983 1149 1021; x_wconf 90' lang='lat' dir='ltr'><strong>Juliani</strong></span> <span class='ocrx_word' id='word_1_113' title='bbox 1178 987 1351 1035; x_wconf 86' lang='lat' dir='ltr'><strong>primus,</strong></span> <span class='ocrx_word' id='word_1_114' title='bbox 1384 990 1550 1035; x_wconf 88' lang='lat' dir='ltr'><strong>quartus</strong></span> <span class='ocrx_word' id='word_1_115' title='bbox 1573 995 1668 1021; x_wconf 89' lang='lat' dir='ltr'><strong>vero</strong></span> <span class='ocrx_word' id='word_1_116' title='bbox 1688 981 1796 1033; x_wconf 85' lang='lat' dir='ltr'><strong>Iphi-</strong></span> 
     </span>
     <span class='ocr_line' id='line_1_15' title="bbox 336 1038 1796 1092; baseline -0.003 -13"><span class='ocrx_word' id='word_1_117' title='bbox 336 1047 422 1079; x_wconf 82' lang='lat' dir='ltr'><strong>teae</strong></span> <span class='ocrx_word' id='word_1_118' title='bbox 447 1054 664 1080; x_wconf 68' lang='lat' dir='ltr'><strong>ccrxxxlx.</strong></span> <span class='ocrx_word' id='word_1_119' title='bbox 723 1040 842 1092; x_wconf 76' lang='lat' dir='ltr'><strong>Apud</strong></span> <span class='ocrx_word' id='word_1_120' title='bbox 863 1040 1030 1078; x_wconf 88' lang='lat' dir='ltr'><strong>eundem</strong></span> <span class='ocrx_word' id='word_1_121' title='bbox 1055 1041 1310 1092; x_wconf 83' lang='lat' dir='ltr'><strong>scriptorem,</strong></span> <span class='ocrx_word' id='word_1_122' title='bbox 1340 1040 1586 1079; x_wconf 83' lang='lat' dir='ltr'><strong>Theodosius</strong></span> <span class='ocrx_word' id='word_1_123' title='bbox 1601 1038 1796 1077; x_wconf 83' lang='lat' dir='ltr'><strong>invaletu-</strong></span> 
     </span>
     <span class='ocr_line' id='line_1_16' title="bbox 338 1093 1797 1149; baseline -0.002 -15"><span class='ocrx_word' id='word_1_124' title='bbox 338 1097 429 1135; x_wconf 81' lang='lat' dir='ltr'><strong>dine</strong></span> <span class='ocrx_word' id='word_1_125' title='bbox 450 1096 644 1149; x_wconf 82' lang='lat' dir='ltr'><strong>hydropis</strong></span> <span class='ocrx_word' id='word_1_126' title='bbox 688 1097 795 1149; x_wconf 88' lang='lat' dir='ltr'><strong>apud</strong></span> <span class='ocrx_word' id='word_1_127' title='bbox 825 1095 1093 1135; x_wconf 84' lang='lat' dir='ltr'><strong>Mediolanum</strong></span> <span class='ocrx_word' id='word_1_128' title='bbox 1122 1097 1334 1135; x_wconf 79' lang='lat' dir='ltr'><strong>defunctus</strong></span> <span class='ocrx_word' id='word_1_129' title='bbox 1373 1097 1521 1135; x_wconf 85' lang='lat' dir='ltr'><strong>dicitur</strong></span> <span class='ocrx_word' id='word_1_130' title='bbox 1550 1108 1651 1134; x_wconf 81' lang='lat' dir='ltr'><strong>anno</strong></span> <span class='ocrx_word' id='word_1_131' title='bbox 1685 1093 1797 1144; x_wconf 84' lang='lat' dir='ltr'><strong>regni</strong></span> 
     </span>
     <span class='ocr_line' id='line_1_17' title="bbox 338 1151 1795 1204; baseline -0.001 -13"><span class='ocrx_word' id='word_1_132' title='bbox 338 1153 400 1192; x_wconf 88' lang='lat' dir='ltr'><strong>sui</strong></span> <span class='ocrx_word' id='word_1_133' title='bbox 424 1167 523 1193; x_wconf 81' lang='lat' dir='ltr'><strong>xvn.</strong></span> <span class='ocrx_word' id='word_1_134' title='bbox 553 1152 726 1204; x_wconf 84' lang='lat' dir='ltr'><strong>(Christi</strong></span> <span class='ocrx_word' id='word_1_135' title='bbox 753 1152 904 1191; x_wconf 88' lang='lat' dir='ltr'><strong>scilicet</strong></span> <span class='ocrx_word' id='word_1_136' title='bbox 933 1152 1123 1203; x_wconf 83' lang='lat' dir='ltr'><strong>cccxcv.)</strong></span> <span class='ocrx_word' id='word_1_137' title='bbox 1153 1166 1203 1191; x_wconf 87' lang='lat' dir='ltr'><strong>ex</strong></span> <span class='ocrx_word' id='word_1_138' title='bbox 1230 1160 1320 1192; x_wconf 90' lang='lat' dir='ltr'><strong>ante</strong></span> <span class='ocrx_word' id='word_1_139' title='bbox 1342 1153 1445 1191; x_wconf 87' lang='lat' dir='ltr'><strong>diem</strong></span> <span class='ocrx_word' id='word_1_140' title='bbox 1466 1166 1548 1191; x_wconf 64' lang='grc' dir='ltr'><strong>ΧΠ,</strong></span> <span class='ocrx_word' id='word_1_141' title='bbox 1571 1151 1660 1189; x_wconf 89' lang='lat' dir='ltr'><strong>Kal.</strong></span> <span class='ocrx_word' id='word_1_142' title='bbox 1680 1151 1795 1190; x_wconf 89' lang='lat' dir='ltr'><strong>Febr.</strong></span> 
     </span>
     <span class='ocr_line' id='line_1_18' title="bbox 337 1209 1796 1261; baseline -0.001 -14"><span class='ocrx_word' id='word_1_143' title='bbox 337 1210 507 1261; x_wconf 87' lang='lat' dir='ltr'><strong>Olybrio</strong></span> <span class='ocrx_word' id='word_1_144' title='bbox 539 1215 578 1248; x_wconf 88' lang='lat' dir='ltr'><strong>et</strong></span> <span class='ocrx_word' id='word_1_145' title='bbox 604 1209 774 1247; x_wconf 89' lang='lat' dir='ltr'><strong>Probino</strong></span> <span class='ocrx_word' id='word_1_146' title='bbox 802 1209 909 1246; x_wconf 90' lang='lat' dir='ltr'><strong>Coss.</strong></span> <span class='ocrx_word' id='word_1_147' title='bbox 951 1211 1018 1259; x_wconf 91' lang='lat' dir='ltr'><strong>qui</strong></span> <span class='ocrx_word' id='word_1_148' title='bbox 1049 1209 1208 1259; x_wconf 88' lang='lat' dir='ltr'><strong>quidem</strong></span> <span class='ocrx_word' id='word_1_149' title='bbox 1238 1210 1474 1248; x_wconf 87' lang='lat' dir='ltr'><strong>Consulatus</strong></span> <span class='ocrx_word' id='word_1_150' title='bbox 1507 1211 1548 1246; x_wconf 93' lang='lat' dir='ltr'><strong>in</strong></span> <span class='ocrx_word' id='word_1_151' title='bbox 1573 1220 1718 1246; x_wconf 89' lang='lat' dir='ltr'><strong>annum</strong></span> <span class='ocrx_word' id='word_1_152' title='bbox 1740 1219 1796 1245; x_wconf 84' lang='lat' dir='ltr'><strong>1v.</strong></span> 
     </span>
     <span class='ocr_line' id='line_1_19' title="bbox 338 1262 1799 1318; baseline -0.002 -15"><span class='ocrx_word' id='word_1_153' title='bbox 338 1265 586 1318; x_wconf 85' lang='lat' dir='ltr'><strong>Olympiadis</strong></span> <span class='ocrx_word' id='word_1_154' title='bbox 607 1279 676 1303; x_wconf 83' lang='lat' dir='ltr'><strong>seu</strong></span> <span class='ocrx_word' id='word_1_155' title='bbox 706 1266 820 1303; x_wconf 90' lang='lat' dir='ltr'><strong>lustri</strong></span> <span class='ocrx_word' id='word_1_156' title='bbox 848 1263 989 1302; x_wconf 86' lang='lat' dir='ltr'><strong>Juliani</strong></span> <span class='ocrx_word' id='word_1_157' title='bbox 1021 1278 1179 1305; x_wconf 78' lang='lat' dir='ltr'><strong>ccxcm.</strong></span> <span class='ocrx_word' id='word_1_158' title='bbox 1204 1266 1371 1312; x_wconf 81' lang='lat' dir='ltr'><strong>incidit,</strong></span> <span class='ocrx_word' id='word_1_159' title='bbox 1401 1266 1470 1316; x_wconf 92' lang='lat' dir='ltr'><strong>qui</strong></span> <span class='ocrx_word' id='word_1_160' title='bbox 1491 1271 1575 1303; x_wconf 84' lang='lat' dir='ltr'><strong>erat</strong></span> <span class='ocrx_word' id='word_1_161' title='bbox 1602 1262 1799 1315; x_wconf 81' lang='lat' dir='ltr'><strong>111.1phi-</strong></span> 
     </span>
     <span class='ocr_line' id='line_1_20' title="bbox 337 1319 1799 1375; baseline -0.003 -15"><span class='ocrx_word' id='word_1_162' title='bbox 337 1329 438 1360; x_wconf 84' lang='lat' dir='ltr'><strong>teae.</strong></span> <span class='ocrx_word' id='word_1_163' title='bbox 497 1323 597 1359; x_wconf 86' lang='lat' dir='ltr'><strong>Tum</strong></span> <span class='ocrx_word' id='word_1_164' title='bbox 627 1321 724 1359; x_wconf 90' lang='lat' dir='ltr'><strong>haec</strong></span> <span class='ocrx_word' id='word_1_165' title='bbox 754 1321 884 1358; x_wconf 85' lang='lat' dir='ltr'><strong>addit:</strong></span> <span class='ocrx_word' id='word_1_166' title='bbox 902 1319 965 1357; x_wconf 62' lang='lat' dir='ltr'><strong>‘Et</strong></span> <span class='ocrx_word' id='word_1_167' title='bbox 996 1321 1078 1371; x_wconf 83' lang='lat' dir='ltr'><strong>ipse</strong></span> <span class='ocrx_word' id='word_1_168' title='bbox 1098 1335 1223 1359; x_wconf 81' lang='lat' dir='ltr'><strong>annus</strong></span> <span class='ocrx_word' id='word_1_169' title='bbox 1239 1353 1250 1369; x_wconf 95' lang='lat'><strong>,</strong></span> <span class='ocrx_word' id='word_1_170' title='bbox 1278 1323 1347 1375; x_wconf 82' lang='lat' dir='ltr'><strong>qui</strong></span> <span class='ocrx_word' id='word_1_171' title='bbox 1370 1319 1583 1359; x_wconf 73' lang='lat' dir='ltr'><strong>Theodosii</strong></span> <span class='ocrx_word' id='word_1_172' title='bbox 1596 1333 1696 1359; x_wconf 83' lang='lat' dir='ltr'><strong>xvu.</strong></span> <span class='ocrx_word' id='word_1_173' title='bbox 1715 1320 1799 1372; x_wconf 78' lang='lat' dir='ltr'><strong>ipse</strong></span> 
     </span>
     <span class='ocr_line' id='line_1_21' title="bbox 335 1373 1797 1430; baseline -0.003 -13"><span class='ocrx_word' id='word_1_174' title='bbox 335 1375 509 1417; x_wconf 74' lang='lat' dir='ltr'><strong>Arcadii</strong></span> <span class='ocrx_word' id='word_1_175' title='bbox 529 1387 563 1415; x_wconf 75' lang='lat' dir='ltr'><strong>et</strong></span> <span class='ocrx_word' id='word_1_176' title='bbox 581 1376 756 1416; x_wconf 82' lang='lat' dir='ltr'><strong>Honorii</strong></span> <span class='ocrx_word' id='word_1_177' title='bbox 785 1377 825 1414; x_wconf 85' lang='lat' dir='ltr'><strong>in</strong></span> <span class='ocrx_word' id='word_1_178' title='bbox 853 1376 965 1413; x_wconf 81' lang='lat' dir='ltr'><strong>initio</strong></span> <span class='ocrx_word' id='word_1_179' title='bbox 995 1377 1103 1428; x_wconf 79' lang='lat' dir='ltr'><strong>regni</strong></span> <span class='ocrx_word' id='word_1_180' title='bbox 1130 1390 1260 1414; x_wconf 86' lang='lat' dir='ltr'><strong>eorum</strong></span> <span class='ocrx_word' id='word_1_181' title='bbox 1277 1378 1428 1430; x_wconf 86' lang='lat' dir='ltr'><strong>primus</strong></span> <span class='ocrx_word' id='word_1_182' title='bbox 1448 1386 1516 1416; x_wconf 75' lang='lat' dir='ltr'><strong>est.</strong></span> <span class='ocrx_word' id='word_1_183' title='bbox 1579 1374 1695 1427; x_wconf 79' lang='lat' dir='ltr'><strong>Quod</strong></span> <span class='ocrx_word' id='word_1_184' title='bbox 1709 1373 1797 1414; x_wconf 82' lang='lat' dir='ltr'><strong>ideo</strong></span> 
     </span>
     <span class='ocr_line' id='line_1_22' title="bbox 334 1429 1884 1485; baseline -0.001 -14"><span class='ocrx_word' id='word_1_185' title='bbox 334 1432 565 1482; x_wconf 77' lang='lat' dir='ltr'><strong>indicatur,</strong></span> <span class='ocrx_word' id='word_1_186' title='bbox 602 1447 649 1470; x_wconf 87' lang='lat' dir='ltr'><strong>ne</strong></span> <span class='ocrx_word' id='word_1_187' title='bbox 680 1429 952 1484; x_wconf 66' lang='lat' dir='ltr'><strong>Olympiadem</strong></span> <span class='ocrx_word' id='word_1_188' title='bbox 982 1444 1022 1469; x_wconf 87' lang='lat' dir='ltr'><strong>v.</strong></span> <span class='ocrx_word' id='word_1_189' title='bbox 1044 1445 1234 1470; x_wconf 83' lang='lat' dir='ltr'><strong>annorum</strong></span> <span class='ocrx_word' id='word_1_190' title='bbox 1271 1432 1395 1471; x_wconf 78' lang='lat' dir='ltr'><strong>turbet</strong></span> <span class='ocrx_word' id='word_1_191' title='bbox 1427 1431 1619 1485; x_wconf 75' lang='lat' dir='ltr'><strong>adjectio,</strong></span> <span class='ocrx_word' id='word_1_192' title='bbox 1656 1433 1699 1471; x_wconf 87' lang='lat' dir='ltr'><strong>in</strong></span> <span class='ocrx_word' id='word_1_193' title='bbox 1721 1430 1798 1470; x_wconf 77' lang='lat' dir='ltr'><strong>hoc</strong></span> <span class='ocrx_word' id='word_1_194' title='bbox 1833 1449 1839 1455; x_wconf 87' lang='lat'>·</span> <span class='ocrx_word' id='word_1_195' title='bbox 1880 1436 1884 1455; x_wconf 90' lang='grc'><strong>·’</strong></span> 
     </span>
     <span class='ocr_line' id='line_1_23' title="bbox 337 1485 1884 1543; baseline -0.001 -16"><span class='ocrx_word' id='word_1_196' title='bbox 337 1487 434 1528; x_wconf 82' lang='lat' dir='ltr'><strong>loco</strong></span> <span class='ocrx_word' id='word_1_197' title='bbox 455 1498 605 1526; x_wconf 68' lang='lat' dir='ltr'><strong>rantum</strong></span> <span class='ocrx_word' id='word_1_198' title='bbox 635 1497 794 1541; x_wconf 79' lang='lat' dir='ltr'><strong>propter</strong></span> <span class='ocrx_word' id='word_1_199' title='bbox 821 1497 1047 1539; x_wconf 79' lang='lat' dir='ltr'><strong>regnantum</strong></span> <span class='ocrx_word' id='word_1_200' title='bbox 1079 1488 1224 1526; x_wconf 82' lang='lat' dir='ltr'><strong>inserta</strong></span> <span class='ocrx_word' id='word_1_201' title='bbox 1256 1485 1580 1542; x_wconf 74' lang='lat' dir='ltr'><strong>principium2).</strong></span> <span class='ocrx_word' id='word_1_202' title='bbox 1639 1487 1799 1526; x_wconf 76' lang='lat' dir='ltr'><strong>Dicitun</strong></span> <span class='ocrx_word' id='word_1_203' title='bbox 1880 1517 1884 1543; x_wconf 67' lang='grc' dir='ltr'>Ι</span> 
     </span>
     <span class='ocr_line' id='line_1_24' title="bbox 332 1543 1799 1596; baseline 0.001 -14"><span class='ocrx_word' id='word_1_204' title='bbox 332 1558 453 1596; x_wconf 87' lang='lat' dir='ltr'><strong>porro</strong></span> <span class='ocrx_word' id='word_1_205' title='bbox 483 1543 734 1582; x_wconf 83' lang='lat' dir='ltr'><strong>Theodosius</strong></span> <span class='ocrx_word' id='word_1_206' title='bbox 764 1545 845 1582; x_wconf 82' lang='lat' dir='ltr'><strong>vita</strong></span> <span class='ocrx_word' id='word_1_207' title='bbox 872 1543 1085 1581; x_wconf 83' lang='lat' dir='ltr'><strong>excessisse</strong></span> <span class='ocrx_word' id='word_1_208' title='bbox 1119 1557 1222 1582; x_wconf 86' lang='lat' dir='ltr'><strong>annu</strong></span> <span class='ocrx_word' id='word_1_209' title='bbox 1244 1545 1367 1596; x_wconf 83' lang='lat' dir='ltr'><strong>Regni</strong></span> <span class='ocrx_word' id='word_1_210' title='bbox 1393 1559 1494 1585; x_wconf 87' lang='lat' dir='ltr'><strong>xv11.</strong></span> <span class='ocrx_word' id='word_1_211' title='bbox 1524 1550 1570 1583; x_wconf 90' lang='lat' dir='ltr'><strong>ut</strong></span> <span class='ocrx_word' id='word_1_212' title='bbox 1591 1545 1659 1596; x_wconf 90' lang='lat' dir='ltr'><strong>qui</strong></span> <span class='ocrx_word' id='word_1_213' title='bbox 1680 1545 1799 1583; x_wconf 80' lang='lat' dir='ltr'><strong>leva-</strong></span> 
     </span>
     <span class='ocr_line' id='line_1_25' title="bbox 332 1599 1796 1649; baseline -0.001 -10"><span class='ocrx_word' id='word_1_214' title='bbox 332 1608 398 1649; x_wconf 81' lang='lat' dir='ltr'><strong>tus</strong></span> <span class='ocrx_word' id='word_1_215' title='bbox 436 1601 557 1639; x_wconf 84' lang='lat' dir='ltr'><strong>suerit</strong></span> <span class='ocrx_word' id='word_1_216' title='bbox 595 1600 726 1638; x_wconf 85' lang='lat' dir='ltr'><strong>Sirmii</strong></span> <span class='ocrx_word' id='word_1_217' title='bbox 748 1615 815 1639; x_wconf 73' lang='lat' dir='ltr'><strong>-ex</strong></span> <span class='ocrx_word' id='word_1_218' title='bbox 849 1606 939 1638; x_wconf 82' lang='lat' dir='ltr'><strong>ante</strong></span> <span class='ocrx_word' id='word_1_219' title='bbox 977 1599 1080 1638; x_wconf 84' lang='lat' dir='ltr'><strong>diem</strong></span> <span class='ocrx_word' id='word_1_220' title='bbox 1119 1613 1202 1640; x_wconf 70' lang='lat' dir='ltr'><strong>xlv.</strong></span> <span class='ocrx_word' id='word_1_221' title='bbox 1233 1601 1322 1642; x_wconf 85' lang='lat' dir='ltr'><strong>Kal.</strong></span> <span class='ocrx_word' id='word_1_222' title='bbox 1354 1602 1468 1640; x_wconf 84' lang='lat' dir='ltr'><strong>Febr.</strong></span> <span class='ocrx_word' id='word_1_223' title='bbox 1506 1614 1610 1639; x_wconf 86' lang='lat' dir='ltr'><strong>anno</strong></span> <span class='ocrx_word' id='word_1_224' title='bbox 1650 1600 1796 1639; x_wconf 85' lang='lat' dir='ltr'><strong>Christi</strong></span> 
     </span>
     <span class='ocr_line' id='line_1_26' title="bbox 335 1657 1797 1709; baseline 0.001 -14"><span class='ocrx_word' id='word_1_225' title='bbox 335 1671 546 1697; x_wconf 78' lang='lat' dir='ltr'><strong>cchxxlx.</strong></span> <span class='ocrx_word' id='word_1_226' title='bbox 585 1657 784 1695; x_wconf 84' lang='lat' dir='ltr'><strong>extinctus</strong></span> <span class='ocrx_word' id='word_1_227' title='bbox 823 1669 920 1695; x_wconf 83' lang='lat' dir='ltr'><strong>vero</strong></span> <span class='ocrx_word' id='word_1_228' title='bbox 949 1669 999 1694; x_wconf 82' lang='lat' dir='ltr'><strong>ex</strong></span> <span class='ocrx_word' id='word_1_229' title='bbox 1027 1662 1117 1694; x_wconf 87' lang='lat' dir='ltr'><strong>ante</strong></span> <span class='ocrx_word' id='word_1_230' title='bbox 1146 1657 1248 1696; x_wconf 85' lang='lat' dir='ltr'><strong>diem</strong></span> <span class='ocrx_word' id='word_1_231' title='bbox 1277 1671 1364 1697; x_wconf 69' lang='lat' dir='ltr'><strong>xm.</strong></span> <span class='ocrx_word' id='word_1_232' title='bbox 1395 1659 1483 1698; x_wconf 87' lang='lat' dir='ltr'><strong>Kal.</strong></span> <span class='ocrx_word' id='word_1_233' title='bbox 1518 1657 1632 1696; x_wconf 86' lang='lat' dir='ltr'><strong>Febr.</strong></span> <span class='ocrx_word' id='word_1_234' title='bbox 1662 1671 1684 1696; x_wconf 88' lang='lat' dir='ltr'><strong>a</strong></span> <span class='ocrx_word' id='word_1_235' title='bbox 1716 1670 1797 1709; x_wconf 86' lang='lat' dir='ltr'><strong>quo</strong></span> 
     </span>
     <span class='ocr_line' id='line_1_27' title="bbox 334 1711 1798 1766; baseline 0.001 -15"><span class='ocrx_word' id='word_1_236' title='bbox 334 1727 499 1763; x_wconf 85' lang='lat' dir='ltr'><strong>regnare</strong></span> <span class='ocrx_word' id='word_1_237' title='bbox 519 1720 737 1765; x_wconf 87' lang='lat' dir='ltr'><strong>coeperunt</strong></span> <span class='ocrx_word' id='word_1_238' title='bbox 767 1713 960 1751; x_wconf 88' lang='lat' dir='ltr'><strong>Arcadius</strong></span> <span class='ocrx_word' id='word_1_239' title='bbox 981 1718 1019 1750; x_wconf 87' lang='lat' dir='ltr'><strong>et</strong></span> <span class='ocrx_word' id='word_1_240' title='bbox 1036 1711 1247 1751; x_wconf 87' lang='lat' dir='ltr'><strong>Honorius.</strong></span> <span class='ocrx_word' id='word_1_241' title='bbox 1296 1714 1473 1766; x_wconf 88' lang='lat' dir='ltr'><strong>Denique</strong></span> <span class='ocrx_word' id='word_1_242' title='bbox 1497 1714 1603 1766; x_wconf 91' lang='lat' dir='ltr'><strong>apud</strong></span> <span class='ocrx_word' id='word_1_243' title='bbox 1629 1714 1798 1752; x_wconf 83' lang='lat' dir='ltr'><strong>eundem</strong></span> 
     </span>
     <span class='ocr_line' id='line_1_28' title="bbox 334 1767 1798 1821; baseline 0 -13"><span class='ocrx_word' id='word_1_244' title='bbox 334 1770 525 1819; x_wconf 85' lang='lat' dir='ltr'><strong>Idatium,</strong></span> <span class='ocrx_word' id='word_1_245' title='bbox 555 1776 601 1808; x_wconf 89' lang='lat' dir='ltr'><strong>ut</strong></span> <span class='ocrx_word' id='word_1_246' title='bbox 628 1776 666 1808; x_wconf 88' lang='lat' dir='ltr'><strong>et</strong></span> <span class='ocrx_word' id='word_1_247' title='bbox 689 1770 923 1821; x_wconf 76' lang='lat' dir='ltr'><strong>scriptorem</strong></span> <span class='ocrx_word' id='word_1_248' title='bbox 948 1767 1156 1818; x_wconf 87' lang='lat' dir='ltr'><strong>Chronici,</strong></span> <span class='ocrx_word' id='word_1_249' title='bbox 1193 1769 1360 1808; x_wconf 88' lang='lat' dir='ltr'><strong>Honorii</strong></span> <span class='ocrx_word' id='word_1_250' title='bbox 1383 1784 1473 1810; x_wconf 83' lang='lat' dir='ltr'><strong>vlu.</strong></span> <span class='ocrx_word' id='word_1_251' title='bbox 1505 1777 1543 1808; x_wconf 89' lang='lat' dir='ltr'><strong>et</strong></span> <span class='ocrx_word' id='word_1_252' title='bbox 1569 1769 1798 1820; x_wconf 87' lang='lat' dir='ltr'><strong>Theodosii,</strong></span> 
     </span>
     <span class='ocr_line' id='line_1_29' title="bbox 334 1826 1796 1880; baseline 0.001 -16"><span class='ocrx_word' id='word_1_253' title='bbox 334 1826 497 1864; x_wconf 78' lang='lat' dir='ltr'><strong>Arcadii</strong></span> <span class='ocrx_word' id='word_1_254' title='bbox 527 1826 620 1875; x_wconf 86' lang='lat' dir='ltr'><strong>filii,</strong></span> <span class='ocrx_word' id='word_1_255' title='bbox 661 1840 719 1865; x_wconf 82' lang='lat'><strong>111.</strong></span> <span class='ocrx_word' id='word_1_256' title='bbox 750 1826 987 1864; x_wconf 83' lang='lat' dir='ltr'><strong>Consulatus</strong></span> <span class='ocrx_word' id='word_1_257' title='bbox 1018 1826 1190 1864; x_wconf 86' lang='lat' dir='ltr'><strong>refertur</strong></span> <span class='ocrx_word' id='word_1_258' title='bbox 1222 1826 1273 1864; x_wconf 90' lang='lat' dir='ltr'><strong>ad</strong></span> <span class='ocrx_word' id='word_1_259' title='bbox 1310 1840 1455 1866; x_wconf 89' lang='lat' dir='ltr'><strong>annum</strong></span> <span class='ocrx_word' id='word_1_260' title='bbox 1490 1840 1518 1867; x_wconf 87' lang='lat'><strong>1.</strong></span> <span class='ocrx_word' id='word_1_261' title='bbox 1549 1826 1796 1880; x_wconf 85' lang='lat' dir='ltr'><strong>Olympiadis</strong></span> 
     </span>
     <span class='ocr_line' id='line_1_30' title="bbox 335 1881 1122 1934; baseline 0 -14"><span class='ocrx_word' id='word_1_262' title='bbox 335 1896 508 1923; x_wconf 78' lang='lat' dir='ltr'><strong>ccxcvn.</strong></span> <span class='ocrx_word' id='word_1_263' title='bbox 538 1883 608 1934; x_wconf 87' lang='lat' dir='ltr'><strong>qui</strong></span> <span class='ocrx_word' id='word_1_264' title='bbox 624 1883 700 1921; x_wconf 86' lang='lat' dir='ltr'><strong>fuit</strong></span> <span class='ocrx_word' id='word_1_265' title='bbox 719 1896 846 1921; x_wconf 89' lang='lat' dir='ltr'><strong>annus</strong></span> <span class='ocrx_word' id='word_1_266' title='bbox 862 1896 906 1920; x_wconf 89' lang='lat'><strong>11.</strong></span> <span class='ocrx_word' id='word_1_267' title='bbox 929 1881 1122 1934; x_wconf 87' lang='lat' dir='ltr'><strong>lphiteae.</strong></span> 
     </span>
    </p>
   </div>
   <div class='ocr_carea' id='block_1_3' title="bbox 1854 0 1884 600">
    <p class='ocr_par' dir='ltr' id='par_1_3' title="bbox 1854 0 1884 600">
     <span class='ocr_line' id='line_1_31' title="bbox 1854 0 1884 600; baseline 0 2662"><span class='ocrx_word' id='word_1_268' title='bbox 1854 0 1884 600; x_wconf 95' lang='lat' dir='ltr'><strong> </strong></span> 
     </span>
    </p>
   </div>
   <div class='ocr_carea' id='block_1_4' title="bbox 127 1987 1884 2607">
    <p class='ocr_par' dir='ltr' id='par_1_4' title="bbox 127 1987 1884 2607">
     <span class='ocr_line' id='line_1_32' title="bbox 154 1987 1884 2047; baseline 0.001 -15"><span class='ocrx_word' id='word_1_269' title='bbox 154 1991 321 2047; x_wconf 52' lang='lat' dir='ltr'><strong>Auffonius</strong></span> <span class='ocrx_word' id='word_1_270' title='bbox 447 1994 668 2033; x_wconf 80' lang='lat' dir='ltr'><strong>XXXVIII.</strong></span> <span class='ocrx_word' id='word_1_271' title='bbox 726 1994 804 2033; x_wconf 86' lang='lat' dir='ltr'><strong>Sed</strong></span> <span class='ocrx_word' id='word_1_272' title='bbox 831 1999 871 2033; x_wconf 85' lang='lat' dir='ltr'><strong>et</strong></span> <span class='ocrx_word' id='word_1_273' title='bbox 898 2006 1028 2045; x_wconf 87' lang='lat' dir='ltr'><strong>neque</strong></span> <span class='ocrx_word' id='word_1_274' title='bbox 1048 1993 1332 2044; x_wconf 86' lang='lat' dir='ltr'><strong>Olympiadum</strong></span> <span class='ocrx_word' id='word_1_275' title='bbox 1365 1993 1523 2032; x_wconf 86' lang='lat' dir='ltr'><strong>nomine</strong></span> <span class='ocrx_word' id='word_1_276' title='bbox 1549 1993 1655 2032; x_wconf 88' lang='lat' dir='ltr'><strong>aliud</strong></span> <span class='ocrx_word' id='word_1_277' title='bbox 1677 1995 1799 2033; x_wconf 88' lang='lat' dir='ltr'><strong>intel·</strong></span> <span class='ocrx_word' id='word_1_278' title='bbox 1878 1987 1884 2009; x_wconf 73' lang='lat'><strong>¹</strong></span> 
     </span>
     <span class='ocr_line' id='line_1_33' title="bbox 127 2039 1884 2102; baseline 0.002 -13"><span class='ocrx_word' id='word_1_279' title='bbox 127 2039 435 2090; x_wconf 58' lang='lat' dir='ltr'><strong>exP¹¹‘²³³⁴t¹¹⁵·lexit</strong></span> <span class='ocrx_word' id='word_1_280' title='bbox 465 2051 689 2099; x_wconf 86' lang='lat' dir='ltr'><strong>Ausonius,</strong></span> <span class='ocrx_word' id='word_1_281' title='bbox 730 2064 846 2102; x_wconf 88' lang='lat' dir='ltr'><strong>quam</strong></span> <span class='ocrx_word' id='word_1_282' title='bbox 887 2051 1056 2088; x_wconf 81' lang='lat' dir='ltr'><strong>lustrum</strong></span> <span class='ocrx_word' id='word_1_283' title='bbox 1089 2051 1306 2100; x_wconf 82' lang='lat' dir='ltr'><strong>Julianum,</strong></span> <span class='ocrx_word' id='word_1_284' title='bbox 1348 2050 1392 2088; x_wconf 88' lang='lat' dir='ltr'><strong>in</strong></span> <span class='ocrx_word' id='word_1_285' title='bbox 1417 2064 1462 2089; x_wconf 86' lang='lat' dir='ltr'><strong>eo</strong></span> <span class='ocrx_word' id='word_1_286' title='bbox 1493 2051 1796 2102; x_wconf 82' lang='lat' dir='ltr'><strong>Epigrammate,</strong></span> <span class='ocrx_word' id='word_1_287' title='bbox 1870 2043 1884 2100; x_wconf 75' lang='lat' dir='ltr'><strong>.l</strong></span> 
     </span>
     <span class='ocr_line' id='line_1_34' title="bbox 335 2107 1884 2166; baseline 0.001 -21"><span class='ocrx_word' id='word_1_288' title='bbox 335 2109 376 2145; x_wconf 88' lang='lat' dir='ltr'><strong>in</strong></span> <span class='ocrx_word' id='word_1_289' title='bbox 396 2121 475 2159; x_wconf 93' lang='lat' dir='ltr'><strong>quo</strong></span> <span class='ocrx_word' id='word_1_290' title='bbox 495 2108 630 2145; x_wconf 80' lang='lat' dir='ltr'><strong>Festos</strong></span> <span class='ocrx_word' id='word_1_291' title='bbox 661 2107 894 2145; x_wconf 88' lang='lat' dir='ltr'><strong>Consulares</strong></span> <span class='ocrx_word' id='word_1_292' title='bbox 928 2120 968 2145; x_wconf 92' lang='lat' dir='ltr'><strong>se</strong></span> <span class='ocrx_word' id='word_1_293' title='bbox 994 2107 1276 2158; x_wconf 86' lang='lat' dir='ltr'><strong>conscripsisse</strong></span> <span class='ocrx_word' id='word_1_294' title='bbox 1306 2112 1494 2154; x_wconf 83' lang='lat' dir='ltr'><strong>testatur,</strong></span> <span class='ocrx_word' id='word_1_295' title='bbox 1525 2107 1593 2146; x_wconf 86' lang='lat' dir='ltr'><strong>ubi</strong></span> <span class='ocrx_word' id='word_1_296' title='bbox 1616 2108 1709 2146; x_wconf 86' lang='lat' dir='ltr'><strong>satis</strong></span> <span class='ocrx_word' id='word_1_297' title='bbox 1731 2108 1798 2145; x_wconf 81' lang='lat' dir='ltr'><strong>in-</strong></span> <span class='ocrx_word' id='word_1_298' title='bbox 1879 2138 1884 2166; x_wconf 63' lang='grc' dir='ltr'>Ι</span> 
     </span>
     <span class='ocr_line' id='line_1_35' title="bbox 336 2161 1539 2215; baseline 0.001 -14"><span class='ocrx_word' id='word_1_299' title='bbox 336 2165 423 2203; x_wconf 89' lang='lat' dir='ltr'><strong>nuit</strong></span> <span class='ocrx_word' id='word_1_300' title='bbox 442 2177 511 2203; x_wconf 87' lang='lat' dir='ltr'><strong>sua</strong></span> <span class='ocrx_word' id='word_1_301' title='bbox 532 2170 660 2201; x_wconf 89' lang='lat' dir='ltr'><strong>aetate</strong></span> <span class='ocrx_word' id='word_1_302' title='bbox 677 2163 749 2201; x_wconf 87' lang='lat' dir='ltr'><strong>hos</strong></span> <span class='ocrx_word' id='word_1_303' title='bbox 770 2177 842 2214; x_wconf 91' lang='lat' dir='ltr'><strong>per</strong></span> <span class='ocrx_word' id='word_1_304' title='bbox 861 2163 1119 2214; x_wconf 85' lang='lat' dir='ltr'><strong>Olympiadas</strong></span> <span class='ocrx_word' id='word_1_305' title='bbox 1136 2163 1256 2201; x_wconf 82' lang='lat' dir='ltr'><strong>fuisse</strong></span> <span class='ocrx_word' id='word_1_306' title='bbox 1278 2163 1451 2212; x_wconf 79' lang='lat' dir='ltr'><strong>digestos</strong></span> <span class='ocrx_word' id='word_1_307' title='bbox 1472 2161 1539 2215; x_wconf 79' lang='lat'><strong>³):</strong></span> 
     </span>
     <span class='ocr_line' id='line_1_36' title="bbox 561 2217 1478 2272; baseline 0 -15"><span class='ocrx_word' id='word_1_308' title='bbox 561 2219 677 2257; x_wconf 83' lang='lat' dir='ltr'><strong>Urbis</strong></span> <span class='ocrx_word' id='word_1_309' title='bbox 695 2218 746 2257; x_wconf 77' lang='lat' dir='ltr'><strong>ab</strong></span> <span class='ocrx_word' id='word_1_310' title='bbox 769 2229 945 2257; x_wconf 79' lang='lat' dir='ltr'><strong>aeternae</strong></span> <span class='ocrx_word' id='word_1_311' title='bbox 963 2217 1168 2258; x_wconf 75' lang='lat' dir='ltr'><strong>deductam</strong></span> <span class='ocrx_word' id='word_1_312' title='bbox 1189 2218 1296 2272; x_wconf 77' lang='lat' dir='ltr'><strong>Rege</strong></span> <span class='ocrx_word' id='word_1_313' title='bbox 1320 2218 1478 2271; x_wconf 78' lang='lat' dir='ltr'><strong>Quirini</strong></span> 
     </span>
     <span class='ocr_line' id='line_1_37' title="bbox 605 2273 1571 2328; baseline 0.001 -15"><span class='ocrx_word' id='word_1_314' title='bbox 605 2275 816 2314; x_wconf 84' lang='lat' dir='ltr'><strong>Annorum</strong></span> <span class='ocrx_word' id='word_1_315' title='bbox 838 2276 970 2313; x_wconf 82' lang='lat' dir='ltr'><strong>seriem</strong></span> <span class='ocrx_word' id='word_1_316' title='bbox 991 2290 1131 2328; x_wconf 83' lang='lat' dir='ltr'><strong>quum,</strong></span> <span class='ocrx_word' id='word_1_317' title='bbox 1162 2273 1352 2324; x_wconf 80' lang='lat' dir='ltr'><strong>Pmcule,</strong></span> <span class='ocrx_word' id='word_1_318' title='bbox 1379 2276 1571 2327; x_wconf 83' lang='lat' dir='ltr'><strong>accipies,</strong></span> 
     </span>
     <span class='ocr_line' id='line_1_38' title="bbox 555 2329 1609 2385; baseline -0.002 -14"><span class='ocrx_word' id='word_1_319' title='bbox 555 2329 677 2371; x_wconf 84' lang='lat' dir='ltr'><strong>Mille</strong></span> <span class='ocrx_word' id='word_1_320' title='bbox 691 2345 816 2369; x_wconf 84' lang='lat' dir='ltr'><strong>annos</strong></span> <span class='ocrx_word' id='word_1_321' title='bbox 832 2330 1078 2384; x_wconf 76' lang='lat' dir='ltr'><strong>centumque,</strong></span> <span class='ocrx_word' id='word_1_322' title='bbox 1108 2341 1142 2369; x_wconf 80' lang='lat' dir='ltr'><strong>et</strong></span> <span class='ocrx_word' id='word_1_323' title='bbox 1163 2330 1405 2385; x_wconf 69' lang='lat' dir='ltr'><strong>bis-fluxisse</strong></span> <span class='ocrx_word' id='word_1_324' title='bbox 1423 2345 1609 2382; x_wconf 80' lang='lat' dir='ltr'><strong>novenos,</strong></span> 
     </span>
     <span class='ocr_line' id='line_1_39' title="bbox 615 2384 1483 2440; baseline 0.003 -16"><span class='ocrx_word' id='word_1_325' title='bbox 615 2384 793 2425; x_wconf 82' lang='lat' dir='ltr'><strong>Consulis</strong></span> <span class='ocrx_word' id='word_1_326' title='bbox 809 2386 983 2426; x_wconf 84' lang='lat' dir='ltr'><strong>Ausonii</strong></span> <span class='ocrx_word' id='word_1_327' title='bbox 1006 2402 1144 2426; x_wconf 84' lang='lat' dir='ltr'><strong>nomen</strong></span> <span class='ocrx_word' id='word_1_328' title='bbox 1161 2385 1217 2425; x_wconf 76' lang='lat' dir='ltr'><strong>ad</strong></span> <span class='ocrx_word' id='word_1_329' title='bbox 1236 2402 1354 2440; x_wconf 83' lang='lat' dir='ltr'><strong>usque</strong></span> <span class='ocrx_word' id='word_1_330' title='bbox 1373 2385 1483 2439; x_wconf 80' lang='lat' dir='ltr'><strong>leges.</strong></span> 
     </span>
     <span class='ocr_line' id='line_1_40' title="bbox 553 2441 1550 2493; baseline 0 -13"><span class='ocrx_word' id='word_1_331' title='bbox 553 2441 652 2480; x_wconf 87' lang='lat' dir='ltr'><strong>Fors</strong></span> <span class='ocrx_word' id='word_1_332' title='bbox 671 2444 741 2480; x_wconf 78' lang='lat' dir='ltr'><strong>erit</strong></span> <span class='ocrx_word' id='word_1_333' title='bbox 763 2453 804 2480; x_wconf 83' lang='lat' dir='ltr'><strong>ut</strong></span> <span class='ocrx_word' id='word_1_334' title='bbox 823 2441 985 2481; x_wconf 83' lang='lat' dir='ltr'><strong>lustrum</strong></span> <span class='ocrx_word' id='word_1_335' title='bbox 1006 2459 1094 2482; x_wconf 83' lang='lat' dir='ltr'><strong>cum</strong></span> <span class='ocrx_word' id='word_1_336' title='bbox 1113 2458 1152 2482; x_wconf 81' lang='lat' dir='ltr'><strong>se</strong></span> <span class='ocrx_word' id='word_1_337' title='bbox 1170 2441 1422 2482; x_wconf 74' lang='lat' dir='ltr'><strong>cumulaverit</strong></span> <span class='ocrx_word' id='word_1_338' title='bbox 1445 2443 1550 2493; x_wconf 78' lang='lat' dir='ltr'><strong>istis,</strong></span> 
     </span>
     <span class='ocr_line' id='line_1_41' title="bbox 612 2495 1500 2553; baseline 0.001 -17"><span class='ocrx_word' id='word_1_339' title='bbox 612 2495 839 2553; x_wconf 79' lang='lat' dir='ltr'><strong>Confeciam</strong></span> <span class='ocrx_word' id='word_1_340' title='bbox 864 2497 1054 2538; x_wconf 79' lang='lat' dir='ltr'><strong>Proculus</strong></span> <span class='ocrx_word' id='word_1_341' title='bbox 1073 2500 1195 2551; x_wconf 76' lang='lat' dir='ltr'><strong>signet</strong></span> <span class='ocrx_word' id='word_1_342' title='bbox 1218 2497 1500 2550; x_wconf 74' lang='lat' dir='ltr'><strong>Olympiadm.</strong></span> 
     </span>
     <span class='ocr_line' id='line_1_42' title="bbox 335 2553 1795 2607; baseline -0.001 -12"><span class='ocrx_word' id='word_1_343' title='bbox 335 2556 383 2595; x_wconf 87' lang='lat' dir='ltr'><strong>Id</strong></span> <span class='ocrx_word' id='word_1_344' title='bbox 414 2560 493 2602; x_wconf 88' lang='lat' dir='ltr'><strong>est,</strong></span> <span class='ocrx_word' id='word_1_345' title='bbox 525 2553 626 2593; x_wconf 85' lang='lat' dir='ltr'><strong>forte</strong></span> <span class='ocrx_word' id='word_1_346' title='bbox 655 2555 830 2604; x_wconf 86' lang='lat' dir='ltr'><strong>eveniet,</strong></span> <span class='ocrx_word' id='word_1_347' title='bbox 861 2562 906 2593; x_wconf 88' lang='lat' dir='ltr'><strong>ut</strong></span> <span class='ocrx_word' id='word_1_348' title='bbox 931 2555 1146 2607; x_wconf 84' lang='lat' dir='ltr'><strong>praedictis</strong></span> <span class='ocrx_word' id='word_1_349' title='bbox 1173 2555 1221 2593; x_wconf 87' lang='lat' dir='ltr'><strong>ab</strong></span> <span class='ocrx_word' id='word_1_350' title='bbox 1244 2555 1289 2595; x_wconf 90' lang='lat' dir='ltr'><strong>U.</strong></span> <span class='ocrx_word' id='word_1_351' title='bbox 1307 2556 1350 2592; x_wconf 87' lang='lat' dir='ltr'><strong>C.</strong></span> <span class='ocrx_word' id='word_1_352' title='bbox 1369 2554 1520 2594; x_wconf 82' lang='lat' dir='ltr'><strong>exactis</strong></span> <span class='ocrx_word' id='word_1_353' title='bbox 1543 2554 1676 2604; x_wconf 79' lang='lat' dir='ltr'><strong>annis,</strong></span> <span class='ocrx_word' id='word_1_354' title='bbox 1707 2555 1795 2607; x_wconf 88' lang='lat' dir='ltr'><strong>qui-</strong></span> 
     </span>
    </p>
   </div>
   <div class='ocr_carea' id='block_1_5' title="bbox 412 2654 609 2659">
    <p class='ocr_par' dir='ltr' id='par_1_5' title="bbox 412 2654 609 2659">
     <span class='ocr_line' id='line_1_43' title="bbox 412 2654 609 2659; baseline 0 0"><span class='ocrx_word' id='word_1_355' title='bbox 412 2654 609 2659; x_wconf 95' lang='lat' dir='ltr'><strong> </strong></span> 
     </span>
    </p>
   </div>
   <div class='ocr_carea' id='block_1_6' title="bbox 380 2711 1798 2759">
    <p class='ocr_par' dir='ltr' id='par_1_6' title="bbox 380 2711 1798 2759">
     <span class='ocr_line' id='line_1_44' title="bbox 380 2711 1798 2759; baseline -0.002 -10"><span class='ocrx_word' id='word_1_356' title='bbox 380 2715 421 2758; x_wconf 79' lang='lat'><strong>1)</strong></span> <span class='ocrx_word' id='word_1_357' title='bbox 446 2715 484 2748; x_wconf 88' lang='lat' dir='ltr'><strong>In</strong></span> <span class='ocrx_word' id='word_1_358' title='bbox 509 2715 592 2749; x_wconf 85' lang='lat' dir='ltr'><strong>Not.</strong></span> <span class='ocrx_word' id='word_1_359' title='bbox 620 2712 663 2748; x_wconf 86' lang='lat' dir='ltr'><strong>ad</strong></span> <span class='ocrx_word' id='word_1_360' title='bbox 688 2714 825 2749; x_wconf 84' lang='lat' dir='ltr'><strong>Graeca</strong></span> <span class='ocrx_word' id='word_1_361' title='bbox 855 2713 983 2749; x_wconf 88' lang='lat' dir='ltr'><strong>Euseb.</strong></span> <span class='ocrx_word' id='word_1_362' title='bbox 1008 2724 1041 2759; x_wconf 88' lang='lat' dir='ltr'><strong>p.</strong></span> <span class='ocrx_word' id='word_1_363' title='bbox 1065 2715 1122 2750; x_wconf 76' lang='lat'><strong>22.</strong></span> <span class='ocrx_word' id='word_1_364' title='bbox 1157 2717 1192 2747; x_wconf 85' lang='lat' dir='ltr'><strong>et</strong></span> <span class='ocrx_word' id='word_1_365' title='bbox 1215 2713 1273 2747; x_wconf 85' lang='lat' dir='ltr'><strong>lib.</strong></span> <span class='ocrx_word' id='word_1_366' title='bbox 1296 2714 1329 2748; x_wconf 87' lang='lat'><strong>5.</strong></span> <span class='ocrx_word' id='word_1_367' title='bbox 1354 2712 1397 2746; x_wconf 90' lang='lat' dir='ltr'><strong>de</strong></span> <span class='ocrx_word' id='word_1_368' title='bbox 1425 2711 1565 2747; x_wconf 83' lang='lat' dir='ltr'><strong>Emend.</strong></span> <span class='ocrx_word' id='word_1_369' title='bbox 1587 2718 1691 2757; x_wconf 84' lang='lat' dir='ltr'><strong>temp.</strong></span> <span class='ocrx_word' id='word_1_370' title='bbox 1715 2722 1798 2758; x_wconf 82' lang='lat' dir='ltr'><strong>pag.</strong></span> 
     </span>
    </p>
   </div>
   <div class='ocr_carea' id='block_1_7' title="bbox 380 2759 1350 2849">
    <p class='ocr_par' dir='ltr' id='par_1_7' title="bbox 380 2759 1350 2849">
     <span class='ocr_line' id='line_1_45' title="bbox 380 2759 1350 2849; baseline -0.003 -9"><span class='ocrx_word' id='word_1_371' title='bbox 380 2759 509 2849; x_wconf 57' lang='lat' dir='ltr'><strong>²)3Sic</strong></span> <span class='ocrx_word' id='word_1_372' title='bbox 529 2762 617 2840; x_wconf 38' lang='lat' dir='ltr'><strong>{ffi-</strong></span> <span class='ocrx_word' id='word_1_373' title='bbox 640 2806 716 2840; x_wconf 90' lang='lat' dir='ltr'><strong>MS.</strong></span> <span class='ocrx_word' id='word_1_374' title='bbox 741 2816 807 2840; x_wconf 89' lang='lat' dir='ltr'><strong>non</strong></span> <span class='ocrx_word' id='word_1_375' title='bbox 836 2805 1049 2848; x_wconf 82' lang='lat' dir='ltr'><strong>Principum,</strong></span> <span class='ocrx_word' id='word_1_376' title='bbox 1073 2808 1111 2838; x_wconf 83' lang='lat' dir='ltr'><strong>ut</strong></span> <span class='ocrx_word' id='word_1_377' title='bbox 1134 2807 1187 2838; x_wconf 82' lang='lat' dir='ltr'><strong>est</strong></span> <span class='ocrx_word' id='word_1_378' title='bbox 1208 2803 1245 2837; x_wconf 89' lang='lat' dir='ltr'><strong>in</strong></span> <span class='ocrx_word' id='word_1_379' title='bbox 1268 2802 1350 2837; x_wconf 85' lang='lat' dir='ltr'><strong>edit.</strong></span> 
     </span>
    </p>
   </div>
   <div class='ocr_carea' id='block_1_8' title="bbox 380 2850 1416 2896">
    <p class='ocr_par' dir='ltr' id='par_1_8' title="bbox 380 2850 1416 2896">
     <span class='ocr_line' id='line_1_46' title="bbox 380 2850 1416 2896; baseline -0.005 -9"><span class='ocrx_word' id='word_1_380' title='bbox 380 2851 420 2894; x_wconf 76' lang='lat'><strong>³)</strong></span> <span class='ocrx_word' id='word_1_381' title='bbox 444 2852 619 2887; x_wconf 88' lang='lat' dir='ltr'><strong>Censorin.</strong></span> <span class='ocrx_word' id='word_1_382' title='bbox 644 2863 675 2886; x_wconf 88' lang='lat' dir='ltr'><strong>c.</strong></span> <span class='ocrx_word' id='word_1_383' title='bbox 700 2854 734 2888; x_wconf 77' lang='lat'><strong>8.</strong></span> <span class='ocrx_word' id='word_1_384' title='bbox 781 2851 908 2896; x_wconf 82' lang='lat' dir='ltr'><strong>Scalig.</strong></span> <span class='ocrx_word' id='word_1_385' title='bbox 932 2851 975 2885; x_wconf 81' lang='lat' dir='ltr'><strong>de</strong></span> <span class='ocrx_word' id='word_1_386' title='bbox 997 2850 1126 2886; x_wconf 84' lang='lat' dir='ltr'><strong>emend.</strong></span> <span class='ocrx_word' id='word_1_387' title='bbox 1150 2855 1254 2895; x_wconf 82' lang='lat' dir='ltr'><strong>temp.</strong></span> <span class='ocrx_word' id='word_1_388' title='bbox 1280 2861 1314 2895; x_wconf 87' lang='lat' dir='ltr'><strong>p.</strong></span> <span class='ocrx_word' id='word_1_389' title='bbox 1337 2850 1416 2885; x_wconf 75' lang='lat'><strong>482.</strong></span> 
     </span>
    </p>
   </div>
   <div class='ocr_carea' id='block_1_9' title="bbox 1876 2355 1884 2847">
    <p class='ocr_par' dir='ltr' id='par_1_9' title="bbox 1876 2355 1884 2847">
     <span class='ocr_line' id='line_1_47' title="bbox 1876 2355 1884 2847; textangle 90"><span class='ocrx_word' id='word_1_390' title='bbox 1876 2500 1884 2847; x_wconf 52' lang='lat' dir='ltr'><strong>..v—...na-—ffl—..n-*nv-</strong></span> <span class='ocrx_word' id='word_1_391' title='bbox 1880 2450 1884 2471; x_wconf 68' lang='grc'><strong>-.</strong></span> <span class='ocrx_word' id='word_1_392' title='bbox 1882 2407 1884 2410; x_wconf 97' lang='grc'>.</span> <span class='ocrx_word' id='word_1_393' title='bbox 1880 2355 1884 2364; x_wconf 87' lang='grc'>.</span> 
     </span>
    </p>
   </div>
  </div>
 </body>
</html>
