1884 3262
551 213 830 258 ‘CHRONICI
864 180 1170 260 PASCHALIS.
1249 248 1251 252 -
1542 220 1608 267 97

124 322 230 362 ratio
250 323 409 369 seminis
435 323 558 363 israel
575 323 626 364 de
643 324 829 364 Patribus
848 325 890 364 in
919 327 1098 366 Came-ro
1119 328 1320 381 completa
1341 328 1416 377 sit,
1451 336 1488 368 et
1507 338 1607 382 quot

124 380 345 432 quantique
374 394 446 433 per
482 388 632 434 quanta
676 389 856 435 tempora
886 383 1193 424 dinumerentur
1236 385 1328 424 anni
1363 400 1385 424 a
1419 394 1604 427 creatura

123 437 271 476 saeculi
291 450 418 488 usque
443 438 486 476 in
506 437 616 477 hunc
634 438 750 478 diem.

237 494 565 534 Existimavimus
598 502 728 534 autem
755 495 996 548 incipientes
1027 512 1049 536 a
1071 498 1215 537 Genesi
1243 499 1360 552 juxta
1384 501 1606 540 verborum

122 551 387 589 ostensionem
407 581 419 601 ‚
454 552 557 591 sicut
584 553 762 605 expetit,
801 553 1031 603 declarare,
1068 568 1152 594 non
1182 569 1232 593 ex
1262 563 1402 596 nostra
1431 559 1606 610 quadam

120 614 260 659 parte,
289 608 362 647 sed
394 622 444 647 ex
469 609 567 662 ipsis
588 610 735 649 sanctis
755 610 977 662 Scripturis
996 611 1220 651 testificari.
1281 613 1387 652 Hinc
1413 629 1508 667 ergo
1536 630 1606 655 oc-

122 665 321 705 casionem
343 665 583 718 arripientes
599 666 716 720 Juxta
741 667 925 707 ordinem
946 667 996 707 de
1020 669 1164 709 Genesi
1183 683 1403 711 sermonem
1424 673 1603 713 facimus.

668 733 823 779 Εψιῑοει
846 734 1044 779 Praqratio.

622 859 799 904 Incipit
838 860 1092 896 Narratio.

318 927 507 966 LIBER
551 927 1040 970 GENERATIONIS
1080 931 1401 972 HOMINUM.

233 1006 325 1055 Quo
346 1006 410 1046 die
433 1006 530 1046 fecit
549 1008 654 1047 Deus
677 1009 826 1059 Adam,
857 1010 906 1049 ad
930 1010 1145 1061 imaginem
1167 1009 1238 1049 nei
1259 1010 1355 1052 fecit
1375 1027 1456 1053 eos.

231 1063 342 1102 Vixit
364 1070 500 1103 autem
518 1064 642 1104 Adam
661 1066 774 1105 annis
795 1080 947 1107 ccxxx.
967 1074 1007 1106 et
1024 1067 1160 1118 genuit
1182 1066 1290 1108 Seth.

233 1120 343 1159 Vixit
362 1127 494 1159 autem
515 1121 610 1160 Seth
635 1124 747 1162 annis
773 1137 860 1163 ccv.
883 1132 922 1164 et
944 1125 1081 1175 genuit
1099 1125 1222 1164 Enos.

230 1178 279 1216 Et
296 1177 401 1216 vixit
425 1179 531 1217 Enos
552 1179 666 1227 annis
686 1193 790 1219 chx.
813 1187 853 1220 et
872 1181 1010 1232 genuit
1031 1182 1192 1221 Cai'nan.

229 1235 279 1274 Et
299 1234 404 1273 vixit
426 1236 578 1274 Ca'inan
599 1237 714 1276 annis
738 1252 854 1277 eLxx.
878 1245 919 1277 et
938 1239 1079 1290 genuit
1104 1239 1300 1278 Malaleel.

227 1289 263 1344 *)
284 1291 407 1330 Annis
426 1306 540 1331 unxv.
562 1300 602 1332 et
619 1294 757 1344 genuit
772 1295 904 1334 Jared.

229 1349 279 1388 Et
303 1349 407 1388 vixit
422 1350 541 1388 Jared
561 1352 674 1389 annis
697 1365 818 1391 cnxu.
843 1358 884 1391 et
900 1352 1039 1403 genuit
1056 1349 1211 1390 Enoch.

228 1406 279 1445 Et
299 1406 403 1445 vixit
421 1406 560 1445 Enoch
579 1409 693 1447 annis
715 1422 834 1448 chv.
855 1415 895 1448 et
914 1409 1053 1460 genuit
1073 1405 1350 1446 mathusalam.

228 1463 279 1501 Et
298 1463 404 1502 vixit
422 1462 687 1503 Mathusalam
709 1465 823 1504 annis
843 1479 999 1505 cnxvn.
1019 1472 1058 1505 et
1076 1464 1215 1516 genuit
1241 1464 1397 1504 Lamec.

226 1520 279 1559 Et
302 1520 406 1559 vixit
424 1520 572 1560 Lamec
594 1522 708 1560 annis
732 1536 961 1562 crxxxvnx.
982 1529 1022 1562 et
1041 1522 1178 1574 genuit
1195 1521 1293 1560 Noe.

227 1576 278 1615 Et
307 1584 391 1616 erat
421 1578 507 1618 Noe
537 1592 733 1619 annorum
753 1594 793 1619 n.
813 1587 852 1620 et
881 1581 1021 1631 genuit
1049 1586 1131 1619 tres
1161 1577 1296 1623 filios,
1326 1577 1441 1626 Sem,
1472 1574 1596 1614 Cham

113 1638 154 1672 et
171 1632 331 1686 Japhet.
1195 1679 1198 1680 ⁷

225 1691 322 1730 Post
342 1704 468 1730 annos
494 1698 627 1731 autem
650 1706 682 1731 c,
707 1698 923 1745 postquam
953 1698 1165 1744 generatus
1187 1697 1249 1731 est
1268 1692 1381 1739 Sem,
1411 1688 1458 1729 fit
1478 1689 1595 1728 Dilu-

111 1747 222 1786 vium
236 1775 249 1793 ,
287 1761 379 1786 cum
403 1755 507 1787 esset
530 1762 726 1788 annorum
744 1756 1019 1789 sescentorum
1043 1750 1135 1788 Noe.

226 1804 349 1843 Fiunt
380 1817 475 1857 ergo
511 1805 560 1845 ab
587 1806 712 1845 Adam
747 1820 879 1860 usque
906 1806 958 1846 ad
993 1806 1199 1847 Diluvium
1231 1803 1509 1857 generationes
1536 1816 1593 1841 xr.

113 1875 205 1901 anni
220 1876 269 1903 11.
287 1875 472 1901 mccxnu.

225 1919 330 1958 lstae
351 1925 445 1958 sunt
466 1919 741 1971 generationes
762 1921 864 1962 Sem.

226 1977 318 2015 Sem
340 1989 432 2015 cum
463 1983 566 2016 esset
595 1991 794 2017 annorum
827 1991 861 2020 c.
897 1976 1036 2029 genuit
1064 1975 1235 2017 Arfaxat
1277 1989 1383 2015 anno
1413 1972 1594 2014 secundo

111 2038 205 2086 post
227 2033 444 2072 Diluvium.
520 2033 526 2040 '

224 2089 276 2128 Et
295 2090 401 2129 vixit
419 2090 588 2129 Arfaxat
612 2091 726 2129 annis
746 2104 900 2130 cxxxv.
923 2097 965 2130 et
982 2090 1119 2142 genuit
1136 2090 1298 2130 cainan.
1614 2095 1645 2131 P
1668 2094 1739 2134 414

223 2147 275 2185 Et
292 2147 399 2186 vixit
419 2147 569 2185 Cainan
587 2148 701 2186 annis
722 2161 845 2186 cxxx.
867 2154 905 2187 et
925 2147 1063 2199 genuit
1084 2148 1186 2187 Sale.

225 2204 276 2242 Et
295 2204 400 2243 vixit
420 2204 510 2242 Sale
528 2206 641 2243 annis
663 2218 782 2243 cxxx.
801 2211 840 2243 et
860 2204 998 2256 genuit
1021 2204 1166 2244 Heber.

224 2260 276 2298 Et
295 2260 400 2300 vixit
419 2260 552 2300 Heber
573 2261 686 2300 annis
707 2274 874 2300 cxxxw.
893 2267 932 2300 et
952 2261 1090 2312 genuit
1110 2260 1270 2300 Phalec.

225 2317 362 2370 Usque
383 2318 436 2357 ad
458 2317 593 2367 hunc,
623 2318 899 2370 generationes
919 2330 958 2357 v.
979 2331 1041 2357 an.
1055 2331 1200 2356 nxx1x.
1221 2316 1270 2355 ab
1290 2313 1421 2354 Adam
1445 2320 1591 2365 autem,

111 2375 391 2426 generationes
409 2389 481 2418 xv.
500 2375 596 2414 anni
612 2382 707 2414 sunt
724 2389 770 2414 11.
790 2387 1013 2414 mchxxr.

284 2499 476 2540 DIVISIO
507 2501 713 2541 TERRAE
743 2500 808 2540 ET
840 2500 907 2540 DE
936 2498 1120 2539 TRIBUS
1149 2496 1296 2536 FILIIS
1324 2495 1445 2538 NOE.

224 2590 318 2629 Post
348 2590 550 2630 Diluvium
577 2597 733 2638 autem,
760 2592 876 2642 Sem,
906 2588 1055 2639 Cham,
1084 2595 1124 2628 et
1157 2587 1324 2642 saphet,
1353 2586 1477 2626 trium
1503 2585 1588 2624 fra-

109 2653 242 2698 trum,
272 2647 417 2687 Tribus
438 2648 590 2687 divisae
616 2654 723 2687 sunt.

223 2705 274 2744 Et
304 2706 396 2744 Sem
426 2705 587 2757 quidem
616 2703 884 2758 primogenito
907 2718 930 2742 a
949 2701 1114 2742 Persida
1142 2708 1181 2742 et
1203 2699 1360 2741 Bactris
1388 2712 1518 2752 usque
1546 2699 1590 2738 in

111 2760 225 2800 India
245 2761 363 2813 longe
380 2768 420 2801 et
440 2776 563 2815 usque
587 2763 629 2801 in
646 2761 938 2802 Rhinocoruris
959 2766 1031 2801 est.

202 2905 236 2950 *)
261 2905 422 2941 Malaleel
442 2905 532 2940 vixit

176 2969 372 3004 Chronicon
398 2969 566 3005 paschale
595 2971 663 3004 vol.
686 2971 734 3004 ΙΙ.
1284 2963 1311 3001 7
