1884 3262
645 215 1050 260 PRAEFATIO.
1539 218 1602 266 13

133 337 283 378 Deinde
313 335 603 376 Alexandrinae
625 348 819 373 annorum
850 334 1023 386 epochae
1039 334 1104 373 vel
1123 345 1257 381 aerae,
1288 344 1390 384 quae
1411 336 1450 370 et
1471 328 1603 383 Aegy-

130 396 263 449 ptiaca
284 394 379 443 fuit,
409 393 520 432 nulla
540 398 598 432 est
614 392 657 430 in
676 406 722 430 eo
742 391 910 440 mentio,
943 391 1011 429 sed
1030 392 1147 441 longe
1167 389 1300 442 potius
1319 387 1603 436 Antiochenae,

131 453 192 492 uti
211 458 345 491 censet
367 450 562 489 Henricus
586 449 766 487 Valesius
786 447 852 498 ¹);
896 446 1004 500 quod
1018 446 1174 502 quidem
1201 443 1418 486 Chronicon
1431 475 1443 496 ,
1473 444 1606 497 inquit

132 510 220 559 ille,
257 508 385 547 nescio
411 522 481 546 cur
498 504 681 545 Raderus
706 502 1032 544 Alexandrinum
1051 504 1268 543 vocaverit:
1305 517 1374 556 ego
1396 511 1494 541 certe
1513 500 1607 540 An-

133 565 351 605 tiochenum
371 578 512 603 vocare
537 560 706 602 mallem.
762 560 915 599 Etenim
937 570 1078 599 auctor
1105 558 1214 598 illius
1240 557 1424 598 Chronici
1441 556 1607 611 diligen-

133 624 304 662 tissimus
333 630 388 659 est
409 622 448 659 in
473 618 585 658 rebus
610 617 937 658 Antiochensium
965 614 1318 655 commemorandis
1342 625 1378 654 et
1397 616 1530 662 annis,
1571 623 1606 652 ei
1630 619 1657 654 P
1681 622 1704 656 6

132 677 325 717 mensibus
343 691 472 715 eorum
488 684 670 729 perpetuo
687 673 868 724 utitur2),
891 683 934 711 ut
953 671 1046 712 olim
1066 673 1200 711 notavi
1216 673 1257 710 in
1267 670 1447 724 Epistola
1465 668 1520 710 ad
1535 669 1607 709 Ja-

133 734 273 775 cobum
308 732 512 771 Usserium.
585 732 636 770 Et
666 731 745 770 alio
776 731 865 769 loco
888 729 954 782 3);
1006 727 1227 769 Chronicon
1262 726 1604 778 Alexandrinum,

131 789 240 845 quod
258 787 412 843 quidem
432 787 615 828 libentius
637 786 928 827 Antiochenam
949 786 1181 825 vocaverim.
1237 785 1386 824 Verum
1403 785 1499 823 licet
1522 784 1604 822 Au-

132 854 222 886 ctor
243 845 430 885 Chronici
458 859 548 884 aera
573 843 818 883 Antiochena
841 857 959 896 saepe
978 849 1136 890 utatur,
1167 842 1243 880 alia
1264 848 1392 880 tamen
1427 842 1506 880 fuit
1522 840 1605 880 An-

130 904 406 944 tiochenorum
428 916 449 940 a
471 902 620 941 mundo
639 901 801 940 condito
823 915 946 939 annos
964 899 1135 953 putandi
1153 899 1278 948 ratio,
1310 913 1356 938 ac
1377 899 1536 939 diversa
1557 898 1605 937 ab

134 975 178 1000 ea
201 975 277 1014 qua
297 961 331 999 is
356 961 495 1009 utitur,
524 966 571 998 ut
591 960 634 997 in
650 958 727 997 hac
747 958 991 998 Praefatione
1003 955 1041 1009 4)
1062 957 1328 996 observamus.

242 1074 343 1114 VIIl.
385 1074 522 1126 Neque
541 1074 658 1113 etiam
678 1074 830 1126 potiori
846 1074 936 1127 jure
956 1072 1267 1112 Alexandrinum
1289 1070 1517 1111 Chronicon
1539 1085 1740 1132 ³P·Neque
1770 1097 1805 1120 a,

130 1133 270 1185 pellari
301 1131 500 1181 debuerit,
531 1132 643 1183 quod
668 1132 715 1169 ab
738 1131 1011 1170 Alexandrino
1041 1132 1216 1183 quodam
1238 1130 1444 1182 Scriptore
1463 1142 1608 1167 exara·
1620 1133 1687 1168 lius
1710 1132 1807 1178 quis-

131 1196 216 1227 tum
244 1188 337 1226 inde
366 1189 468 1227 forte
500 1189 716 1227 existimari
747 1188 911 1238 debeat,
941 1188 1051 1240 quod
1080 1201 1169 1227 cum
1203 1193 1330 1226 totum
1361 1192 1545 1225 versetur
1566 1179 1711 1225 inl>iam
1736 1179 1828 1233 s⁰¹f⁶

131 1245 399 1298 disquirendis
427 1245 622 1283 Paschalis
651 1246 682 1282 F
685 1246 895 1284 estivitatis
923 1251 960 1284 et
993 1244 1261 1284 examinandis
1295 1225 1823 1306 difficultatibus,‘:lexa¹¹d¹'¹‘

131 1302 320 1355 Aegyptii
355 1301 521 1340 maxime
549 1301 708 1355 hujusce
725 1303 1014 1355 supputationis
1039 1301 1277 1354 peculiarem
1299 1300 1480 1339 habuisse
1504 1301 1611 1339 noti·
1645 1283 1683 1307 us

131 1360 228 1398 iiam
248 1359 457 1407 dicantur,
486 1365 532 1396 ut
553 1358 732 1410 loquitur
755 1360 793 1398 S.
813 1359 891 1397 Leo
912 1359 1040 1410 Papa,
1072 1372 1143 1396 seu
1159 1364 1206 1396 ut
1229 1357 1431 1396 Proterius
1455 1357 1499 1395 in
1519 1356 1612 1409 Epi-

131 1417 232 1454 stola
255 1416 305 1454 ad
327 1415 496 1454 eundem
528 1414 789 1454 Pontificem⁵
809 1421 846 1464 ),
886 1414 996 1467 quod
1015 1414 1298 1468 Aegyptiorum
1317 1412 1497 1453 Ecclesia
1518 1427 1612 1451 ma—

129 1482 188 1510 ·ler
207 1472 366 1525 hujusce
386 1470 537 1510 laboris
568 1472 755 1514 extiterit.
812 1471 936 1524 quue
958 1472 1023 1510 vel
1040 1471 1133 1510 inde
1152 1477 1286 1523 patet,
1317 1470 1427 1522 quod
1446 1470 1487 1508 in
1507 1470 1611 1507 Con-

131 1529 226 1567 cilio
244 1529 416 1567 Nicaeno
439 1541 528 1566 cum
550 1528 756 1567 decretum
775 1529 929 1578 fuisset,
960 1535 1004 1566 ut
1023 1528 1161 1566 eodem
1182 1541 1317 1566 omnes
1337 1534 1518 1579 tempore
1538 1527 1612 1565 Ec-

132 1586 276 1624 clesiae
304 1584 453 1623 Pascha
476 1584 745 1634 celebrarent,
778 1585 914 1623 datum
936 1585 979 1622 id
1001 1584 1283 1622 Alexandrinis
1300 1584 1504 1635 negotium
1522 1583 1610 1622 fue·

130 1642 204 1692 rit,
235 1642 304 1693 qui
332 1641 520 1693 syderum
550 1655 747 1693 peraeque
776 1649 816 1680 et
835 1641 1148 1680 ordinandorum
1176 1647 1403 1693 temporum
1423 1641 1613 1679 scientiae

132 1705 244 1738 erant
263 1698 424 1736 ma'oris
445 1712 562 1750 quam
581 1699 748 1748 caeteri,
780 1706 820 1737 et
839 1705 885 1737 ut
906 1698 1067 1738 illorum
1080 1698 1290 1736 Praesules
1309 1698 1530 1748 legitimum
1550 1710 1614 1735 ce-

130 1756 314 1795 lebrandi
326 1712 539 1794 2Paschatis
569 1756 674 1793 diem
705 1756 915 1807 quotannis
948 1755 1193 1804 invenirent,
1224 1769 1271 1793 ac
1293 1754 1458 1793 caeteris
1477 1754 1614 1792 Eccle-

132 1813 199 1852 siis
219 1812 460 1862 indicarent,
492 1812 601 1863 quod
621 1813 735 1863 longe
758 1819 848 1851 ante
878 1812 1023 1852 Christi
1043 1812 1288 1850 nativitatem
1311 1811 1535 1850 factitatum
1554 1817 1615 1849 te-

131 1876 260 1909 statur
277 1869 446 1907 Joannes
478 1868 728 1921 Philoponus
752 1868 811 1921 ⁶).
875 1870 989 1909 Adde
1010 1868 1120 1922 quod
1141 1868 1297 1907 Auctor
1315 1868 1419 1907 idem
1438 1866 1616 1906 Pascha—

130 1927 179 1965 lis
203 1926 388 1965 Chronici
408 1926 559 1976 Regum
576 1927 784 1965 Persarum
809 1940 937 1979 usque
959 1926 1009 1965 ad
1033 1926 1306 1965 Alexandrum
1328 1926 1380 1964 M.
1404 1939 1450 1963 ac
1468 1924 1612 1963 deinde

130 1983 420 2035 Aegyptiorum
440 1983 592 2033 Regum
618 1997 667 2021 ex
694 1984 926 2023 Ptolemaeis
950 1996 1077 2035 usque
1109 1983 1158 2021 ad
1183 1983 1434 2035 Cleopatram
1455 1982 1614 2020 catalo-

132 2054 226 2092 gum
243 2039 450 2088 describit,
481 2046 517 2077 et
540 2054 663 2079 annos
684 2041 793 2091 regni
813 2041 1007 2093 cujusque
1029 2046 1213 2079 accurate
1234 2045 1414 2079 recenset
1433 2052 1479 2076 ac
1495 2051 1616 2091 prae-

130 2097 236 2148 figit,
265 2096 335 2135 sed
368 2102 407 2134 et
433 2095 647 2146 singularia
677 2097 871 2148 quaedam
895 2099 944 2137 de
968 2097 1205 2136 Alexandria
1235 2096 1406 2135 subinde
1425 2094 1613 2134 intermi-

133 2160 239 2204 scet,
269 2167 308 2192 v.
332 2166 367 2203 g.
387 2152 456 2190 ubi
487 2152 536 2191 de
554 2152 682 2191 Pharo
711 2154 909 2205 loquitur,
940 2160 978 2193 et
997 2167 1088 2193 cum
1117 2168 1138 2191 a
1165 2153 1417 2192 Diocletiano
1446 2151 1613 2204 praebi-

131 2218 218 2249 tum
244 2223 329 2249 esse
351 2210 494 2248 Panem
525 2216 765 2249 castrensem
784 2210 1066 2250 Alexandrinis
1098 2225 1201 2249 anno
1221 2209 1384 2262 Imperii
1397 2222 1514 2249 xvm.
1537 2209 1613 2247 ob-

133 2272 286 2314 servat3
316 2280 362 2305 ac
391 2266 590 2305 interdum
609 2280 762 2306 menses
796 2267 1084 2320 Aegyptiorum
1107 2267 1294 2306 admittit.
1352 2266 1500 2304 Verum
1522 2266 1612 2318 pari

132 2324 287 2363 ratione
316 2325 492 2362 Romano
521 2323 716 2375 cuipiam,
762 2325 830 2364 vel
860 2326 1038 2373 Graeco,
1081 2324 1147 2363 vel
1180 2324 1296 2362 etiam
1325 2322 1476 2361 Judaeo
1506 2322 1611 2362 idem

133 2381 237 2419 alius
267 2380 370 2419 forte
402 2380 677 2432 adscripserit,
737 2381 846 2433 quod
880 2383 973 2421 anni
997 2395 1071 2434 per
1106 2381 1218 2421 Coss.
1250 2393 1324 2433 per
1350 2379 1612 2432 Olympiadas

134 2437 413 2477 Alexandrinis
439 2437 682 2488 incognitas,
745 2437 863 2491 (licet
891 2453 982 2479 suas
1013 2438 1108 2477 alias
1142 2436 1404 2490 Olympiadas
1427 2435 1612 2475 habuisse

181 2622 221 2665 ¹)
246 2621 286 2655 In
309 2621 397 2655 Not.
421 2620 465 2654 ad
488 2621 581 2655 Hist.
604 2620 841 2663 Theodoreti,
866 2620 925 2655 lib.
942 2622 977 2657 2.
997 2633 1026 2655 c.
1049 2622 1105 2658 10.

181 2669 227 2712 ²)
251 2667 338 2712 Pag.
370 2668 423 2702 16.
451 2667 528 2702 177.
555 2667 632 2703 187.
657 2668 735 2702 192.
763 2668 844 2701 208.
878 2668 959 2703 230.
982 2668 1062 2703 232.
1095 2667 1176 2702 262.
1208 2666 1290 2702 263.
1325 2666 1405 2700 270.
1430 2664 1511 2700 272.
1533 2664 1613 2700 279.

181 2713 408 2803 Ξ’)2181ξ).1κῖ2ἐ)ι(.).
418 2713 519 2793 8239Ξὲ
521 2713 617 2794 gig,
640 2713 928 2805 3923-{1623'3311-
953 2714 1032 2750 328.
1056 2715 1136 2750 331.
1162 2713 1193 2749 b.
1219 2711 1300 2749 334.
1326 2712 1356 2745 b.
1382 2710 1462 2747 377.
1486 2711 1566 2746 382.

180 2806 226 2870 ἒ)
246 2805 438 2904 ἓξὲξ..
910 2785 919 2796 '

180 2851 224 2939 δὲ
247 2895 324 2930 Lib.
347 2896 391 2931 de
411 2897 512 2931 Pasc.
536 2907 570 2941 p.
593 2897 674 2932 290.
