1884 3262
457 193 516 235 IN
551 191 881 235 CHRONICON
913 191 1204 235 PASCHALE.
1295 229 1301 234 ,
1484 191 1585 238 317

112 303 314 354 usserius,
346 303 531 342 octavum
561 303 724 353 Titum,
773 302 1044 342 Domitianum
1076 307 1180 342 'vero
1215 302 1367 342 nonum
1411 304 1584 357 ponunt,

112 363 166 400 ita
191 369 237 400 ut
266 360 435 399 Galbam
464 373 545 398 non
575 360 835 407 subtrahant,
866 374 956 398 cum
986 361 1021 399 is
1050 361 1205 413 primus
1236 376 1258 399 a
1283 361 1440 400 Nerone
1471 362 1585 400 defe-

113 419 231 468 cerit,
263 433 285 456 a
318 417 444 456 Galba
472 416 616 455 deinde
646 416 756 455 Otho
787 423 826 455 et
846 417 1052 456 Vitellius.
1086 429 1186 469 quos
1212 424 1342 456 tamen
1365 417 1471 456 idem
1492 419 1587 471 Epi-

110 449 283 528 phanius
314 475 382 513 lib.
413 474 463 513 de
493 473 662 512 Ponder.
692 487 733 512 11.
765 487 823 512 xr.
854 473 895 511 in
926 473 1220 526 Imperatorum
1253 475 1354 513 serie
1394 475 1583 515 admittit.

224 531 319 582 Pag.
351 532 447 574 460.
479 533 518 574 4.
540 534 626 582 Ετη
651 526 695 570 θ’
699 529 726 582 .]
759 530 870 568 Obiit
899 544 1042 582 nempe
1072 532 1341 583 Vespasianus
1371 546 1474 571 anno
1502 533 1587 570 Im-

98 589 212 642 perii
242 602 299 627 lx.
331 596 370 627 et
399 588 464 627 die
494 601 568 628 vn.
599 594 643 625 ut
672 593 731 625 est
761 587 869 639 apud
900 587 1138 639 Eutropium
1171 595 1209 627 et
1247 588 1450 628 Orosium.
1501 584 1586 628 Dio

109 660 207 685 vero
229 659 355 684 annos
383 659 425 684 x.
463 645 602 683 diebus
634 644 860 693 vl.minus,
893 644 1075 683 Clemens
1108 645 1404 684 Alexandrinus
1435 660 1497 684 an.
1526 660 1584 686 XI.

110 717 262 742 menses
295 702 488 752 totidem,
525 702 610 740 dies
639 715 742 739 xxxi.
775 702 994 752 imperasse
1026 702 1220 741 scribunt.
1297 702 1418 755 Cujus
1454 708 1587 741 tantae

100 760 355 799 diversitatis
386 772 564 797 caussam
595 759 737 797 recitat
766 758 871 796 idem
907 758 980 796 Dio
1010 759 1120 810 apud
1156 758 1437 811 Xiphilinum,
1475 760 1588 811 quod

109 817 261 855 scilicet
299 817 614 855 inter-mortem
648 815 836 864 Neronis,
876 821 915 853 et
951 815 1107 854 initium
1147 816 1308 868 Imperii
1342 817 1589 868 Vespasiani,

110 887 234 912 annus
265 879 304 912 et
332 887 436 912 xxn.
467 873 552 911 dies
582 872 790 921 intersint,
821 872 890 922 qui
922 871 1052 910 eidem
1082 873 1322 925 Vespasiano
1344 873 1588 912 adscribun-

108 937 176 969 tur
205 945 224 968 a
265 930 415 980 Dione,
471 930 582 982 qu-od
623 929 778 967 Nerone
820 929 1036 980 superstite
1073 929 1297 981 Imperator
1344 931 1586 970 acclamatus

108 988 242 1027 fuerit.
303 987 355 1025 At
395 1001 484 1025 cum
523 985 725 1024 Paschalis
760 985 920 1033 ⁴Auctor
958 985 1191 1038 Vespasiani
1229 986 1445 1039 Imperium
1474 987 1584 1025 inci-

106 1047 193 1098 piat
222 1058 243 1082 a
275 1050 402 1083 morte
435 1043 604 1082 Neronis
625 1073 636 1092 ,
685 1057 731 1081 ac
759 1056 821 1081 lx.
854 1042 1051 1080 duntaxat
1091 1058 1217 1083 annos
1258 1044 1387 1083 eidem
1417 1044 1581 1094 tribuat,

107 1104 257 1141 sactum
287 1101 380 1140 inde
409 1107 453 1140 ut
481 1101 586 1139 infra
618 1099 719 1139 duos
749 1100 823 1138 sub
847 1113 893 1138 eo
915 1099 1155 1140 Consulatus
1176 1101 1354 1140 omiserit
1363 1131 1375 1150 ‚
1406 1101 1466 1140 uti
1487 1116 1582 1140 mox

106 1159 316 1265 ὀροεηέιΐξ·
346 1215 443 1258 460-
474 1218 513 1258 6
577 1214 694 1254 Τίτου
727 1213 962 1265 Ρουφῖνθυ]
1013 1214 1073 1252 Ita
1104 1215 1211 1254 F³⁵ti
1242 1215 1423 1256 Idafiani'
1482 1216 1582 1255 Vide

29 1281 31 1285 ’
105 1273 306 1312 Norisium
335 1272 377 1309 in
410 1271 532 1324 Epist.
563 1271 727 1309 Consul.
747 1284 849 1337 pag.
878 1270 945 1313 46.
976 1271 1043 1314 47.

226 1333 317 1380 Pag.
346 1329 442 1371 460.
472 1332 512 1371 7
575 1327 660 1368 Επὶ
685 1323 859 1377 τούτων,
891 1327 985 1380 etc.]
1027 1327 1134 1366 Haec
1167 1326 1378 1380 desumpta
1408 1335 1504 1368 sunt
1533 1344 1583 1368 ex

118 1385 390 1441 Apocrypln's.

227 1441 537 1494 Pag.460.11.
602 1443 667 1497 Τῷ
694 1437 803 1496 αὐτῷ
832 1440 935 1493 ε’τει]
981 1441 1131 1479 Desunt
1166 1439 1243 1478 ista
1275 1440 1318 1478 in
1350 1441 1584 1480 (3011.Ηυὶ-

107 1501 251 1551 stenii‚
281 1512 410 1551 usque
442 1497 494 1536 ad
522 1498 673 1551 γίνεται
697 1494 964 1552 Πατριαρχης.
994 1497 1204 1536 Caeterum
1235 1511 1373 1536 eorum
1406 1512 1583 1538 errorem

75 1577 87 1582 χ
106 1564 266 1597 secutus
297 1562 357 1596 est
391 1556 543 1593 Auctor
573 1554 786 1604 chronici,
816 1569 885 1606 qui
917 1555 1034 1593 Petro
1064 1554 1255 1592 Jacobum
1287 1555 1407 1593 fuisse
1437 1570 1584 1608 super-

107 1615 238 1654 stitem
270 1614 434 1660 volunt,
473 1611 523 1651 de
561 1626 734 1664 quorum
763 1612 957 1650 sententia
988 1611 1257 1650 consulendus
1288 1613 1510 1652 cotelerius
1541 1614 1584 1652 in

106 1672 330 1725 Epistulam
363 1668 574 1707 Clementis
605 1669 652 1707 ad
684 1669 874 1707 Jacobum
905 1683 945 1721 p.
975 1670 1072 1711 406.

219 1728 315 1767 Ibid.
377 1722 656 1778 Πατριάρχης]
698 1725 822 1777 Atqui
863 1739 907 1764 ea
938 1732 1067 1764 aetate
1107 1726 1287 1764 nondum
1326 1725 1367 1764 id
1409 1727 1583 1766 nominis

106 1792 246 1824 notum
277 1789 360 1823 erat
391 1783 497 1835 apud
532 1782 801 1832 Christianos,
843 1782 892 1821 de
922 1783 1038 1835 cujus
1067 1783 1181 1821 initio
1213 1783 1322 1835 apud
1355 1784 1584 1822 Constanti-

105 1843 359 1895 nopolitanos
398 1841 479 1891 egit
522 1853 619 1891 prae
660 1813 826 1879 caeter’is
867 1840 1035 1878 Allatius
1073 1839 1117 1878 in
1150 1839 1267 1878 libris
1297 1839 1347 1878 de
1378 1841 1583 1880 Consensu

105 1899 317 1951 utriusque
347 1896 562 1936 Ecclesiae.

221 1956 537 2007 Pag.460.13.
597 1950 837 1994 Ανιωνέπι
878 1968 954 2005 την
989 1948 1166 2006 Ρῶμην]
1217 1952 1408 1992 Jacobum
1441 1954 1580 1993 eodem

107 2027 211 2052 anno
243 2026 324 2065 quo
358 2009 561 2049 christus
570 2011 612 2048 in
644 2010 800 2048 coelum
833 2009 1045 2058 ascendit,
1085 2011 1311 2049 ordinatum
1343 2010 1580 2063 Hierosoly-

106 2083 260 2109 morum
290 2067 533 2121 Episcopum
561 2066 680 2106 docet
707 2067 902 2106 Eusebius
930 2067 973 2105 111
1004 2041 1218 2106 Chronico.
1270 2068 1408 2118 Neque
1437 2081 1580 2106 verum

106 2133 166 2166 est
197 2127 305 2179 quod
335 2125 390 2164 ait
419 2125 572 2163 Auctor
612 2123 824 2169 Chronici‚
879 2131 965 2163 tum
1004 2139 1027 2162 a
1066 2125 1185 2164 Petro
1226 2124 1455 2162 ordinatum
1495 2138 1580 2163 esse

108 2198 200 2222 cum
226 2184 262 2222 is
290 2185 454 2222 Romam
485 2181 820 2233 proficisceretur.
879 2181 1048 2220 Occisus
1092 2188 1152 2220 est
1193 2183 1341 2219 autem
1365 2194 1469 2219 anno
1499 2181 1579 2220 Ne-

104 2241 217 2279 ronis
245 2254 317 2279 vn.
343 2239 513 2278 testibus
541 2237 681 2277 eodem
706 2237 880 2276 Eusebio
909 2245 949 2277 et
965 2237 1211 2290 Hieronymo
1241 2238 1283 2276 in
1302 2237 1577 2289 Scriptoribus

107 2296 410 2336 Ecclesiasticis.
468 2296 604 2346 Longe
635 2294 739 2333 enim
768 2294 957 2343 aberrat,
1013 2295 1122 2346 quod
1162 2294 1395 2347 Vespasiani
1431 2295 1578 2348 primu,

106 2354 193 2393 Iud.
223 2368 285 2394 xl.
317 2353 442 2391 Galba
485 2358 526 2391 et
561 2352 651 2389 Tito
681 2350 824 2389 Rufino
865 2351 973 2390 Coss.
1001 2351 1139 2390 Jacobi
1176 2365 1314 2390 necem
1358 2353 1577 2404 consignat.
1602 2353 1723 2391 v448

106 2411 214 2451 Haec
243 2411 429 2449 Petavius
460 2407 511 2447 ad
540 2408 811 2461 Epiphaniam
839 2421 929 2461 pag.
961 2406 1056 2450 466.

218 2467 313 2506 Ibid.
375 2462 667 2518 Ετελεύτησεν]
709 2465 810 2503 Vide
839 2463 1036 2517 Epiphan.
1067 2464 1394 2506 Haer.1.xxvm.
1425 2479 1578 2504 mxiv.

220 2524 316 2563 Ibid.
379 2520 433 2564 To
459 2521 616 2576 σχῆμα]
665 2522 732 2560 Sic
759 2521 862 2560 infra
900 2521 943 2560 in
979 2522 1147 2562 Juliano.
1204 2523 1317 2562 Joan.
1356 2522 1496 2561 Malela
1529 2523 1580 2561 de

107 2581 259 2633 Ignatio
290 2580 423 2633 Episc.
453 2578 722 2619 Antiocheno·
762 2578 831 2619 καὶ
859 2578 974 2631 ἔλαβε
999 2595 1044 2620 το
1075 2582 1208 2645 σχῇμα
1237 2583 1311 2633 τῆς
1335 2581 1580 2630 Επισκοπῆς

107 2638 342 2690 Αντιοχείας
371 2633 556 2690 μεγάλης.
611 2636 867 2675 Herodianus
895 2636 964 2677 lib.
995 2650 1048 2674 VI.
1078 2637 1166 2676 init.
1197 2632 1501 2692 παραλαβόντος
1534 2634 1578 2675 δὲ

108 2709 184 2745 την
215 2691 341 2747 αρχήν
370 2691 656 2747 Αλεξάνδρου,
685 2691 728 2734 τὸ
760 2696 892 2746 σχῆμα
927 2691 997 2733 καὶ
1022 2690 1066 2733 τὸ
1107 2691 1238 2744 ὄνομα
1268 2694 1341 2745 τῆς
1371 2692 1577 2744 βασιλείας

108 2749 247 2790 ἐκείνω
264 2748 492 2803 περιέκειτο.
521 2756 560 2788 et
587 2749 757 2788 lib.v11.
787 2749 924 2804 φέρων
952 2748 1187 2799 Βασιλέως’
1175 2748 1301 2802 ὄνομα
1332 2747 1400 2789 καὶ
1432 2751 1574 2801 σχῆμα.

111 2791 341 2846 Chronicon
369 2805 559 2846 Paschale
587 2820 742 2846 an.11.
785 2806 1001 2846 Theodosii
1027 2807 1116 2846 Jun.
1141 2802 1410 2854 Εἰσελθόντος
1425 2806 1573 2847 Αετίου
