1820 3276
115 736 149 771 V
166 734 235 773 473

262 221 361 269 356
837 184 1160 263 NOTAE

263 347 364 372 scus.
422 331 521 371 Vide
551 331 754 370 Petavium
782 330 833 370 ad
853 330 1057 384 Epiphan.
1099 346 1139 384 p.
1170 333 1267 374 406.
1300 337 1338 371 et
1370 330 1532 382 Pagium
1561 330 1603 369 in
1634 330 1720 374 Dis,-

264 397 360 430 sert.
393 388 536 441 Hypat.
565 402 654 441 cap.
682 389 756 429 ult.

381 448 472 495 Pssg·
503 446 597 489 508
629 448 693 487 10
753 443 835 484 Καὶ
854 444 1187 498 Βραδουμιανοῦ]
1230 444 1485 493 Valdumiano,
1505 442 1612 481 Fasti
1633 442 1726 481 lda-

265 502 387 541 tiani:
428 502 514 551 alii,
553 501 792 542 VoldumaeQano

380 561 471 608 Pag.
501 557 594 600 508.
628 560 691 600 13.
754 553 919 604 Τουτοις
942 560 1026 604 τοῖς
1049 553 1246 607 Τπατοις]
1283 557 1342 594 Ex
1370 555 1516 594 Chron.
1548 555 1724 598 Eusebii:

264 615 299 654 is
329 628 424 653 vero
454 629 504 672 ex
534 614 752 666 Eutropio,
788 613 858 652 ubi
886 613 1071 664 Scaliger.
1129 614 1350 665 Vopiscus:
1391 613 1552 650 adhibito
1583 613 1727 650 consilio

266 671 422 710 Senatus
442 684 559 709 muros
577 672 676 709 urbis
695 671 888 719 dilatavit,
917 684 979 708 nec
1005 674 1121 708 tamen
1141 670 1326 708 Pomaerio
1345 669 1490 707 addidit
1511 682 1548 708 eo
1566 673 1727 720 tempore,

267 729 328 782 sed
354 732 488 780 postea.
546 727 731 766 Pomaerio
757 731 874 765 autem
894 729 1023 765 nemini
1040 727 1247 777 Principum
1275 727 1355 763 licet
1385 726 1537 774 addere,
1565 727 1638 763 nisi
1666 727 1730 776 qui

263 787 349 836 agri
376 786 556 823 barbarici
572 785 698 835 aliqua
719 788 825 835 parte
844 783 1045 822 Romanam
1068 783 1337 834 Rempublicam
1359 783 1596 834 locupletavit.
1627 781 1727 820 Vide

263 842 467 881 Victorem
504 840 546 879 in
588 840 691 892 Epit.
733 840 920 879 Orosium
959 841 1028 880 lib.
1059 854 1131 879 vu.
1171 853 1256 891 cap.
1285 853 1410 877 xxm.
1452 845 1492 878 et
1528 838 1726 876 Zosimum

261 898 332 937 lib.
362 912 390 936 1.

378 951 694 1004 Pag.508.15.
754 951 926 997 Κυιέτου
956 968 998 993 το
1031 950 1092 1005 β’.]
1143 951 1218 990 Hic
1249 951 1486 989 Consulatus
1515 964 1560 989 11.
1592 949 1727 999 Quieti

265 1017 305 1050 et
333 1008 590 1050 Bradumiani
620 1022 691 1047 seu
718 1009 1000 1085 Voldumiani,
1031 1009 1099 1061 qui
1129 1009 1263 1047 nullus
1293 1008 1389 1058 fuit,
1419 1021 1629 1059 perperam
1648 1006 1726 1046 hoc

265 1068 358 1106 loco
389 1072 448 1105 est
476 1066 667 1105 intrusus.

380 1123 474 1172 Pag
504 1122 696 1165 508.18.
754 1121 838 1162 Και
871 1120 1132 1175 Μαρκέλλου]
1181 1121 1251 1158 lta
1276 1121 1475 1172 Prosper,
1511 1119 1725 1168 Victorius,

265 1182 456 1228 Senator,
492 1178 715 1227 Marianus,
744 1184 817 1216 etc.
857 1178 1092 1226 Marcellino,
1122 1177 1229 1215 Fasti
1259 1177 1337 1218 alii

387 1235 681 1285 Pag.509.1.-
729 1230 985 1287 Αὕρηλιανος
1004 1229 1103 1286 Av'y.
1121 1233 1306 1289 τελευτᾷ]
1338 1233 1504 1272 Mortem
1525 1231 1727 1272 Aureliani

264 1293 305 1331 in
334 1305 482 1330 annum
514 1304 556 1333 v.
586 1290 764 1343 ejusdem
798 1291 960 1341 Augusti
988 1291 1110 1328 refert
1140 1274 1368 1328 Chronicon
1399 1289 1576 1328 Eusebii:
1605 1288 1649 1326 id
1668 1292 1726 1328 est

262 1348 476 1388 Aureliano
494 1361 553 1388 111.
574 1354 614 1386 et
630 1347 859 1386 Marcellino
891 1348 1000 1387 Coss.
1031 1347 1231 1398 quomodo
1259 1346 1376 1384 etiam
1407 1346 1512 1384 Fasti
1542 1344 1726 1391 Idatiani,

264 1412 303 1445 et
334 1406 526 1456 Prosper:
568 1406 735 1442 Senator
773 1403 935 1442 biennio
974 1410 1079 1456 post.
1139 1403 1236 1441 Vide
1273 1402 1435 1453 Pagium
1474 1416 1560 1454 cap.
1590 1402 1658 1440 ult.
1686 1414 1725 1440 n.

262 1475 348 1501 xv1.
404 1460 527 1499 Periit
556 1467 687 1499 autem
710 1460 955 1499 Aurelianus
987 1459 1235 1510 Coenufrurio,
1266 1463 1330 1510 qui
1348 1460 1399 1497 lo«,
1390 1474 1444 1497 us
1463 1465 1514 1498 est
1536 1459 1726 1508 Thraciae,

262 1519 394 1570 inquit
431 1517 686 1556 Lanctantius
735 1517 783 1556 de
824 1517 983 1555 Mortib.
1025 1522 1220 1568 persecut.
1259 1531 1295 1554 n.
1325 1529 1379 1554 vl.
1417 1516 1515 1561 falsa
1554 1515 1726 1568 quadam

245 1574 491 1626 'suspicione
523 1574 571 1612 ab
601 1573 737 1612 amicis
772 1574 1043 1626 interemptus.
1106 1573 1203 1611 Vide
1243 1571 1473 1625 Syncell'um
1511 1578 1573 1611 et
1587 1571 1724 1611 Scali-

290 1644 414 1671 erum.

262 1645 288 1683 g
385 1691 473 1738 Pag.
504 1687 596 1730 509.
627 1690 669 1728 2.
727 1685 890 1740 Ημὲρϊκς
909 1681 968 1734 ’,ζ’
973 1685 1001 1738 .]
1036 1684 1262 1724 Chronicon
1283 1685 1721 1731 Euseb.dies1.xxxlx‚

262 1744 457 1807 Prosper,
487 1756 690 1782 Lxxxvm.
737 1743 979 1795 Eutropius,
1010 1744 1181 1781 memibus
1199 1757 1243 1782 11.
1260 1746 1293 1780 et
1314 1744 1437 1782 diebus
1452 1755 1524 1780 xx.
1582 1741 1722 1810 Victor

263 1799 307 1837 in
337 1801 441 1853 Epit.
475 1801 551 1838 dies
574 1813 642 1839 Lx.
671 1799 792 1847 alter,
822 1814 891 1838 uno
910 1812 1021 1837 mense
1042 1805 1075 1838 et
1094 1800 1225 1847 altero,
1251 1805 1324 1837 etc.

376 1857 471 1895 Ibid.
530 1855 610 1896 Καὶ
631 1851 809 1908 ἐσφάγη]
840 1856 948 1907 Apud
969 1856 1130 1894 Tarsum.
1161 1854 1306 1894 Chron.
1337 1854 1479 1894 Euseb-

378 1915 472 1962 Pag.
504 1914 598 1954 509-
630 1914 670 1953 3
734 1912 802 1959 Τίς
826 1915 1076 1962 Μανιχαῖος]
1109 1910 1380 1950 manichaeum
1412 1910 1630 1953 Cerdonem
1650 1923 1722 1949 vo·

262 1974 347 2019 cat,
391 1975 437 2007 ut
468 1967 535 2019 qui
565 1966 731 2006 Manetis
762 1967 831 2018 qui
872 1974 1009 2019 postea
1049 1967 1152 2006 vixit
1180 1967 1330 2006 haeresi
1367 1968 1524 2006 initium
1555 1967 1722 2015 dederit,

263 2031 326 2076 et,
357 2032 403 2064 ut
430 2025 521 2074 ille,
550 2024 629 2063 duo
658 2023 927 2062 introduxerit
955 2024 1174 2075 principia,
1211 2038 1281 2063 seu
1312 2024 1415 2064 duos
1445 2025 1566 2074 Deos,
1596 2037 1721 2063 unum

262 2080 434 2129 bonum,
465 2081 637 2119 alterum
666 2093 846 2129 saevum,
878 2086 925 2119 ut
954 2087 1125 2119 testatur
1152 2081 1434 2120 Tertullianus.
1475 2081 1612 2120 Manes
1639 2094 1721 2124 ιιι-η

262 2144 343 2176 tem
376 2137 478 2176 vixit
517 2137 621 2175 circa
660 2142 839 2188 tempora
871 2137 1062 2182 Gallieni,
1102 2137 1168 2175 vel
1205 2136 1432 2186 Aureliani,
1472 2151 1542 2177 seu
1579 2131 1725 2186 Taciti,

262 2201 309 2232 ut
336 2201 394 2232 est
423 2194 529 2246 apud
556 2195 811 2245 prosperum,
849 2194 912 2232 vel
943 2194 1060 2232 Probi
1076 2222 1088 2241 ,
1130 2199 1175 2231 ut
1204 2193 1310 2246 apud
1342 2194 1563 2233 Eusebium.
1621 2194 1722 2232 Pro-

262 2249 355 2288 inde
386 2257 454 2289 aut
481 2249 581 2289 haec
611 2257 789 2302 spectant
811 2247 879 2288 ‘ad
915 2250 1130 2302 Imperium
1163 2251 1361 2293 *Antonini
1400 2251 1481 2300 Pii,
1523 2250 1597 2289 sub
1638 2263 1718 2302 quo

263 2306 393 2344 Cerdo
424 2307 547 2355 vixit,
578 2313 624 2346 ut
654 2312 848 2345 testantur
872 2306 1074 2356 irenaeus,
1105 2307 1285 2346 Clemens
1308 2307 1611 2356 Alexandrinus,
1634 2307 1717 2344 Eu-

262 2361 418 2412 sebius,
452 2369 490 2401 et
521 2363 614 2412 alii,
645 2370 714 2401 aut
745 2363 1007 2414 expungenda
1036 2363 1181 2413 verba,
1214 2360 1375 2416 ὀνόματι
1402 2363 1580 2416 Κέρδων.
1638 2363 1723 2409 Nec,

260 2418 384 2458 refert
414 2419 523 2470 quod
551 2419 686 2458 Manes
716 2422 946 2470 Μανιχαῖος
974 2419 1054 2458 hoc
1082 2419 1172 2458 loco
1202 2420 1379 2469 dicatur,
1412 2433 1502 2463 cum
1531 2433 1611 2458 non
1632 2419 1718 2459 fere

263 2474 378 2514 aliter
408 2489 430 2514 a
458 2475 663 2514 veteribus
694 2475 934 2526 appelletur.
992 2477 1042 2514 Et
1081 2490 1174 2515 sane
1211 2476 1402 2515 Eusebius
1429 2476 1472 2514 in
1505 2474 1648 2514 chron.
1677 2482 1718 2515 et

263 2544 314 2570 ex
335 2545 381 2570 eo
402 2531 632 2584 Syncellus‚
664 2531 853 2569 Cerdonis
881 2546 961 2570 non
991 2532 1189 2579 meminit,
1218 2533 1285 2571 ubi
1305 2533 1371 2571 ille
1391 2546 1494 2570 anno
1511 2546 1554 2570 11.
1574 2532 1714 2573 Probi.

260 2587 291 2641 ἦ
308 2603 387 2629 των
400 2587 626 2628 Μανέντων
646 2589 888 2639 Μανιχαίων
908 2585 1163 2641 πανόλεθρος
1181 2584 1354 2628 ἄπωλεια
1373 2592 1428 2643 τῷ
1449 2605 1530 2629 των
1549 2585 1715 2642 ἄνθρω-

261 2659 350 2685 πων
371 2640 619 2698 παρεισήχθη
649 2643 737 2698 βίῳ.
770 2650 809 2682 et
830 2643 991 2684 Hieron.
1023 2645 1158 2684 Insana
1182 2630 1474 2684 Manichaeorum
1499 2646 1652 2685 haeresis
1673 2649 1721 2687 in

262 2713 435 2740 commune
453 2702 601 2740 humani
620 2702 756 2750 generis
775 2701 906 2738 malum
924 2705 1058 2739 exorta.

379 2761 472 2809 Pag.
501 2758 594 2800 509.
624 2756 663 2799 5
722 2758 807 2807 Ετη
836 2751 897 2808 ς’.]
944 2756 1079 2795 Annos
1119 2757 1237 2795 Probi
1274 2758 1505 2809 expendunt
1541 2757 1712 2809 Scaliger

261 2811 328 2851 lib.
360 2828 398 2852 v.
430 2815 479 2853 de
507 2811 669 2853 Emend.
707 2811 839 2864 Temp.
879 2826 968 2865 pag.
998 2813 1094 2856 493.
1134 2820 1174 2852 et
1208 2815 1388 2853 Petavius
1427 2814 1477 2853 ad
1515 2814 1711 2868 Epiphan.

262 2883 303 2922 p.
331 2869 427 2914 406.
454 2876 657 2924 praeterea
683 2867 938 2909 Bucherius
926 2883 968 2908 m
997 2869 1216 2909 victorium
1244 2884 1334 2923 pag.
1364 2871 1459 2915 241.
