1820 3276
455 211 514 253 IN
552 198 887 255 cimoNIcoN
911 212 1198 256 PAscHALE.
1475 212 1572 259 361

233 320 552 373 Pag.512.12.
610 326 674 362 Εν
698 323 915 378 Κοτυαίῳ]
957 324 1023 363 Sic
1052 324 1321 377 reposuimus,
1353 322 1462 378 (cum
1494 328 1582 366 Ko

117 379 258 433 τυσείῳ
305 379 526 431 praeferret
574 379 694 420 editio
734 365 988 431 Rader‘iana,
1037 382 1244 436 Κοτυαείῳ
1290 382 1575 433 Scaligeriana)

119 434 319 487 quomodo
350 436 467 474 etiam
496 437 538 474 in
563 435 770 475 Strabonis
792 443 831 474 et
861 437 1111 476 Constantini
1143 437 1293 490 Porph.
1318 438 1445 480 codd.
1464 439 1575 478 MSS.

115 492 192 544 legi
223 498 361 531 monet
390 493 618 531 Holstenius
647 493 696 531 ad
726 492 971 544 Stephanum
1002 495 1051 532 de
1083 494 1218 534 Urbib

231 551 446 599 Pag.512.
480 553 544 593 18.
604 549 779 603 Πέρσαι]
809 550 918 588 Fasti
947 550 1086 589 Idatii:
1114 552 1187 591 His
1208 552 1302 591 Coss.
1328 554 1416 590 victi
1435 552 1576 591 Persae.

116 605 331 658 Eutropius
361 620 382 643 a
411 607 496 645 solo
524 607 762 645 Maximiano
804 606 956 645 deletos
999 608 1160 656 scribit,
1212 608 1318 646 nulla
1357 608 1577 648 Constantii

116 661 219 700 facta
245 662 465 703 mentione.
525 663 705 702 Meminit
733 662 852 702 etiam
882 664 998 702 istius
1029 664 1078 704 de
1112 665 1240 704 Persis
1269 665 1419 704 relatae
1447 667 1575 704 victo-

114 718 197 757 riae
225 720 454 758 Lactantius
485 720 535 759 de
563 720 684 761 Mort.
710 720 910 760 Persecut.
942 735 979 759 n.
997 735 1054 760 xx.
1086 736 1204 774 quam
1233 722 1314 765 hoc
1343 737 1448 762 anno
1479 724 1627 762 con-rP
1651 723 1719 760 552

114 775 248 826 tigisse
276 776 422 828 probat
448 776 569 817 Henr.
603 777 782 816 Valesius
819 777 861 815 in
898 778 990 816 Not.
1028 778 1080 816 ad
1110 779 1250 818 Euseb.
1286 793 1326 832 p.
1358 783 1451 824 170.
1481 780 1577 820 licet

113 832 157 870 in
186 832 386 871 Chronico
413 833 637 872 Eusebiano
667 834 784 872 aliter
811 834 1018 874 scribatur.

229 891 320 940 Pag·
346 892 441 932 513.
473 893 510 932 3.
567 895 694 944 Αγιος
723 892 956 942 Γελασῖνος]
1008 892 1072 930 Sic
1102 892 1220 930 etiam
1264 892 1363 932 cod.
1393 893 1576 932 Vatican.

116 945 331 997 [quomodo
360 946 403 984 id
430 946 602 986 nominis
639 947 818 986 occurrit
855 948 966 1000 apud
995 949 1214 987 Martialem
1244 949 1311 989 lib.
1342 950 1575 1001 V11.Epigr.

113 1015 227 1041 xx1v.
256 1003 548 1055 ExAddendis.]
590 1005 802 1043 Genesium
836 1006 903 1043 alii
938 1012 1102 1055 vocant,
1133 1007 1248 1060 cujus
1278 1007 1423 1045 festum
1454 1012 1576 1057 agunt

116 1059 257 1098 Graeci
300 1065 339 1097 et
376 1060 504 1098 Latini
540 1075 636 1101 xxv.
677 1063 811 1112 Augus
797 1062 858 1101 ti.
918 1062 1016 1102 Vide
1056 1064 1194 1103 Boron.
1226 1063 1278 1101 ad.
1316 1064 1578 1116 Martyrolog.

115 1122 155 1154 et
182 1117 222 1155 in
255 1117 392 1155 Annal
427 1117 534 1158 Eccl.
565 1132 614 1157 an
656 1131 925 1160 cccu1.num.
959 1133 1098 1161 cxvm.

225 1173 316 1212 Ibid.
380 1177 460 1226 Τῆς
490 1175 769 1228 Λιβανησίας]
828 1176 910 1213 Cur
956 1176 1176 1228 Heliopolis
1222 1177 1419 1216 Libanesza
1441 1207 1454 1228 ,
1510 1178 1578 1216 vel

113 1207 326 1269 Libanensis
354 1229 538 1281 dicatur,
584 1245 635 1270 ex
669 1233 872 1270 Damascio
913 1235 1016 1285 apud
1059 1233 1244 1272 Photium
1278 1234 1439 1282 discere
1468 1228 1577 1283 licet,

115 1286 229 1338 cujus
258 1293 351 1325 sunt
380 1286 480 1325 haec
516 1289 658 1326 verba·
702 1304 802 1329 κατα
834 1305 909 1341 την
935 1287 1186 1330 Ηλιούπολιν
1218 1291 1369 1343 Συρίας
1401 1291 1457 1338 εἰς
1487 1289 1581 1343 όρος

113 1358 160 1382 το
186 1346 260 1383 τοῦ
282 1340 471 1395 Λιβανου
500 1341 568 1384 τὸν
592 1342 884 1396 Ασκληπιαδην
910 1341 1102 1387 ἐπελθεῖν
1133 1347 1244 1397 φασί.
1305 1347 1454 1386 Laudat
1474 1347 1579 1385 Hol-

115 1405 216 1438 sten.
248 1413 476 1450 nummum,
500 1401 542 1439 in
570 1416 650 1453 quo
680 1404 744 1440 vir
775 1403 939 1454 quidam
971 1417 1116 1454 equum
1155 1417 1273 1442 manu
1312 1403 1457 1454 trahit,
1487 1418 1581 1443 cum

114 1455 192 1494 hac
222 1456 505 1509 Inscriptione:
531 1461 728 1498 HAIOH.
762 1461 914 1499 ΠΡΟΣ
937 1462 1208 1500 ΛΙΒΑΝΟΝ.
1262 1460 1393 1500 Alium
1423 1462 1580 1513 profert

114 1513 181 1553 vir
210 1513 468 1553 doctissimus
496 1515 606 1553 Joan.
629 1516 879 1565 Harduinus‚
911 1530 1002 1555 cum
1033 1516 1108 1555 hac
1135 1517 1385 1570 Epigrsphe:
1416 1521 1578 1558 ΗΛΙΟ-

116 1572 300 1610 ΠΟΛΙΣ
324 1574 414 1611 ΕΝ
434 1574 672 1612 ΛΙΒΑΝΩ..
736 1573 883 1611 Plinius
911 1574 980 1615 lib.
1003 1587 1042 1612 v.
1075 1581 1171 1613 sect.
1199 1587 1288 1616 xix.
1317 1575 1439 1613 Amnis
1462 1576 1580 1613 Oron-

62 1634 64 1636 ’
114 1631 166 1665 tes
184 1623 292 1665 natus
315 1631 407 1666 inter
429 1629 609 1667 Libanum
639 1634 673 1667 et
693 1630 958 1679 Antilibanum,
981 1632 1097 1680 juxta
1123 1631 1349 1682 Heliopolim.
1393 1632 1452 1669 Ita
1481 1638 1576 1673 sect.

113 1698 200 1722 xix.
230 1684 460 1734 Laodzceom,
488 1686 546 1724 Ad
569 1687 727 1724 libanum
751 1690 1031 1736 cognominatam
1060 1688 1219 1726 scribit:
1251 1701 1340 1727 cum
1372 1689 1448 1726 alia
1477 1695 1581 1727 esset

116 1754 217 1791 quae
247 1739 348 1793 πρὸς
368 1739 579 1782 θάλασσαν
609 1742 828 1791 diceretur,
860 1750 905 1782 ut
934 1750 994 1782 est
1022 1745 1062 1782 in
1093 1745 1218 1783 veteri
1240 1759 1428 1792 numm0,
1459 1759 1581 1797 quam

116 1796 279 1835 eandem
308 1798 452 1837 liberam
478 1805 597 1837 vocat
625 1800 730 1838 idem
761 1800 914 1839 Plinius
943 1807 1040 1842 sect.
1071 1815 1189 1846 xvm.
1224 1802 1487 1855 Theophanes
1517 1817 1581 1841 an.

115 1866 190 1893 xx.
211 1852 485 1922 Copronymi:
519 1852 727 1909 Θεόδωρος
758 1855 802 1897 δὲ
820 1859 1045 1910 Λιβανίτης
1063 1854 1207 1912 Συρος
1240 1875 1340 1899 κατα
1366 1875 1441 1911 την
1471 1860 1580 1911 περί-

55 1925 58 1927 ’
115 1926 245 1963 χωρον
268 1908 550 1960 Ηλιουπόλεως
579 1929 653 1966 τηι
680 1913 744 1954 ἐπὶ
763 1915 950 1964 Λίβανον
971 1914 1164 1967 ἐπανέστη
1185 1919 1269 1963 τοῖς
1288 1919 1442 1967 Αραψι.
1502 1916 1581 1954 Ubi.

115 1969 287 2019 Symeon
317 1968 530 2020 Logotheta
559 1970 601 2007 in
633 1969 780 2011 Chron.
810 1971 892 2010 MS.
927 1970 1183 2010 Theodorum
1222 1971 1330 2010 hunc
1360 1975 1580 2025 Συρολιβα-

114 2025 229 2074 νίτην
256 2033 387 2064 vocat.
453 2027 512 2064 Ad
546 2027 736 2065 Libanum
769 2027 887 2065 etiam
929 2035 967 2066 et
1007 2029 1195 2067 Orontem
1234 2029 1402 2068 fluvium
1439 2030 1580 2068 Helio-

114 2081 237 2133 polim
271 2083 410 2121 statuit
438 2084 544 2124 Will.
577 2084 724 2135 Tyrius
753 2084 822 2122 lib.
842 2098 896 2124 ιν.
929 2098 1014 2136 cap.
1035 2098 1122 2124 vm.
1154 2092 1194 2125 et
1222 2086 1293 2124 lib.
1310 2100 1397 2127 xxl
1423 2100 1507 2139 cap.
1524 2100 1581 2125 VI.

115 2137 184 2176 ubi
214 2152 286 2176 sua
316 2145 548 2191 tempestate
575 2141 722 2179 Malbec
752 2141 898 2179 dictam
931 2142 1108 2180 docet..

231 2195 327 2245 Pag
361 2199 455 2239 513.
487 2198 525 2239 5.
586 2198 663 2245 Εἰς
689 2197 911 2249 Βουττί-ον]
943 2197 1169 2249 Εὲςευᾶιιηι
1203 2198 1259 2246 εἷς
1276 2194 1447 2240 Βούττιν
1475 2199 1583 2238 indi-

117 2257 183 2289 cat
212 2251 455 2302 adjectivum
485 2249 670 2306 μεγάλην.
730 2254 829 2292 Vide
861 2255 1040 2294 Glossar.
1069 2254 1172 2292 med.
1203 2255 1375 2294 Graecit.

232 2309 523 2359 Pag.514.1.
582 2311 750 2350 Ανικίου
779 2307 995 2360 Φαύστου]
1041 2324 1085 2349 11.
1124 2311 1276 2350 addunt
1314 2313 1493 2351 Libellus
1531 2314 1583 2352 de

116 2365 243 2402 Praef.
273 2366 367 2406 Urb.
411 2373 450 2405 et
485 2366 594 2405 Fasti
634 2367 852 2406 Savilliani.
908 2367 947 2405 Is
980 2367 1207 2406 Praefectus
1236 2368 1336 2408 Urbi
1364 2370 1444 2423 fuit
1476 2384 1582 2409 anno

116 2421 313 2473 sequenti.

223 2481 316 2528 Pag
346 2479 442 2521 514.
476 2482 515 2521 7.
575 2478 755 2532 Πέτρος]
797 2480 938 2518 Euseb.
970 2493 1033 2518 an.
1063 2493 1164 2518 xvn.
1204 2481 1375 2523 Dioclet.
1416 2484 1580 2522 Alexan-
1603 2484 1635 2518 V
1663 2482 1734 2521 477

118 2535 242 2573 «trinae
261 2536 447 2574 Ecclesiae
464 2549 548 2574 xvr.
576 2541 657 2588 post
689 2538 868 2575 Theonam
898 2537 1101 2588 Episcopus
1125 2538 1314 2576 animatur
1342 2539 1490 2589 Petrus,
1521 2544 1585 2591 qui

115 2594 238 2641 postea
266 2605 324 2631 lx.
350 2595 601 2643 persecutionis
633 2608 728 2632 anno
761 2594 912 2644 gloriose
946 2596 1157 2645 martyrium
1188 2599 1420 2646 perpetravit.
1481 2597 1582 2636 Vide

120 2647 288 2686 eundem
316 2649 530 2687 Eusebium
559 2650 629 2690 lib.
660 2664 751 2689 vm.
783 2650 885 2688 Hist.
915 2651 1024 2690 Eccl.
1057 2664 1146 2702 cap.
1178 2664 1272 2692 xlii.
1313 2652 1582 2704 Epiphanium

119 2701 234 2743 Haer
262 2717 406 2744 vam.
436 2706 664 2746 chronicon
694 2707 896 2746 Orientale
924 2721 1015 2759 pag.
1043 2711 1136 2750 126.
1168 2713 1207 2745 et
1236 2707 1462 2749 Chronicon
1490 2710 1584 2749 Ale-

120 2759 359 2799 xandrinum
389 2763 578 2814 Scaligeri
609 2778 645 2817 p.
677 2768 743 2807 83.

233 2816 327 2855 Ibid.
388 2819 468 2858 Καὶ
487 2815 548 2866 ις’.
567 2823 640 2872 τῆς
657 2823 842 2873 Διοκλητ.
862 2820 1021 2872 Βασιλ]
1054 2821 1259 2860 Glossema
1293 2823 1505 2894 marginale
1539 2823 1582 2863 in
