1884 3262
92 952 174 996 Peg.
186 955 264 983 209.

92 1066 175 1110 Pag.
188 1069 265 1098 211.

89 1123 173 1167 Pag.
186 1128 265 1158 211.

89 1294 260 1339 Pag.211.

291 209 391 256 226
614 204 857 249 SELECTA
885 205 958 248 AD
995 205 1488 269 ILEUSTRATIONEM

292 321 354 358 nis
386 315 551 368 singulis
578 315 770 355 attributi.
809 314 966 355 Horum
992 310 1240 370 διάρθρωσις
1266 316 1307 355 in
1338 315 1488 369 triplici
1518 315 1766 354 Graecorum

295 381 486 427 computo
519 386 759 425 magnopere
795 372 1018 412 necessaria
1048 379 1125 422 est,
1175 386 1348 425 quorum
1389 386 1441 412 ex
1479 373 1662 424 neglectu
1701 371 1767 412 vel

290 432 542 484 ignoratione
574 430 789 482 multiplex
819 443 933 469 error
966 429 1203 469 admittitur.

407 486 528 536 Quod
557 487 608 525 atl
635 486 795 526 initium
824 487 952 537 igitur
982 500 1177 526 annorum
1206 486 1406 540 pertinet,
1445 486 1535 536 alii,
1572 491 1621 524 ut
1650 479 1768 524 dfxi-

292 558 402 594 mu3‚
444 557 568 583 annos
598 557 691 582 suos
721 543 769 582 ab
802 544 898 583 orbe
930 544 1093 583 condito
1123 544 1198 582 ista
1229 544 1509 590 dinumerant,
1549 549 1597 582 ut
1627 555 1767 581 eorum

290 601 559 654 primordium
587 602 630 639 in
662 614 789 640 verno
813 614 942 640 mense
971 601 1230 640 constituant.
1290 600 1479 639 Chronici
1508 598 1768 639 Alexandrini

291 659 489 710 scriptor,
540 658 610 709 qui
648 659 806 713 tertiam
847 662 978 697 aenam
1021 658 1227 710 sequitur,
1279 657 1359 696 hoc
1398 664 1459 697 est
1496 658 1604 696 ultra
1642 656 1769 699 5500.

291 715 441 754 Christi
466 715 638 754 natalem
658 714 840 754 extendit
859 728 1024 766 annum,
1054 721 1177 766 caput
1210 728 1405 754 annorum
1437 714 1486 753 ab
1514 711 1768 765 aequinoctio

289 786 416 812 verno
448 778 488 811 et
515 771 650 811 Martii
678 785 764 810 xx1.
795 771 995 811 deducere
1025 785 1068 810 se
1098 772 1332 823 profitetur:
1364 778 1404 810 et
1432 771 1668 824 imprudens
1697 775 1769 808 ta·-

290 844 381 868 men
419 829 621 868 interdum
661 828 821 868 orditur
859 844 880 867 a
919 829 1167 881 Septembri,
1219 842 1322 880 quae
1360 842 1424 867 res
1461 835 1501 868 et
1539 826 1769 866 Chronicon

288 887 422 939 ipsum
454 886 691 934 conturbat,
722 892 761 924 et
786 886 948 925 lectoris
976 886 1186 924 confundit
1213 885 1425 937 ingenium.

405 942 606 982 Christum
649 956 741 982 ecce
779 942 1024 995 baptizatum
1068 943 1193 982 refert
1232 957 1335 981 anno
1374 942 1516 981 mundi
1545 941 1667 984 5536.
1695 939 1767 979 Ja-

289 1000 418 1038 nuarii
454 1000 626 1040 v1.1nd.
659 1014 686 1037 1.
726 999 875 1038 Tiberii
914 1000 1067 1039 decimo
1113 1000 1277 1051 quinto,
1331 1000 1436 1038 Rufo
1475 1006 1513 1039 et
1551 997 1765 1036 Rubellino

291 1057 400 1096 Coss.
459 1056 583 1095 Paulo
613 1062 706 1109 post
734 1069 832 1095 vero
859 1070 1006 1094 annum
1044 1062 1276 1108 sequentem
1308 1056 1431 1099 5537.
1462 1071 1483 1094 a
1512 1067 1598 1094 xx1.
1632 1053 1767 1093 Martii

288 1113 409 1152 docet
439 1113 644 1166 incipere,
677 1112 813 1151 eadem
845 1113 1068 1155 Indictione
1099 1113 1238 1164 prima.
1269 1114 1371 1151 Tum
1401 1114 1578 1165 apertius
1608 1110 1764 1159 deinde,

287 1170 510 1209 Indictione
540 1184 585 1211 11.
625 1183 728 1208 anno
759 1169 911 1208 Tiberii
938 1183 1024 1208 xv1.
1057 1176 1171 1209 notat
1210 1183 1355 1208 annum
1385 1171 1526 1208 mundi
1560 1168 1684 1212 5538.
1715 1166 1765 1206 ab

288 1228 383 1267 orbe
414 1227 598 1277 condito,
630 1233 669 1265 et
699 1226 784 1278 ejus
813 1225 975 1264 initium
1003 1223 1150 1279 repetit
1181 1241 1202 1264 a
1234 1240 1321 1264 xm.
1342 1227 1488 1265 Martii.

400 1284 552 1322 Verum
597 1283 736 1321 eadem
776 1295 911 1334 pugna
952 1283 995 1324 in
1043 1295 1122 1333 qua
1163 1283 1336 1334 primum
1378 1282 1528 1321 Pascha
1570 1280 1767 1319 tribuerat

288 1354 392 1379 anno
424 1339 563 1379 mundi
594 1340 718 1382 5537.
739 1352 858 1390 quem
889 1346 928 1378 et
958 1354 979 1377 a
1009 1352 1098 1378 xxl.
1127 1339 1262 1378 Martii
1291 1340 1355 1378 die
1384 1338 1565 1378 inchoari
1595 1337 1766 1386 dixerat,

288 1398 467 1443 subinde.
499 1410 645 1447 annum
683 1395 854 1440 eundem
891 1396 1015 1439 5536.
1052 1402 1248 1437 numerat.
1324 1397 1461 1448 Neque
1507 1395 1663 1434 librarii
1698 1393 1768 1432 hic
1827 1427 1831 1434 .

288 1468 402 1494 error
435 1461 514 1493 est:
564 1468 656 1492 nam
697 1459 737 1491 et
774 1453 883 1491 illius
922 1452 1079 1491 numeri
1117 1453 1280 1504 partitio
1320 1466 1394 1504 per
1425 1456 1489 1496 19.
1523 1453 1575 1491 ad
1607 1452 1766 1504 cyclum

288 1512 534 1559 eruendum,
574 1516 614 1549 et
640 1516 873 1562 epactarum
892 1510 987 1548 solis
1007 1510 1257 1561 investigat-io
1281 1510 1575 1559 demonstrant,
1606 1510 1767 1561 ipsum-

216 1558 218 1566 ’
286 1576 368 1608 met
403 1582 573 1617 annum,
605 1581 723 1619 quem
758 1567 806 1605 ab
839 1566 949 1606 orbis
977 1566 1099 1605 initio
1126 1567 1250 1610 5537.
1279 1573 1515 1620 putaverat,
1557 1580 1651 1604 mox
1683 1572 1767 1604 sta-

86 1696 171 1740 Pag.
182 1700 260 1730 215.

139 1970 166 2004 P
190 1969 259 2007 482

62 2061 70 2068 ι
85 2086 259 2130 Pag.210.

283 1626 362 1665 tuit
392 1626 516 1668 5536.

398 1683 604 1720 Praeterea
644 1685 788 1718 auctor
823 1680 930 1719 idem
970 1679 1112 1720 scribit
1149 1680 1198 1718 ab
1237 1681 1334 1720 orbe
1366 1680 1552 1729 condito,
1598 1679 1650 1717 ad
1677 1692 1766 1717 xm.

284 1739 416 1778 Martii
448 1738 550 1777 diem
593 1736 678 1788 ejus
717 1737 833 1786 anni,
872 1751 952 1789 quo
983 1737 1210 1790 baptizatus
1244 1744 1303 1777 est
1333 1737 1539 1787 Christus,
1569 1736 1765 1774 indictio-

284 1796 347 1834 nis
378 1795 550 1848 primae,
581 1793 723 1844 colligi:
745 1789 870 1832 ann'os
901 1795 1026 1837 5537.
1056 1808 1103 1832 ac
1136 1794 1270 1833 statim
1301 1794 1522 1833 Indictione
1543 1808 1597 1832 11.-
1612 1792 1764 1831 Tiberii

285 1866 368 1891 xlv.
401 1866 550 1891 aunum
581 1852 704 1894 5538.
737 1851 831 1888 iniri
863 1864 883 1888 a
917 1863 1004 1888 xxx.
1024 1851 1160 1889 Martii
1190 1865 1292 1889 anno
1324 1865 1432 1890 nono
1462 1851 1568 1902 cycli
1598 1849 1762 1898 lunaris,

284 1910 424 1948 solaris
454 1923 558 1949 xxn.
616 1907 822 1945 Manifesta
851 1921 997 1945 annum
1028 1910 1151 1951 5538.
1181 1907 1326 1960 incipit
1345 1922 1366 1946 a
1386 1921 1472 1947 xxi.
1494 1907 1650 1956 Martii,
1676 1905 1762 1957 ejus

285 1966 378 2004 anni
408 1966 574 2012 juliani,
619 1964 662 2001 in
695 1977 774 2015 quo
807 1963 988 2002 Christus
1019 1979 1039 2002 a
1070 1965 1221 2003 Joanne
1249 1965 1476 2016 baptizatus
1508 1971 1594 2011 est,
1637 1963 1761 2015 quin-

284 2037 362 2075 que
402 2023 540 2075 cyclis·
572 2020 759 2059 Romanis
805 2021 1010 2073 praelatus
1052 2022 1152 2071 suit,
1201 2021 1295 2059 solis
1333 2035 1374 2060 x.
1414 2021 1529 2060 litera
1568 2021 1614 2059 B.
1654 2033 1759 2058 anno

284 2080 425 2118 mundi
456 2079 579 2122 5537.
612 2084 650 2116 et
682 2084 774 2129 post
803 2085 884 2116 tres
914 2092 1091 2126 menses,
1137 2078 1363 2117 Indictione
1393 2092 1436 2116 11.
1475 2088 1578 2116 anno
1610 2076 1760 2116 Tiberii

279 2151 366 2190 xvx.
407 2135 547 2174 mundi
583 2136 707 2177 5538.
752 2135 925 2186 primum
967 2134 1114 2173 Pascha
1158 2135 1398 2174 celebrasse:
1439 2135 1758 2190 cujus-decima

282 2201 422 2245 quarta
451 2194 550 2231 luna⁴
589 2191 754 2242 contigit
784 2191 936 2244 Aprilis
965 2206 1032 2230 xv.
1071 2193 1168 2240 seria
1198 2206 1253 2233 vl.
1311 2192 1403 2231 Fuit
1441 2193 1578 2244 itaque
1619 2191 1758 2243 cyclus

282 2251 408 2297 idem,
449 2250 519 2301 qui
560 2255 599 2287 et
629 2254 764 2298 antea,
805 2249 927 2298 solis,
971 2249 1158 2288 nimirum
1188 2263 1227 2287 x.
1258 2249 1376 2288 lunae
1405 2263 1501 2288 vero
1532 2262 1589 2288 xl.
1647 2248 1756 2287 Haec

283 2308 400 2346 ambo
430 2321 520 2344 cum
552 2305 775 2344 Indictione
803 2320 846 2343 11.
878 2305 920 2343 in
950 2306 1069 2345 alium
1109 2320 1254 2344 annum
1285 2312 1513 2358 competere
1537 2311 1756 2357 nequeunt,

283 2377 402 2416 quam
432 2362 555 2406 4742.
586 2363 746 2414 periodi
774 2362 976 2412 ¹Julianae,
1007 2370 1051 2401 ut
1075 2378 1124 2402 ex
1143 2362 1333 2402 Methodo
1364 2363 1467 2402 libro
1497 2376 1570 2401 vu.
1588 2376 1675 2414 cap.
1696 2375 1754 2400 lx.

281 2420 450 2470 intelligi
479 2425 626 2472 potest.
685 2419 810 2469 Igitur
840 2420 979 2458 eodem
1010 2434 1113 2459 anno
1140 2419 1300 2458 >Juliano
1329 2420 1448 2458 desiit
1469 2431 1595 2457 annus
1613 2417 1756 2456 mundi

282 2478 414 2527 5537,
456 2477 520 2515 die
554 2475 684 2514 Martii
712 2489 785 2515 xx.
817 2482 856 2514 et
894 2478 1097 2527 sequenti,
1147 2490 1274 2515 annus
1313 2477 1435 2519 5538.
1474 2476 1574 2514 iniit.
1631 2474 1753 2526 Atqui

283 2548 410 2573 annus
439 2533 546 2572 idem
579 2533 648 2571 ille
678 2532 802 2575 5538.
829 2533 993 2571 nonnisi
1023 2534 1146 2583 5536.
1178 2533 1226 2571 ab
1266 2546 1312 2571 eo
1343 2532 1575 2585 putabatur.
1636 2531 1752 2579 Quo-

281 2592 388 2631 circa
429 2591 582 2645 duplex
619 2589 777 2627 initium
815 2590 908 2627 anni
949 2590 991 2627 in
1030 2590 1161 2628 animo
1198 2589 1267 2628 ille
1304 2590 1480 2642 scriptor
1509 2588 1673 2634 habuit,
1713 2595 1753 2627 et

280 2655 498 2699 utrumque
531 2661 604 2699 per
638 2645 948 2698 imprudentiam
986 2646 1231 2698 permiscuit.
1289 2646 1426 2684 Annus
1466 2645 1751 2684 Constantino-

279 2705 484 2756 politanus
524 2717 604 2743 una
649 2716 739 2741 cum
781 2703 1006 2742 Indictione
1045 2717 1067 2741 a
1102 2702 1329 2757 Septembri
1375 2703 1530 2756 incipit.
1612 2702 1751 2741 Annus

280 2761 528 2800 Christianus
558 2774 638 2813 quo
671 2759 858 2799 Chronici
888 2765 1030 2798 auctor
1059 2760 1118 2799 uti
1150 2773 1191 2798 se
1224 2760 1462 2812 profitetur,
1508 2759 1580 2797 init
1613 2774 1641 2797 a·
1664 2770 1751 2799 xxi.

279 2818 431 2867 Martii,
465 2832 521 2859 vr.
552 2817 753 2856 mensibus
792 2823 886 2868 post
915 2817 1084 2856 civilem.
1143 2817 1278 2865 Quare
1309 2816 1493 2856 Christus
1522 2816 1749 2869 baptizatus

280 2882 341 2914 est
379 2889 482 2914 anno
521 2874 660 2914 mundi
698 2874 821 2917 5537.
865 2889 886 2912 a
927 2873 1179 2927 Septembri,
1228 2889 1249 2912 a
1280 2874 1423 2913 Martio
1461 2887 1581 2923 vero,
1622 2875 1748 2918 5536.
