1884 3262
288 187 354 233 72

287 303 327 336 et
346 296 626 335 Dissertations
644 295 899 349 historiques.
942 297 989 337 A
1006 296 1124 338 Paris
1141 298 1230 340 chez
1250 298 1449 339 Sebastien
1466 298 1637 340 Mabre-
1651 298 1747 340 Gra-

286 354 413 407 moisy
434 355 552 394 1668
571 350 659 407 fol.

398 408 604 446 Joannis
634 407 867 447 Cinnami
895 406 1246 449 Historiarum
1275 410 1421 450 Libri
1453 411 1518 452 Vl.
1537 417 1576 450 et
1602 411 1749 450 Pauli

286 464 362 503 Sil
376 464 563 503 entiari
576 464 589 501 i
619 463 837 516 descriptio
867 467 906 504 S.
937 465 1128 518 Sophiae,
1168 480 1259 504 cum
1279 466 1394 506 Notis
1425 467 1466 505 in
1495 468 1587 506 Nic
1600 481 1620 507 e
1631 466 1696 519 ph
1707 481 1751 505 o-
1858 499 1862 509 ‚

286 533 393 559 rum
421 520 757 571 Bryennium,
788 521 976 561 Annam
1006 523 1338 573 Comnenam,
1376 529 1416 563 et
1444 523 1750 562 Cinnamum.
1811 540 1814 541 ⁷
1864 520 1878 551 =¹

287 575 458 615 Parisiis
479 591 497 614 e
528 575 802 630 Typo'graplzia
820 576 948 630 Regia
970 574 1088 619 1'670.
1105 577 1192 632 sol.

405 632 497 670 Glo
508 646 525 670 s
538 645 556 669 s
571 647 592 670 a
604 646 625 670 r
636 633 686 670 iu
699 647 735 670 m
767 631 819 672 ad
846 634 1067 686 Scriptores
1093 634 1244 673 mediae
1271 640 1310 673 et
1341 634 1496 673 infimae
1520 634 1751 673 Latinitatis.

292 687 467 727 Accessit
499 688 728 727 Dissertatio
756 690 809 728 de
830 691 865 728 N
867 690 1139 728 umismatibus
1164 691 1452 741 imperatorum
1471 692 1751 730 Romanorum.

288 743 454 783 Parisiis
472 743 579 797 apud
600 743 848 785 Ludovicum
869 744 1044 784 Billaine
1065 748 1183 787 1678.
1197 744 1286 802 fol.
1307 750 1347 788 3.
1373 745 1449 786 vol.

403 800 433 836 C
443 813 499 851 yr
509 800 523 837 i
533 801 617 850 lli,
650 802 676 839 P
689 800 800 839 hilo
810 816 839 841 x
852 816 871 840 e
881 802 951 847 ni,
980 803 1228 853 aliorumque
1253 808 1432 841 veterum
1461 803 1659 841 Glossaria
1679 802 1753 840 La-

286 856 399 895 tino·
411 856 561 894 Graeca
590 864 629 896 et
654 858 836 897 Graeco·
844 858 995 900 Latina.
1067 857 1233 897 Parisiis
1260 857 1368 911 apud
1394 857 1642 899 Ludovicum
1660 856 1752 898 Bil-
1867 873 1881 913 3-

289 911 395 951 taine
418 914 538 956 1679
553 911 640 968 fol.

402 967 463 1004 H·
453 982 466 1005 1
476 982 493 1006 s
504 975 519 1006 t
530 983 552 1007 o
563 983 584 1007 r
594 970 607 1007 i
620 984 642 1007 a
679 970 710 1007 B
723 983 751 1021 y
760 985 781 1007 z
791 985 812 1008 a
823 985 849 1009 n
861 977 878 1010 t
887 971 900 1009 i
912 985 936 1008 n
947 985 969 1009 a
1008 970 1161 1022 duplici
1212 970 1495 1010 commentario
1541 971 1751 1012 illustrata.

291 1023 460 1064 Parisiis
481 1023 588 1078 apud
607 1023 854 1065 Ludovicum
870 1025 1045 1066 Billaine
1063 1028 1183 1068 1680.
1204 1024 1289 1081 fol.

402 1079 616 1119 Joannis
652 1083 888 1122 zonarae
929 1083 1170 1132 Annales,
1213 1096 1304 1120 cum
1341 1083 1467 1121 Notis.
1540 1080 1705 1121 Parisiis
1734 1097 1755 1120 e

295 1135 455 1189 Typogr
457 1135 576 1188 aphia
593 1135 722 1189 Regia
745 1141 867 1181 1687.
884 1137 975 1193 fol.
999 1143 1038 1182 2.
1060 1137 1128 1178 vol

408 1191 443 1227 G
454 1192 498 1229 lo
510 1205 528 1229 s
542 1206 559 1230 s
572 1207 591 1230 a
602 1194 681 1231 riu
691 1208 727 1231 m
755 1194 807 1231 ad
838 1195 1015 1245 Scriptm
1018 1208 1057 1232 es
1085 1194 1235 1232 mediae
1257 1199 1296 1232 et
1323 1193 1478 1232 infimae
1501 1192 1751 1235 Graecitatis.

290 1244 435 1299 Lugdu
416 1247 482 1285 uni
497 1262 572 1300 apu
552 1247 604 1285 ud
621 1247 860 1288 Anissonios
881 1252 999 1292 1688.
1017 1249 1106 1306 fol.
1123 1254 1163 1291 2.
1184 1248 1260 1288 υοΖ.

408 1302 704 1342 Chronicon
752 1304 1002 1343 Paschale
1050 1307 1135 1344 sive
1175 1305 1612 1353 Alexandrinum,
1662 1317 1753 1344 cum

294 1357 421 1399 Notis.
479 1357 642 1398 Parisiis
666 1375 686 1397 e
706 1359 985 1413 Typograplzia
1003 1359 1132 1414 Regia
1156 1363 1275 1406 1688-
1294 1359 1383 1418 fol.
