1832 3276
270 201 369 260 566
744 176 1264 265 AnnuADvERsmNEs
1312 207 1331 212 ff

271 327 435 366 aquam,
466 318 506 351 et
533 313 616 352 hoc.
640 325 763 365 genus
791 313 868 352 ulia
897 313 1160 363 divinationes
1189 311 1424 362 exercendi,
1443 322 1544 350 :cnm
1561 311 1726 351 Brutina

270 370 508 418 historicus,
551 376 635 409 tum
679 383 815 409 sacrae
853 370 1007 419 litterae
1044 371 1085 411 in
1122 369 1290 408 historia
1326 371 1363 408 S.
1401 367 1561 421 losephi
1594 369 1724 419 docet,

269 428 423 479 scyphus
451 426 549 478 quem
569 427 698 479 furati
723 430 827 475 estis,
865 429 942 479 ipse
966 428 1037 477 est,
1074 429 1113 466 in
1142 439 1209 478 quo
1236 426 1322 465 bibit
1350 425 1524 464 Dominus
1549 438 1661 476 rneus,
1691 429 1725 464 et

270 487 310 522 in
328 496 404 534 quo
432 486 612 532 augurari
636 484 733 522 solet.
789 483 1040 536 scyphorum
1079 489 1117 522 et
1145 482 1324 534 pelvium
1342 481 1601 521 sermea&
1620 481 1724 520 ratio

273 539 492 589 augurandi
525 540 644 578 fuisse
673 539 832 579 videtur
859 541 894 579 ei
923 540 970 579 de
1000 553 1077 592 qua
1106 539 1256 578 Plinius
1283 539 1355 578 hb.
1381 540 1450 581 30.
1508 537 1647 576 Refert
1674 536 1725 576 de

271 596 378 649 pelvi
407 595 557 647 magica
585 595 835 649 Nicephorus
864 596 1089 649 prodigiu'm
1118 595 1254 646 ingens
1282 594 1344 634 his
1380 593 1531 633 verbis:
1574 593 1727 633 Minime

271 666 350 691 vero
377 654 442 690 abs
469 666 505 690 re
523 652 660 704 fuerit,
689 656 723 691 si
750 653 985 692 celeberrimae
1012 654 1204 704 Illartyris-
1219 654 1325 691 istius
1346 651 1514 703 prodigio
1539 651 1726 689 admiran-

227 713 231 716 ”
271 710 338 747 dae
366 709 554 760 Glyceriae
581 713 615 748 et
641 712 754 761 ipsius
782 709 963 762 Martyris
990 711 1199 748 miraculum
1227 710 1448 758 conjunxero.
1498 707 1560 745 Vir
1585 707 1728 758 quidam

272 768 333 804 cui
370 765 523 804 Paulino
558 779 680 804 nomen
716 770 815 815 erat,
854 769 995 806 obscuro
1022 768 1095 805 loco
1123 770 1251 815 natus,¹
1287 768 1324 804 in
1351 765 1447 802 bonis
1474 766 1591 802 tamen
1618 763 1727 802 disci-

267 823 378 875 plinis
414 823 600 860 admodum
637 822 825 873 educatus,
865 823 1047 874 manifesto
1085 826 1122 861 in
1163 825 1385 873 impostorum
1423 823 1456 858 et
1491 820 1726 872 maleficorum

272 879 482 917 barathrum
518 879 690 917 demersus
726 893 796 917 esse
832 880 1057 932 deprehensus
1085 883 1147 918 est.
1203 879 1429 918 Incantatori
1454 876 1535 915 huic
1563 880 1602 915 et'
1623 889 1727 926 mago

274 939 442 985 argentea
462 935 542 986 fuit
565 936 691 986 pelvis,
720 939 759 974 in
791 949 865 987 quav
892 937 1133 975 detestandum
1162 949 1315 973 cruorem
1343 935 1536 985 excipiens,
1560 945 1625 984 per
1651 945 1727 971 eum

271 993 487 1031 execrandus
514 995 587 1043 ipse
614 1005 693 1030 cum
720 997 891 1043 apostatis
917 995 1104 1032 virtutibus
1134 993 1401 1042 colloquebatur.
1467 990 1653 1028 Vasculum
1689 988 1729 1026 id

273 1051 477 1087 necessitate
499 1050 700 1100 flagitante
728 1052 944 1099 argentariis
971 1050 1140 1088 vendidit.
1200 1048 1277 1091 Qui
1299 1048 1415 1098 precio
1443 1050 1624 1084 numerato
1650 1046 1730 1083 lan—

271 1118 343 1143 cem
372 1119 447 1143 eam
474 1109 684 1155 receperunt,
707 1107 928 1157 venalemque
953 1110 987 1144 et
1014 1108 1085 1157 ipsi
1106 1118 1172 1156 pro
1191 1103 1332 1155 foribus
1360 1104 1472 1141 cuivis
1492 1102 1731 1153 praetereunti

271 1162 407 1200 emendi
431 1162 575 1198 liberam
596 1161 810 1211 facultatem
836 1162 1013 1213 facientes
1040 1164 1302 1213 proposuerunt.
1359 1159 1504 1197 Accidit
1537 1162 1652 1197 autem
1688 1161 1730 1196 ut

274 1219 479 1257 Perinthius
514 1219 669 1255 antistes.
686 1217 865 1269 Byzantii
901 1223 1007 1267 esset,
1043 1222 1076 1256 et
1101 1218 1231 1269 pelvim
1261 1229 1359 1265 eam,
1398 1217 1454 1254 ita
1483 1219 1523 1252 ut
1549 1214 1731 1253 venunda-

273 1277 379 1323 batur
400 1277 626 1324 compararet.
682 1273 811 1325 Itaque
839 1289 916 1314 cum
943 1275 1085 1313 vasculo
1111 1278 1222 1325 empto
1249 1286 1284 1310 se
1312 1275 1350 1310 in
1377 1272 1489 1310 sedem
1517 1283 1617 1309 suam
1637 1283 1730 1309 rece·

268 1335 346 1383 pit,
384 1335 417 1370 et
453 1331 493 1368 ob
527 1333 753 1368 reverentiam
783 1335 956 1381 unguenti
981 1331 1164 1383 Martyris
1194 1330 1399 1381 Glyceriae,
1437 1327 1577 1366 sublato
1610 1330 1730 1378 priore

271 1401 355 1426 vase
383 1401 505 1434 aeneo,
542 1391 745 1435 argenteum
774 1390 874 1427 istud
903 1390 1078 1440 reposuit,
1110 1388 1226 1424 cultui
1253 1386 1427 1424 divinitus
1456 1386 1633 1423 manantis
1659 1397 1730 1421 un·-

271 1447 396 1495 guenti
431 1444 472 1481 id
507 1445 657 1481 maxime
698 1447 874 1483 convenire
908 1446 1116 1483 arbitratus.
1174 1444 1290 1493 Atque
1321 1442 1382 1480 ille
1400 1441 1548 1491 vquidem
1587 1441 1651 1479 hoc
1678 1442 1730 1478 sic

205 1503 250 1539 33
267 1502 371 1553 fecit.
427 1501 545 1539 Rivus
578 1504 696 1538 autem
731 1505 905 1550 unguenti
930 1503 1094 1540 constitit.
1152 1498 1302 1549 Illartyr
1329 1500 1418 1536 enim
1445 1500 1524 1549 ipsa
1548 1497 1730 1548 piaculum

275 1559 472 1604 detestata,
512 1559 671 1606 gratiam
709 1561 742 1595 et
783 1558 912 1597 donum
939 1559 981 1596 id
1008 1558 1173 1596 cohibuit.
1229 1555 1524 1605 Haudquaquam
1550 1556 1638 1595 enim
1661 1553 1731 1604 sas

273 1627 366 1661 esse,
406 1618 524 1651 tacens
552 1615 641 1651 enim
670 1612 832 1664 dicebat,
859 1619 901 1652 ut
929 1614 1092 1653 mundum
1119 1612 1294 1651 immundo
1323 1613 1593 1660 contingeretur.
1650 1609 1730 1648 Hoc

268 1675 348 1723 post
379 1683 483 1720 quam
513 1669 632 1707 diebus
656 1671 821 1721 plurimis
839 1673 928 1724 fleri
954 1673 1112 1721 cognovit
1140 1672 1328 1720 episcopus,
1357 1668 1482 1719 oppido
1509 1679 1614 1718 quam
1641 1679 1730 1716 gra-

273 1730 362 1766 viter
390 1727 494 1774 tulit,
533 1729 721 1778 variasque
751 1741 852 1766 curas
878 1731 917 1766 in
945 1731 1062 1765 animo
1089 1729 1161 1777 ipse
1189 1739 1272 1772 suo,
1311 1727 1345 1763 si
1372 1726 1484 1773 ipsius
1523 1723 1627 1774 culpa
1654 1722 1730 1761 Ec-

274 1785 382 1822 clesia
411 1783 651 1821 commoditate
680 1788 783 1822 tanta
812 1786 930 1823 orbari
956 1785 1103 1831 deberet,
1131 1783 1315 1820 volutavit.
1364 1779 1517 1818 Proinde
1545 1779 1596 1818 ad
1622 1779 1730 1817 lacri-

274 1854 349 1878 mas
378 1844 410 1877 et
434 1851 553 1889 preces
581 1853 781 1888 conuersus,
822 1842 898 1879 Deo
934 1841 1177 1891 supplicavit,
1207 1842 1248 1876 ut
1287 1850 1356 1875 rem
1390 1841 1464 1875 tam
1490 1848 1635 1886 gravem
1663 1848 1731 1872 au-

267 1897 391 1947 ferret,
421 1898 453 1933 et
474 1894 574 1945 facti
600 1897 677 1944 ejus
705 1911 850 1935 causam
879 1898 1040 1935 latentem
1069 1896 1268 1934 ostenderet.
1326 1893 1422 1931 Deus
1454 1906 1535 1930 vero
1561 1895 1629 1930 rite
1647 1892 1731 1929 abo-

274 1954 496 1990 minationem
534 1965 609 1990 eam
644 1954 831 2001 amoliens,
868 1958 902 1992 et
939 1955 1118 1992 inscitiam
1153 1950 1392 1990 misericordia
1427 1950 1582 1999 legitime
1612 1961 1732 2000 prose-

274 2023 404 2060 quens,
443 2010 602 2046 antistiti
638 2012 678 2047 in
717 2012 845 2047 som-nis
885 2011 998 2048 lancis
1027 2009 1209 2059 piaculum
1239 2005 1454 2056 manifestat.
1510 2004 1579 2043 Ille
1608 2006 1732 2042 statim

273 2068 478 2115 argenteam
501 2066 665 2116 phialam
692 2066 876 2112 subducit,
915 2070 948 2104 et
982 2067 1131 2117 priorem
1167 2065 1268 2102 illam
1300 2076 1457 2107 aeream‚·
1494 2061 1640 2113 perinde
1673 2065 1732 2098 at-

275 2135 340 2173 que
362 2134 490 2172 puram
527 2125 561 2158 et
590 2124 694 2172 quasi
727 2124 896 2171 virginem
934 2127 1039 2173 atque
1077 2120 1342 2158 immaculatam
1385 2119 1582 2156 ministram
1619 2117 1734 2156 cultui

274 2180 435 2228 religioso
471 2179 636 2216 restituit.
693 2178 748 2216 Et
785 2192 859 2216 ecce
887 2181 973 2227 tibi,
1013 2178 1191 2228 derepente
1219 2180 1444 2225 unguentum
1461 2187 1584 2212 rursus
1611 2178 1731 2211 scatu-

274 2237 345 2282 rit,
377 2238 409 2272 et
439 2235 685 2272 miraculorum
713 2235 811 2273 latex
841 2236 952 2273 denuo
980 2235 1148 2272 exundat.
1206 2232 1393 2271 Piaculum
1422 2235 1538 2269 autem
1566 2243 1731 2268 execran-

277 2292 358 2328 dum
387 2289 572 2340 manifesto
600 2293 636 2328 in
667 2296 824 2341 apertum
852 2293 1086 2343 producitur,
1125 2294 1158 2327 et
1186 2303 1254 2327 non
1282 2289 1388 2327 aliter
1417 2301 1520 2338 quam
1545 2289 1583 2325 in
1609 2287 1731 2337 publi-

274 2350 326 2384 cis
354 2347 519 2383 columnis
546 2349 694 2384 incisum
719 2351 948 2399 proponitur,
990 2348 1135 2397 urbique
1175 2346 1295 2395 gloria
1336 2358 1402 2383 sua
1439 2343 1613 2382 redditur.
1669 2342 1732 2381 Ea

275 2417 328 2441 res
356 2404 418 2441 ubi
446 2402 496 2439 ad
524 2403 749 2452 Imperatoris
776 2418 899 2453 aures,
925 2417 990 2455 per
1010 2405 1206 2455 primariae
1234 2402 1325 2440 sedis
1349 2402 1561 2452 Episcopum
1591 2397 1730 2453 (Joan-

275 2474 345 2497 nes
374 2460 407 2497 is
435 2458 595 2510 jejunus
624 2459 734 2510 erat)
770 2461 886 2499 relata
922 2465 994 2508 est,
1037 2460 1198 2511 princeps
1233 2460 1278 2496 ab
1316 2458 1428 2497 eodem
1464 2456 1644 2508 Episcopo
1681 2455 1732 2493 ad

274 2530 350 2554 reos
386 2515 537 2567 cap-itali
570 2515 739 2565 supplicio
770 2517 1020 2567 persequendos
1057 2518 1234 2553 excitatus
1265 2517 1325 2552 est.
1366 2512 1481 2565 (nam
1510 2512 1544 2550 is
1572 2511 1733 2563 resipis.-

277 2572 403 2611 cenna
433 2578 550 2622 atque
581 2571 821 2623 poenitentia
849 2573 997 2611 crimen
1028 2571 1228 2622 corrigere
1259 2569 1412 2619 voluit)
1448 2569 1630 2617 judicium
1659 2570 1730 2618 igi·

276 2634 335 2667 tur
372 2630 566 2666 maximum
605 2631 764 2678 cogitur,
803 2633 836 2666 et
872 2630 1106 2679 maleficorum
1142 2626 1330 2665 multitudo
1365 2627 1488 2674 ingens
1510 2625 1730 2676 producitur.

280 2686 354 2728 Qui
380 2687 417 2722 in
444 2697 588 2734 gravem
618 2697 786 2722 carcerem
822 2686 994 2733 conjecti,
1038 2684 1086 2722 ad
1118 2685 1314 2733 supplicia,
1352 2682 1488 2719 debitas
1519 2682 1734 2733 per-soluturi

273 2754 424 2791 poenas,
468 2741 598 2780 traditi
634 2744 726 2779 sunt.
785 2740 880 2779 Inter
919 2754 1001 2791 quos
1040 2740 1214 2778 Paulinus
1251 2741 1289 2776 in
1322 2738 1445 2789 palum
1473 2750 1606 2775 summa
1628 2741 1733 2788 parte

278 2798 429 2835 hiantem
459 2800 584 2845 actus,
614 2799 762 2848 turpiter
788 2799 898 2836 vitam
919 2798 1043 2848 finiit:
1078 2808 1183 2846 quum
1204 2798 1308 2846 prius
1335 2794 1451 2832 caedis
1469 2794 1550 2845 filii
1574 2795 1632 2831 sui
1657 2807 1731 2844 spe-

278 2857 393 2892 ctator
412 2852 557 2905 fuisset.
618 2853 800 2906 Siquidem
835 2858 867 2893 et
899 2854 990 2892 hunc
1028 2853 1166 2892 abunde
1203 2853 1329 2903 impiae
1357 2853 1566 2902 imposturae
1590 2853 1627 2889 >et
1655 2863 1732 2889 ma-
