1884 3262
253 203 282 247 8
773 194 1173 238 PRAEFATIO.

36 306 244 361 Εξὶδῑὶῧῑΰῑῑ·
363 312 414 350 11.
469 310 597 363 Atque
618 317 664 348 ut
683 309 731 347 ab
751 309 874 358 illius,
906 316 948 348 ut
962 309 1018 348 ita
1043 309 1183 357 dicam,
1215 308 1374 347 fortuna
1394 308 1612 358 ordiamur,
1643 322 1711 347 va-

58 354 104 431 l?
128 357 231 431 92⁰¹,st
254 367 315 405 ria
341 368 408 405 illa
439 367 525 408 suit.
590 368 690 405 Tum
726 366 899 417 primum
935 366 1085 418 quippe
1110 366 1151 403 in
1181 365 1400 416 Republica
1430 365 1629 415 literaria,
1673 371 1713 404 et

37 409 233 478 0¹¹3sschss
256 424 361 475 apud
378 423 486 462 viros
507 423 684 461 eruditos
712 422 904 471 innotuit,
934 435 1024 460 cum
1051 435 1102 460 ex
1134 421 1286 470 Sicilia,
1315 421 1386 459 ubi
1406 421 1454 459 ab
1472 421 1712 472 Hieronymo

154 490 183 523 P
207 490 230 524 2
255 476 387 519 Surita
406 480 608 518 inventum
626 479 780 527 serunt,
809 478 918 516 illius
943 485 982 517 et
999 477 1161 516 Antonii
1183 477 1390 526 Augustini
1405 491 1528 529 opera
1547 478 1713 515 Romam

37 535 143 580 primo
176 546 240 579 ap·
253 543 311 575 est
336 537 542 588 perlatum.
601 535 680 582 Qui
710 535 813 572 enim
839 548 882 573 ea
907 539 1136 586 tempestate
1156 534 1281 571 Fastis
1310 533 1592 571 Consularibus
1613 547 1713 571 con-

37 580 457 658 ⁰5¹¹PP⁰¹¹ff⁶Xcinnandis
488 598 526 629 et
545 590 786 629 adornandis
812 604 969 642 operam
990 603 1102 628 suam
1128 589 1395 638 collocabant,
1424 590 1587 627 Carolus
1604 590 1714 639 Sigo-

36 626 341 706 ἓξὲᾚθιᾶἳῇμίαε
368 655 407 686 et
437 646 669 699 Onuphrius
699 647 931 696 Panvinius,
969 647 1106 684 Fastos
1135 645 1371 684 Consulares
1402 645 1443 683 in
1476 645 1614 684 eodem
1640 646 1713 683 Pa-

253 703 378 743 schali
405 710 584 742 exaratos
613 703 687 742 sibi
713 703 886 742 describi
913 708 1125 751 curarunt,
1173 702 1317 753 quibus
1338 715 1379 740 se
1398 701 1534 739 inillis
1554 714 1716 753 compo-

252 760 391 799 nendis
409 774 490 799 non
506 760 665 798 minime
681 759 836 811 adjutos
859 758 969 798 haud
987 759 1106 797 semel
1125 758 1153 796 ii
1172 757 1421 810 profitentur.
1462 756 1560 804 Nos,
1586 757 1717 808 inquit

255 817 438 866 Sigonius
462 817 503 854 in
534 816 821 855 Commentario
850 815 901 854 ad
927 816 1066 853 Fastos
1094 821 1134 853 et
1159 813 1400 865 Triumphos
1434 814 1716 863 Romanorum,

255 873 485 924 Dionysium
511 874 661 927 sequuti
679 887 829 922 sumus,
860 886 970 925 quem
992 870 1102 909 Fasti
1131 869 1292 924 quidam
1316 867 1545 908 Consulares
1573 868 1716 909 Graece

253 930 411 982 scripti,
440 938 556 982 atque
575 943 628 967 ex
647 927 801 977 Sicilia,
836 938 879 966 ut
898 925 1040 975 audio,
1071 924 1243 974 advecti,
1274 935 1309 964 et
1330 923 1403 963 alii
1422 926 1537 963 etiam
1559 924 1716 976 Latini,

253 999 351 1038 quos
380 985 476 1024 citat
511 982 788 1037 Cuspinianus,
831 993 1060 1037 sequuntur,
1089 983 1130 1020 in
1156 981 1295 1036 quibus
1327 978 1511 1020 Consules
1540 979 1718 1033 deinceps·

253 1038 522 1089 collocantur,
580 1038 874 1092 cognominibus
905 1053 1034 1077 eorum
1065 1047 1216 1076 tantum
1248 1035 1407 1086 allatis,
1465 1036 1540 1076 hoc
1575 1035 1715 1086 modo,

253 1092 434 1148 Βρούτου
463 1096 532 1136 καὶ
561 1097 819 1136 Κολλατίνου.
876 1096 927 1134 Et
947 1093 1157 1133 Panvinius
1175 1094 1214 1131 in
1236 1093 1481 1132 Praefatione
1506 1093 1718 1131 Commen-

254 1153 448 1191 tariorum
477 1153 527 1190 ad
556 1153 712 1190 Fastos:
758 1150 1002 1190 Novissimus
1030 1150 1200 1189 omnium
1221 1165 1275 1188 ex
1296 1150 1469 1203 antiquis
1489 1150 1558 1202 qui
1576 1148 1718 1188 Fastos

257 1206 507 1256 Consulares,
536 1206 643 1262 quod
667 1209 810 1253 sciam,
835 1207 1052 1259 scripserit,
1082 1215 1136 1243 est
1159 1204 1261 1244 alius
1286 1206 1367 1243 sine
1394 1205 1548 1243 nomine
1566 1215 1716 1255 auctor,

253 1265 322 1317 qui
342 1265 382 1302 in
414 1262 622 1302 universali
651 1261 849 1302 Chronico
868 1277 894 1300 a
921 1278 960 1300 se
990 1262 1209 1313 conscripto
1240 1259 1449 1300 Consulum
1471 1275 1623 1314 quoque
1642 1275 1718 1300 no-

252 1321 360 1357 mina
388 1317 531 1371 adjecit
557 1318 607 1357 ab
646 1320 800 1357 exactis
834 1316 1008 1369 Regibus
1038 1315 1092 1355 ad
1121 1317 1292 1368 primum
1324 1318 1427 1365 (imo
1455 1314 1716 1369 vigesimum)

254 1374 438 1413 Heraclii
465 1373 715 1427 Imperatoris
749 1388 907 1411 annum.
965 1371 1008 1411 Is
1030 1371 1128 1411 liber
1146 1372 1412 1410 vetustissimis
1433 1370 1555 1411 literis
1574 1387 1719 1422 exaraf

129 1429 158 1461 V
184 1430 207 1463 2
255 1440 315 1469 tus
342 1431 516 1468 inventus
546 1440 600 1468 est
628 1431 669 1468 in
703 1428 847 1468 Sicilia
877 1430 920 1467 in
949 1429 1113 1481 antiqua
1142 1425 1393 1466 Bibliotheca
1421 1441 1448 1464 a
1477 1426 1719 1478 Hieronymo

255 1485 411 1535 Sur-ita,
442 1501 631 1539 operaque
657 1484 829 1524 Antonii
846 1484 1064 1537 Augustini
1084 1481 1214 1521 Rotae
1229 1481 1442 1522 Auditor-is
1469 1481 1628 1537 factum
1650 1494 1721 1534 est,

254 1551 296 1579 ut
318 1543 399 1594 ejus
426 1540 520 1580 libri
535 1557 630 1594 pars
651 1540 763 1579 nobis
788 1541 1127 1589 transmitteretur,
1159 1553 1259 1591 quae
1279 1536 1462 1577 Consules
1485 1538 1721 1588 continebat,

255 1599 365 1649 cujus
391 1595 548 1636 auxilio
575 1595 742 1635 multum
773 1594 992 1634 sublevatus
1010 1609 1095 1633 sum
1125 1595 1167 1632 in
1187 1593 1248 1632 his
1271 1592 1402 1632 Fastis
1422 1594 1719 1634 concinnandis.

254 1653 365 1690 Idem
391 1652 476 1691 Lib.
503 1667 549 1692 11.
582 1653 624 1690 in
652 1653 818 1691 Praefat.
876 1650 983 1689 Nam
1018 1649 1182 1698 Oresio,
1230 1647 1487 1698 cassiodoro,
1527 1659 1563 1688 et
1590 1649 1723 1689 Fastis

255 1707 337 1747 illis
378 1706 538 1747 Graecis
567 1724 686 1761 nuper
712 1706 885 1746 Romam
914 1721 969 1745 eae
994 1704 1136 1746 Sicilia
1161 1706 1236 1743 viri
1266 1703 1517 1744 eruditissimi
1550 1705 1723 1745 Antonii

255 1765 473 1816 Augustini
487 1778 602 1816 opera
623 1762 818 1809 adductis,
849 1773 885 1801 et
904 1760 1059 1816 quidem
1086 1760 1429 1814 depravatissimis,
1458 1771 1610 1800 tantum
1630 1777 1723 1800 usus

255 1835 339 1858 sum
371 1818 674 1858 in-orclinanclis
705 1817 947 1858 Consulibus.
1006 1817 1182 1867 Denique
1212 1817 1252 1855 in
1282 1817 1448 1855 Praesat.
1474 1817 1523 1856 ad
1546 1818 1630 1859 Lib.
1652 1818 1722 1856 Ill.

257 1875 360 1914 Nam
389 1891 507 1928 usque
530 1874 585 1912 ad
605 1873 789 1914 Heraclii
816 1885 988 1927 tempora
1016 1873 1130 1912 Fasti
1155 1871 1297 1912 Graeci
1311 1872 1484 1912 Antonii
1503 1873 1722 1927 Augustini

256 1941 292 1969 et
317 1930 550 1984 Hieronymi
567 1930 721 1970 Suritae
749 1945 864 1983 opera
881 1945 935 1968 eae
954 1928 1097 1969 Sicilia
1122 1930 1162 1967 in
1189 1927 1501 1989 Urbemqadvecti
1515 1931 1718 1982 pertinent.

257 1987 340 2025 Hos
365 1987 486 2037 igitur
518 1987 654 2026 Fastos
685 1987 812 2025 nudos
840 1987 958 2038 primi
995 1986 1143 2023 Graece
1163 1991 1202 2023 et
1222 1985 1359 2023 Latine
1379 1986 1594 2035 vulgarunt
1611 1987 1724 2037 Sigo-

258 2043 345 2081 nius
377 2050 415 2082 et
436 2044 649 2082 Panvinius
660 2074 671 2093 ‚
718 2057 817 2094 quos
850 2042 991 2080 deinde
1009 2040 1244 2093 Sylburgius
1265 2047 1317 2080 to.
1337 2042 1406 2080 ΙΙΙ.
1427 2041 1623 2080 Historiae
1643 2044 1726 2080 Au-

258 2106 394 2149 gustae
425 2115 445 2137 a
471 2113 513 2137 se
533 2100 678 2148 editae,
718 2098 967 2150 postmodum
997 2111 1093 2136 vero
1114 2097 1292 2135 Andreas
1322 2097 1510 2136 schottus
1537 2097 1726 2149 Stephani

258 2155 429 2193 Vinandi
461 2155 587 2205 Pighii
613 2156 804 2194 volumini
825 2155 877 2194 ΙΙ.
903 2154 1118 2206 posthumo
1139 2155 1358 2202 inseruere,
1391 2161 1450 2203 et,
1482 2161 1527 2192 ut
1545 2155 1612 2192 alii
1629 2168 1726 2206 pas-

259 2211 354 2260 sim,
383 2212 412 2249 F
416 2218 521 2249 astos
543 2212 696 2250 Siculos
719 2212 992 2263 appellavere,
1034 2210 1161 2262 quod,
1193 2210 1296 2248 sicut
1317 2210 1512 2261 diximus,
1542 2217 1625 2249 tum
1646 2211 1727 2262 pri·

259 2281 366 2305 mum
388 2267 430 2305 in
451 2268 581 2306 Sicilia
602 2268 737 2307 Codex
757 2268 833 2308 iste
851 2273 1033 2319 repertus
1053 2267 1115 2307 sit.

40 2367 182 2444 CA3.²’‘
205 2376 246 2400 ⁸⁰
371 2382 438 2420 III.
497 2381 614 2420 Istius
645 2381 831 2420 Chronici
856 2381 1057 2433 exemplar
1082 2379 1189 2418 aliud
1220 2378 1387 2417 habetur
1418 2379 1459 2417 in
1479 2378 1728 2417 Bibliotheca

69 2422 510 2500 ἕοέῑῖῑυῗ-Αυςυεῐεηα,
545 2451 664 2476 manu
685 2438 867 2477 Andreae
891 2436 1084 2475 Darmarii
1105 2435 1329 2487 Antiquarii
1345 2435 1607 2486 descriptum,
1638 2449 1744 2487 pro-v

56 2502 101 2535 sit
113 2502 247 2535 Casau-
262 2493 356 2532 inde
374 2494 487 2532 litera
505 2494 741 2544 recentiori,
771 2502 817 2533 ut
836 2500 1006 2532 testatur
1023 2492 1202 2531 Raderus
1214 2524 1223 2540 ‚
1254 2499 1294 2530 et
1315 2506 1335 2529 a
1354 2491 1563 2542 Sylburgio
1581 2505 1726 2530 xxxvt.

60 2547 246 2603 [wulfinum
266 2550 394 2589 aureis
429 2550 632 2589 Solaribus
663 2557 859 2601 emptum,
904 2557 944 2588 et
974 2548 1209 2588 Hoeschelio
1253 2548 1460 2597 donatum,
1506 2548 1553 2586 ab
1589 2547 1728 2586 eodem

46 2593 244 2638 Exemplar·
265 2606 500 2645 Hoeschelio
522 2606 774 2658 Reipublicae
797 2605 939 2644 deinde
959 2606 1206 2654 Augustanae
1225 2605 1420 2653 oblatum,
1452 2617 1501 2642 ex
1521 2617 1599 2654 quo
1623 2604 1729 2642 Isaa-

263 2676 332 2700 cus
355 2663 610 2701 casaubonus
636 2664 823 2714 pleraque
851 2664 1071 2713 excerpsit,
1107 2674 1206 2711 quae
1229 2674 1307 2698 non
1328 2661 1447 2698 semel
1480 2661 1521 2697 in
1541 2660 1653 2698 Notis
1677 2660 1727 2698 ad

263 2719 550 2770 Capitolinum,
591 2720 799 2757 Fastorum
830 2719 1092 2762 Graecorum,
1121 2717 1320 2755 interdum
1350 2716 1595 2764 Siculorum,
1631 2730 1728 2767 quo-

262 2775 381 2813 modo
411 2775 564 2827 primus
593 2776 682 2813 illos
711 2775 870 2814 vocavit
898 2773 1130 2826 Onuphrius
1156 2773 1387 2821 Panvinius,
1432 2772 1548 2810 titulo
1581 2772 1728 2813 laudat.

263 2831 379 2869 Istius
396 2845 518 2883 porro
538 2831 716 2871 Andreae
739 2831 927 2870 Darmarii
941 2860 951 2880 ,
992 2844 1107 2881 quem
1133 2830 1324 2868 Graccum
1344 2835 1602 2868 mercatorem
1619 2828 1729 2867 indi-
