1832 3276
329 244 401 286 AD
438 242 763 287 CHRONICUM
796 241 1248 284 ALEXANDRINUM.
1415 237 1515 285 553

168 350 246 391 Nos
273 350 291 371 *
309 353 612 392 Casaubonianum
646 355 867 400 vocavimus,
905 353 992 403 quia
1018 353 1080 391 ille
1106 366 1130 390 a
1160 351 1335 389 Graeculo
1363 345 1536 403 quodam‘
1551 345 1681 399 Mffgfla
1697 350 1735 379 et

55 414 256 461 acceptum,
300 415 334 449 et
370 424 476 448 neanu
511 409 588 448 sua‘
614 410 822 462 descriptum
858 410 958 447 nobis
995 410 1269 447 communicavit.
1327 402 1734 471 Quidqm'dggvsussffi'

55 469 171 516 igitur
199 467 281 504 bom·
305 480 348 505 ex
376 480 418 505 ea
440 466 636 518 farragine
662 466 805 504 hauriri
826 468 978 517 poterit,
1006 466 1067 504 illi
1093 470 1272 516 acceptum
1294 464 1406 516 feret,
1437 478 1514 502 cum
1526 462 1597 529 ego'
1617 494 1734 518 vocem

55 525 170 561 tenuis
192 572 194 574 v
204 523 352 574 fructus
382 537 450 561 non
485 526 556 572 sit,
595 525 658 573 qui
683 536 727 561 ex
755 523 818 560 hoc
847 523 1006 560 chronico
1036 521 1160 572 colligi
1183 526 1307 573 potest.
1365 521 1515 559 Errores
1539 529 1710 564 Radefia.

59 580 380 631 Ortlwgraphicos,
411 582 474 630 qui
499 582 536 618 in
563 580 628 617 illo
655 583 777 617 extant
792 609 803 627 ,
835 583 973 617 mutare
999 579 1196 627 noluimus,
1231 578 1320 630 quod
1347 592 1410 616 nos
1438 591 1514 616 mo-
1533 587 1610 610 num
1633 575 1728 621 quod

54 648 185 684 nemus,
213 649 255 674 ne
283 640 362 688 quis
390 640 509 674 errata
534 637 792 688 typographica
804 639 916 687 putet.
981 635 1225 686 Unusquisque
1243 649 1310 686 pro
1324 638 1430 686 captu
1450 638 1515 672 aut
1527 633 1601 656 mea
1626 633 1724 675 'Pana

48 692 192 741 judicio
229 707 293 731 suo
331 707 373 731 ea
410 694 590 731 emendare
622 694 763 744 polerit.
822 692 869 729 Et
919 704 968 728 ex
1012 691 1270 743 praefatione.
1331 669 1736 748 Quaedamrffssscafflg-

54 751 161 787 etiam
187 763 211 787 α
239 750 445 799 chronologo
471 752 697 797 innominata,
732 762 817 800 quos
844 747 975 786 Fastos
1005 747 1147 787 Siculos
1173 752 1311 796 vocant,
1342 740 1737 802 habmus.tu1e}im‚effi-

165 805 354 856 Intelligis
385 820 434 844 ex
462 805 525 844 his
555 806 650 857 quid
681 804 914 855 chronologi
943 810 981 842 et
1009 811 1234 856 temporum
1264 806 1518 855 castigatores
1545 808 1590 842 12

55 861 107 899 do
136 860 215 900 hoc
245 861 441 900 Chronico
472 863 653 901 sentiant.
712 861 831 910 Quod
871 861 1044 912 Scaliger
1081 867 1288 900 centonem
1318 875 1365 899 ex
1395 862 1515 899 Euse-
1538 852 1657 906 derim,
1682 853 1726 886 ⁰b

52 917 122 956 bio
161 919 434 970 potissimum,
474 925 513 957 et
549 918 720 956 Eusebio
751 918 975 968 antiquiore
1007 917 1191 955 Africano
1220 917 1370 955 sactum
1400 904 1738 978 dicat,⁵}¹23'32t¹⁰i¹¹g⁸

53 975 96 1012 id
127 975 297 1013 affirmat
325 984 500 1013 nostram
524 975 755 1014 sententiam
786 989 807 1012 a
839 974 1027 1013 Pluribus
1044 974 1145 1012 illud
1168 974 1396 1013 auctoribus
1421 957 1731 1035 con-&umquam'

55 1030 276 1083 cinnatum,
306 1032 467 1084 quando
497 1045 548 1070 ex
575 1031 799 1084 posteriore
828 1031 986 1070 saeculo
1015 1031 1131 1083 plura
1162 1037 1255 1069 sunt
1283 1030 1447 1084 adjecta.
1525 1041 1638 1071 tamen
1661 1036 1731 1070 erit

700 1101 705 1108 ’
1549 1082 1717 1116 Raderia-

361 1144 535 1188 QUAE
572 1144 664 1182 EX
700 1143 834 1182 HOC
872 1142 1214 1182 CHRONICO
1525 1128 1738 1208 Ῑὲξιῒᾶδωὸξῗ

664 1225 747 1273 jam
774 1227 901 1262 extent.
1532 1220 1715 1255 saubonia-

166 1311 304 1350 Nudos
342 1313 464 1352 fastos
504 1313 740 1352 Consulares
779 1312 931 1365 primus
968 1313 1117 1351 Graece
1147 1318 1186 1350 et
1216 1311 1351 1351 Latine
1379 1312 1518 1362 vulga·
1584 1279 1672 1301 num·

54 1367 114 1406 vit
143 1368 366 1408 panvinius.
424 1370 503 1410 Jos.
541 1371 716 1421 Scaliger
743 1370 786 1407 in
816 1369 1005 1408 thesauro
1035 1369 1278 1418 Eusebiano‚
1309 1368 1519 1407 chronolo-

53 1424 139 1475 gica
170 1438 298 1477 usque
328 1427 379 1465 ad
405 1440 523 1465 xvm.
554 1441 702 1465 annum
732 1426 912 1464 Mauricii
932 1426 1186 1478 Imperatoris
1203 1425 1402 1478 excerptis
1423 1439 1519 1479 pas-

53 1481 128 1519 sim
167 1487 206 1519 et
243 1482 402 1522 insertis
441 1482 616 1522 historiis
655 1483 809 1535 primus
848 1484 995 1521 Graece
1031 1489 1183 1521 tantum
1221 1483 1367 1532 edidit,
1416 1496 1519 1534 quae

53 1551 145 1590 pars
174 1538 356 1578 trientem
384 1539 475 1578 libri
504 1542 630 1579 totius
661 1541 871 1586 continet„
900 1539 981 1578 Cur
1010 1545 1219 1591 sequentes
1236 1539 1399 1592 paginas
1418 1539 1520 1578 omi-

53 1594 148 1633 serit
176 1595 240 1632 vel
268 1596 358 1645 ille,
387 1597 453 1635 vel
483 1597 751 1644 casaubonus,
782 1596 960 1635 divinare
989 1609 1070 1635 non
1100 1609 1276 1647 possum,
1304 1596 1381 1634 nisi
1411 1595 1519 1648 quod

53 1651 102 1689 de
141 1651 263 1690 sactis
297 1652 532 1703 imaginibus
569 1654 625 1692 ibi
661 1654 785 1691 multa
822 1652 996 1703 mentio,
1037 1666 1155 1704 quam
1192 1653 1339 1706 opinor
1373 1652 1518 1692 icono-

51 1706 179 1745 machi
209 1709 402 1760 refugere.

164 1765 246 1802 Nos
279 1772 406 1803 totum
437 1779 539 1818 opus
568 1765 616 1803 ab
648 1766 755 1804 Orbe
784 1765 948 1804 condito
979 1771 1191 1817 coeptum,
1236 1772 1275 1804 et
1309 1778 1434 1817 usque
1467 1765 1519 1803 ad

51 1834 156 1860 xnx.
203 1835 348 1860 annum
395 1822 567 1861 Heraclii
613 1822 850 1871 deductum,
896 1823 1051 1867 ,Graece
1090 1822 1318 1874 accepimus
1355 1836 1405 1860 ex
1439 1823 1519 1861 MS.

52 1877 150 1917 bibl.
177 1877 455 1929 Augustanae,
486 1885 700 1931 nostraque
725 1892 842 1917 manu
875 1879 1122 1930 exscriptum
1150 1892 1388 1931 versumque
1416 1879 1519 1931 juris

52 1933 202 1987 publici
251 1935 425 1975 fecimus.
485 1936 630 1974 desunt
674 1935 756 1974 duo
797 1935 991 1974 duntaxat
1031 1936 1124 1974 anni
1159 1935 1209 1974 ad
1248 1936 1521 1988 inscriptionis

54 1990 316 2042 promissum,
355 1992 443 2042 qui,
486 1994 546 2030 uti
583 1999 752 2032 testatur
789 1992 1035 2045 antiquarius
1073 1992 1250 2032 Andreas
1291 1993 1519 2032 Darmarius

51 2053 247 2086 vetustate
277 2048 415 2087 aboliti
445 2049 569 2087 suere.

164 2104 394 2156 Adjecimus
425 2106 792 2144 Animadversiones
823 2113 862 2145 et
891 2106 1179 2157 castigationes,
1210 2119 1300 2143 cum
1325 2104 1442 2153 enim,
1474 2111 1520 2143 ut

51 2160 266 2199 Panvinius
296 2168 335 2200 et
363 2162 539 2212 Scaliger
567 2163 723 2214 experti
752 2170 857 2213 sunt,
889 2163 1046 2202 codices
1075 2162 1226 2201 mendis
1254 2161 1368 2200 faede
1396 2161 1518 2200 fuisse

53 2217 294 2269 depravatos
330 2219 744 2258 animadvertissemus
775 2220 994 2272 plurimum
1030 2219 1144 2257 nobis
1180 2219 1223 2256 in
1251 2218 1300 2256 iis
1330 2218 1518 2257 curandis

52 2279 91 2312 et
129 2274 313 2312 sanandis
349 2275 426 2313 fuit
461 2275 747 2326 laborandum3
786 2276 856 2315 ubi
893 2283 1024 2315 tamen
1063 2276 1174 2314 nulla
1214 2281 1320 2314 certa
1350 2274 1516 2325 vestigia

52 2329 271 2370 medicinae
310 2330 489 2370 adhiberi
526 2338 767 2384 potuerunt,
813 2332 1105 2372 immedicabile
1145 2332 1291 2370 vulnus
1329 2331 1517 2370 asterisco

51 2385 74 2411 *
95 2386 127 2439 †
156 2388 402 2438 notavimus,
432 2402 482 2426 ne
509 2389 711 2440 ignoraret
737 2390 886 2439 lector,
916 2396 954 2428 et
982 2389 1099 2428 fidem
1129 2395 1304 2427 nostram
1331 2389 1516 2440 explora-

52 2450 131 2481 tam
162 2443 339 2485 haberet.
399 2445 520 2493 Quod
550 2445 583 2483 si
611 2447 698 2497 quis
733 2446 1045 2484 emendationem
1076 2452 1262 2484 notarum
1291 2451 1515 2497 suspectam

52 2499 263 2548 habuerit,
312 2501 602 2554 autographum
641 2503 719 2542 MS.
759 2503 800 2541 in
841 2502 1022 2544 biblioth.
1064 2502 1232 2555 Reipub.
1262 2502 1512 2553 Augustanse
1541 2506 1584 2541 13

52 2557 204 2595 servari
231 2558 349 2608 sciat,
383 2559 435 2597 ad
469 2559 576 2610 quod
606 2559 821 2612 appellatio
849 2559 935 2598 fieri
960 2559 1121 2612 poterit.

166 2613 195 2652 I.
253 2628 560 2654 cio.c10.cc1.xn.
590 2630 685 2654 anno
712 2617 835 2655 mundi
862 2618 1099 2669 cataclysmus
1119 2615 1240 2667 suit.]

166 2670 262 2708 Cum
310 2671 517 2725 disciplina
577 2672 916 2725 chronographica
966 2687 1045 2712 una
1086 2672 1137 2711 sit
1177 2671 1354 2709 omnium
1390 2671 1516 2710 maxi-

54 2739 116 2765 me
143 2726 332 2779 impedita
366 2735 405 2767 et
433 2743 562 2781 prope
599 2729 910 2781 inextricabilis,
953 2744 1032 2768 non
1068 2727 1244 2767 tricabor
1284 2741 1374 2765 cum
1411 2727 1516 2766 scri-

54 2783 261 2834 ptoribus3
302 2786 424 2823 nostri
467 2785 764 2838 chronographi
803 2787 998 2825 duntaxat
1038 2784 1270 2823 sententiam
1305 2797 1516 2835 exponam,

55 2846 93 2877 et
121 2853 221 2890 quos
248 2839 391 2878 habeat
419 2843 632 2880 sententiae
662 2857 756 2882 suae
787 2850 990 2895 auctores,
1023 2847 1260 2890 sectatores,
1291 2840 1516 2880 laudatores

55 2909 274 2948 exponam,
304 2910 404 2948 quos
433 2898 525 2936 item
561 2899 835 2950 refragatores.
