1820 3276
450 202 508 244 IN
543 199 870 244 CHROMCON
903 197 1192 242 PASCHALE.
1466 196 1569 243 383

109 326 196 365 cap.
225 325 307 350 xm.
347 316 385 350 et
417 311 679 349 Sozomenum
714 310 784 351 lib.
816 323 874 349 ιν.
914 323 1002 363 cap.
1032 323 1152 349 xxm.
1188 321 1268 347 non
1306 308 1476 358 Romae,
1525 314 1570 348 ut

107 373 260 409 Auctor
291 367 491 406 Chronici.
551 368 817 419 Hieronymus
846 367 887 404 in
914 366 1059 407 Chron.
1089 368 1296 406 Honoratus
1316 378 1360 404 ex
1382 365 1574 418 Praefecto

109 427 294 466 Praetorio
321 425 528 464 Galliarum
550 427 688 476 primus
714 425 1031 475 Constantinopolis
1065 425 1171 462 Urbis
1198 422 1411 474 Praefectus
1431 422 1572 474 factus.

108 483 207 522 Vide
238 481 396 521 omnino
432 481 480 519 ad
515 480 670 519 huncce
703 480 890 519 Chronici
929 481 1063 520 locum
1092 481 1226 519 Jacob.
1258 478 1568 519 Gotthofredum
1591 487 1624 522 V
1646 486 1714 524 491

109 541 160 579 ad
189 539 262 589 leg.
291 552 372 577 xw.
404 538 501 577 cod.
531 537 682 577 Theod.
713 538 763 576 de
793 537 1011 579 Praetorib.

225 599 320 644 Pag.
352 597 445 637 543.
479 595 546 636 14.
603 595 686 635 Ινδ.
716 590 779 647 γ’.]
812 594 913 631 Huic
943 593 1156 632 Indictioni
1186 592 1370 643 congruit
1402 593 1483 631 Lex
1511 605 1570 632 xi.
1601 602 1629 636 P
1653 602 1723 640 563

108 652 208 693 eod.
237 651 387 691 Theod.
418 652 468 691 de
498 652 627 689 Cursu
657 651 767 703 publ.
801 663 902 702 quae
933 650 1024 690 data
1066 650 1214 689 dicitur
1244 649 1332 687 Kal.
1363 649 1571 688 Decembr.

108 710 192 748 Ind.
223 723 300 747 1111.

223 766 319 805 lbid.
385 761 438 805 To*
460 760 540 816 ιβ’.]
580 763 708 804 Scrib.
738 761 784 805 το“
811 760 849 804 ι’.
909 763 967 802 Ite
997 763 1104 802 Fasti
1138 776 1296 812 omnes,
1335 768 1374 801 et
1403 761 1574 800 Ammia-

108 837 185 862 nus
213 822 325 861 initio
355 819 450 860 libri
475 833 548 859 xx.
585 819 780 860 Consulatu
807 821 1009 860 Constantii
1033 822 1146 859 decies
1173 825 1297 871 terque
1318 820 1480 866 Juliani,
1509 822 1575 857 etc.

223 879 444 928 Pag.543.
478 879 541 918 19.
600 874 820 928 Ευδόξιος]
853 877 1088 929 Philostorg.
1118 877 1187 916 lib.
1207 890 1247 917 v.
1274 889 1361 928 cap.
1381 889 1410 914 1.
1439 874 1574 914 Theo-

107 935 227 975 dorit.
260 935 328 975 lib.
360 948 405 972 11.
435 947 524 986 cap.
553 946 666 972 xxvi.
694 948 827 973 xxvu.
861 941 898 973 et
927 934 1007 973 alii.

224 995 317 1042 Pag-
348 992 445 1034 543.
475 993 542 1033 21.
602 993 815 1048 Παρουσία
830 987 1082 1032 Επισκόπων
1107 985 1196 1042 οβ’.]
1228 989 1274 1027 ln
1292 987 1472 1026 Concilio
1495 987 1572 1026 sci-

107 1049 204 1088 licet
235 1047 696 1099 Constantinopolitano,
727 1049 793 1087 cui
823 1048 986 1086 adsuere
1011 1047 1080 1099 qui
1101 1045 1169 1084 hic
1192 1051 1450 1084 recensentur
1471 1044 1573 1096 Epi-

108 1106 241 1158 scopi,
273 1105 345 1144 sub
377 1117 549 1156 quorum
583 1106 805 1156 praesentia
834 1104 1040 1144 aedificata
1068 1110 1126 1142 est
1156 1117 1294 1154 magna
1326 1102 1515 1141 Ecclesia.

222 1163 316 1204 Ibid.
376 1157 516 1214 Μαρι,
544 1161 749 1214 Ακακίου]
779 1162 840 1201 Ita
871 1161 1090 1210 edidimus,
1119 1173 1211 1199 cum
1241 1172 1448 1211 perperam
1469 1157 1571 1197 scri-

107 1225 222 1272 ptum
253 1224 356 1258 esset
384 1218 493 1270 apud
523 1218 796 1269 Scaligerum‚
833 1218 951 1256 etiam
988 1219 1029 1256 in
1060 1218 1155 1255 Cod.
1186 1217 1376 1255 Vaticano
1407 1219 1573 1267 Μαρια-

107 1277 256 1317 κεσίου.
315 1275 556 1326 Utriusque,
593 1274 713 1313 Maris
743 1250 896 1314 scilicet
936 1282 975 1313 et
1014 1273 1146 1312 Acacii
1183 1273 1223 1311 in
1255 1272 1432 1310 Concilio
1462 1272 1574 1310 Con-

109 1327 466 1384 stantinopolitano
496 1330 672 1369 meminit
702 1330 992 1382 Philostorgius
1021 1330 1090 1368 lib.
1109 1343 1164 1367 1v.
1195 1343 1280 1381 cap.
1294 1342 1367 1368 xxi.
1388 1335 1427 1367 et
1445 1328 1514 1368 lib.
1532 1341 1572 1367 v.

110 1404 198 1442 cap.
221 1403 247 1429 1.
280 1395 325 1427 ut
355 1393 532 1426 caeteros
563 1387 763 1437 omittam,
793 1401 894 1439 quos
926 1386 992 1425 hic
1019 1386 1158 1425 laudat
1184 1384 1486 1424 Gotthosredus.

199 1443 536 1498 Pag.544.13.
594 1443 819 1504 Εγκαίνια]
851 1444 952 1484 Vide
981 1451 1159 1483 nostram
1183 1441 1573 1494 Constantinopolim

108 1502 256 1541 Christ.
286 1502 355 1541 lib.
385 1514 442 1540 111.
472 1514 510 1538 n.
542 1513 589 1539 11.

225 1562 319 1609 Pag.
349 1557 443 1600 544-
474 1560 538 1599 18.
597 1553 875 1609 Λναθήματα]
908 1557 1020 1605 Quae
1049 1561 1142 1595 sunt
1167 1556 1334 1595 totidem
1355 1554 1575 1594 Constantii

107 1616 265 1681 pietatis
293 1620 545 1665 argumenta,
585 1626 705 1664 quam
739 1614 995 1665 caeteroquin
1025 1613 1303 1652 commendant
1332 1614 1370 1651 S.
1400 1611 1575 1663 Cyrillus

108 1674 150 1711 in
179 1672 357 1725 Epistola
388 1671 437 1710 ad
460 1669 734 1708 Constantium
762 1670 812 1708 de
842 1670 971 1709 Cruce
1000 1671 1044 1708 in
1074 1671 1189 1709 coelo
1218 1669 1305 1709 visa
1335 1668 1575 1720 Hierosoly-

108 1728 210 1778 mis,
248 1729 290 1767 in
321 1741 399 1779 qua
429 1723 707 1779 εὐσεβέστατον
736 1733 878 1775 vocat,
921 1727 1000 1779 (de
1031 1741 1109 1779 qua
1145 1726 1417 1766 consulendus
1446 1724 1574 1764 Theo-

108 1785 261 1838 phanes
291 1785 342 1823 ad
371 1798 432 1823 an.
460 1785 568 1833 xix.)
607 1784 822 1834 Gregorius
859 1783 1128 1823 Nazianzenus
1166 1784 1278 1822 Orat.
1307 1796 1335 1822 1.
1374 1782 1416 1821 in
1446 1782 1574 1819 Julia-
1652 1828 1654 1831 Ι

107 1855 207 1880 num
236 1842 336 1893 Aug.
367 1841 435 1880 ubi
465 1846 502 1878 et
532 1839 617 1892 ejus
641 1840 682 1878 in
713 1840 937 1879 Catholicos
969 1855 1043 1893 pro
1073 1840 1230 1879 Arianis
1259 1841 1364 1878 sacta
1398 1844 1575 1887 excusat,

109 1899 215 1938 etin
246 1898 356 1937 Orat.
383 1912 428 1937 11.
458 1898 497 1935 S.
529 1896 781 1947 Ambrosius,
820 1897 891 1949 qui
933 1897 973 1935 in
1002 1899 1125 1949 Epist.
1157 1898 1209 1936 ad
1242 1895 1573 1946 Valentinianum,

109 1956 381 1994 Constantium
418 1955 605 2004 Augustae
631 1956 810 1992 memmiae
837 1960 979 2004 vocat,
1020 1953 1270 2006 Epiphanius
1306 1953 1422 1993 Haer.
1459 1965 1574 1992 xxxx.

108 2026 148 2054 n.
179 2026 254 2053 x11.
284 2012 354 2051 ubi
393 2012 444 2051 de
479 2011 588 2050 illius
628 2010 851 2049 Arianismo
880 2011 989 2062 agit,
1031 2011 1295 2064 Theophanes
1337 2024 1399 2050 an.
1428 2023 1503 2048 x11.
1533 2014 1574 2047 et

108 2070 305 2108 Zonaras:
352 2074 492 2107 contra
533 2081 651 2120 quam
690 2067 853 2106 Lucifer
887 2068 1137 2107 calaritanus
1176 2075 1216 2107 et
1245 2069 1283 2109 S.
1314 2067 1512 2115 Hilarius,
1550 2079 1574 2103 a

107 2126 254 2178 quibus
291 2125 398 2164 illius
438 2124 622 2176 impietas
665 2125 764 2163 mire
796 2125 1082 2176 proscinditur.
1139 2124 1317 2163 Hilarius
1346 2123 1397 2162 de
1425 2121 1503 2160 hac
1529 2121 1575 2160 in

106 2196 240 2222 sacras
279 2182 397 2221 aedes
435 2180 722 2220 munificentia:
762 2181 972 2221 Sacerdotes
1011 2183 1182 2230 honorat,
1219 2195 1262 2220 ne
1286 2181 1460 2232 Episcopi
1487 2181 1575 2227 sint,

107 2240 295 2279 Ecclesiae
323 2243 418 2277 tecta
449 2241 578 2287 stmit,
617 2242 659 2276 ut
675 2239 790 2289 fidem
814 2238 986 2277 destruat.
1052 2238 1181 2277 Infra:
1216 2238 1313 2276 Auro
1341 2236 1574 2288 Reipublicae

111 2296 287 2335 Sanctum
311 2296 384 2334 Dei
407 2295 573 2342 honoras,
601 2295 658 2332 vel
678 2295 841 2333 detracta
869 2295 1027 2346 templis,
1056 2296 1110 2334 vel
1126 2295 1314 2347 publicata
1342 2293 1487 2343 edictis,
1515 2293 1572 2330 vel

108 2358 237 2391 exacta
262 2355 383 2405 poenis
414 2352 490 2390 Deo
525 2354 669 2401 ingeris.
726 2350 828 2390 Vide
870 2351 1126 2392 Gotthofred.
1164 2351 1215 2390 ad
1254 2351 1344 2402 Leg.
1371 2363 1435 2390 ut.
1474 2348 1571 2390 cod.

109 2409 258 2450 Theod.
290 2409 339 2448 de
368 2407 547 2459 Paganis.
639 2436 642 2438 -

123 2466 127 2474 ‘
225 2469 318 2517 Pag.
350 2464 445 2509 545.
475 2469 515 2508 7.
571 2465 688 2519 Αρχῇ
711 2458 900 2516 τετάρτης
928 2464 1031 2518 Ινδ.]
1081 2428 1207 2504 Inimo
1235 2476 1274 2504 v.
1303 2468 1350 2503 ut
1378 2462 1571 2503 observat

108 2523 282 2575 Scaliger
311 2522 362 2561 nd
392 2522 539 2561 Chron.
567 2520 727 2564 Eusebii
754 2533 842 2587 pag.
874 2520 972 2563 256.

223 2582 314 2629 Pag
345 2578 439 2622 545.
472 2581 510 2621 8.
570 2573 728 2628 Μόψου
754 2572 936 2630 κρήνας]
982 2576 1245 2629 Hieronymus
1283 2576 1326 2614 in
1354 2555 1571 2628 Epitaphio

110 2635 361 2687 Nepotianif
383 2639 422 2674 in
453 2635 579 2684 Mopsi
603 2635 721 2673 mento
757 2640 959 2672 mortuum
997 2634 1064 2674 ait.
1123 2633 1352 2671 Ammianus
1382 2632 1452 2673 lib.
1481 2644 1570 2670 xx1.

113 2691 224 2730 Petiit
248 2706 312 2744 per
339 2695 417 2731 vias
441 2692 605 2743 difficiles
625 2691 898 2742 Mopsucrenas,
930 2690 1080 2730 Ciliciae
1106 2691 1268 2728 ultimam
1294 2690 1362 2728 huc
1384 2691 1568 2741 pergenti-

51 2744 54 2748 ’
111 2748 174 2785 bus
198 2751 399 2797 stationem,
429 2749 492 2787 sub
516 2750 634 2788 Tauri
656 2751 782 2787 moratis
804 2748 987 2787 radicibus
1010 2751 1126 2787 sitam.
1183 2746 1262 2784 Ubi
1281 2746 1458 2784 ultimam
1480 2751 1565 2784 sta·—

111 2804 262 2844 tionem
289 2811 431 2853 vocat,
483 2819 600 2858 quam
638 2806 789 2844 Auctor
831 2803 1023 2844 Chroniei
1057 2807 1219 2857 primam.
1275 2803 1402 2842 Unam
1438 2815 1565 2856 porro

114 2860 359 2914 eandemque
389 2874 479 2900 cum
502 2862 747 2916 Mopsuestia
769 2860 849 2901 hoc
876 2862 969 2900 loco
1000 2860 1189 2915 usurpari
1220 2859 1404 2901 observat
1429 2859 1567 2901 Scali-
