1820 3276
263 196 362 245 448
823 198 1147 243 NOTAE

264 311 389 349 bentes.
458 307 580 357 Quod
619 307 778 360 quidem
823 307 996 348 Venetae
1038 309 1273 362 praesertim
1311 308 1493 348 Factioni
1533 308 1727 349 adscribit

263 366 370 405 idem
409 364 671 416 Theophanes
710 379 812 403 anno
843 381 887 407 11.
919 365 1097 416 ejusdem
1127 366 1298 414 Justini,
1339 380 1430 404 cum
1467 366 1507 404 in
1543 367 1726 405 Prasinos

262 423 440 474 aliosque
465 422 691 474 promiscue
718 422 880 474 impune
908 430 1174 474 grassaretur,
1205 421 1371 476 (quippe
1395 429 1437 461 ut
1458 429 1516 462 est
1536 423 1574 461 in
1592 423 1728 478 Epigr.

262 493 353 521 cxv.
384 479 451 517 lib.
474 492 511 517 v.
551 477 712 517 Anthol.

484 535 537 575 Οἳ
556 534 715 575 Βενετοὶ
734 535 1001 587 Πρασίνοισιν
1019 535 1194 577 ἐναντίοι
1212 532 1299 575 αἰὲν
1316 530 1478 588 ἐόντες.)
1543 585 1548 591 .

259 591 483 641 missusque
516 598 618 630 esset
639 591 894 642 Magistratus
925 591 994 643 qui
1021 591 1217 642 ejusmodi
1247 593 1510 642 grassationes
1541 596 1728 632 coercere

261 648 439 687 auderet.
501 648 614 696 Quae
653 648 835 700 quidem,
874 649 1006 699 inquit
1034 649 1125 697 ille,
1169 661 1292 699 usque
1334 647 1384 685 ad
1423 661 1478 686 vr.
1518 648 1728 688 Justiniani

261 718 409 743 annum
439 711 525 743 acta
558 710 662 743 sunt.
724 705 772 743 Et
803 718 895 743 sane
920 705 953 742 si
982 704 1058 744 hac
1095 705 1134 742 in
1163 718 1208 743 re
1245 703 1362 742 fidem
1392 704 1564 756 aliquam
1595 720 1730 745 mere-

258 768 327 800 tur
359 762 577 814 Procopius
607 762 647 799 in
678 761 777 799 Hist.
809 761 966 800 Arcana
996 776 1083 814 cap.
1113 775 1185 798 vu.
1217 766 1254 799 et
1284 774 1326 799 x.
1356 766 1508 799 tantum
1544 762 1652 801 abest
1684 769 1730 803 ut

259 832 302 856 m
342 818 536 871 ejusmodi
575 818 810 856 Factionum
849 819 1049 857 licentiam
1090 817 1218 856 edicta
1259 817 1434 856 emiserit
1471 818 1730 870 Justinianus,

260 882 307 914 ut
334 874 438 913 hanc
477 877 563 927 ipse
601 881 641 914 et
680 874 891 913 Theodora
934 875 1081 914 fovisse
1119 874 1324 912 dicantur:
1374 874 1485 926 quod
1528 883 1568 914 et
1604 875 1731 916 tradit

109 941 143 976 v
167 942 236 977 529
262 933 456 984 Evagrius
495 932 563 970 lib.
594 945 647 970 1v.
687 945 774 983 cap.
806 945 938 970 xxxn.
1018 931 1190 979 Quantis
1236 943 1358 982 porro
1410 931 1511 970 odiis
1559 938 1730 985 utraque

265 989 401 1028 Factio
433 1002 474 1027 se
508 1002 548 1026 se
577 988 745 1026 invicem
785 995 1114 1040 prosequeretur,
1155 993 1193 1025 et
1228 988 1338 1025 nulla
1377 988 1540 1039 praevia
1582 989 1731 1029 offensa

263 1046 370 1085 inter
399 1059 440 1084 se
470 1045 773 1096 digladiaretur,
813 1058 885 1084 nec
913 1044 1001 1097 ipsa
1046 1044 1163 1084 etiam
1195 1043 1462 1094 germanitatis
1491 1044 1626 1084 habita
1655 1061 1731 1086 ra-

266 1103 396 1151 tione,
427 1102 523 1153 ipsis
555 1101 732 1150 seminis,
764 1102 833 1141 καί
854 1116 927 1152 περ
946 1098 1040 1141 ου’δὲ
1058 1100 1097 1148 ἔς
1118 1098 1166 1140 τὰ
1188 1099 1341 1150 θέατρα
1365 1098 1410 1140 τό
1427 1097 1621 1155 παράπαν
1646 1099 1732 1144 ἰού-

268 1172 379 1208 σαις,
405 1159 502 1197 viris
531 1159 734 1196 interdum
764 1172 805 1196 se
834 1172 875 1196 se
897 1157 1225 1209 adjungentibus,
1262 1157 1448 1209 pluribus
1469 1166 1606 1198 narrat
1624 1159 1732 1199 idem

267 1216 488 1267 Procopius
518 1215 608 1252 loco
637 1214 718 1266 jam
751 1214 937 1264 laudato,
971 1220 1010 1251 et
1038 1214 1108 1251 lib.
1140 1229 1170 1252 1.
1201 1213 1345 1252 Persic.
1378 1227 1463 1266 cap.
1490 1228 1603 1254 xxxv.
1653 1215 1733 1255 Sed

265 1286 383 1310 nemo
415 1272 555 1309 melius
581 1270 776 1322 expressit
805 1270 1010 1308 Circenses
1045 1271 1144 1308 istos
1174 1270 1393 1318 tumultus,
1431 1277 1471 1310 et
1499 1271 1732 1312 Factionum

268 1334 425 1366 mutuas
457 1327 737 1376 dissensiones,
771 1341 887 1392 quam
921 1325 1244 1378 Amphilochius,
1277 1339 1367 1376 seu,
1407 1333 1453 1366 ut
1481 1328 1546 1366 alii
1577 1329 1732 1379 volunt,

266 1385 484 1435 Gregorius
516 1359 809 1430 Nazianzeiius‚
854 1385 895 1422 in
936 1384 1112 1435 Epistola
1151 1382 1297 1421 lambis
1337 1383 1484 1435 scripta
1514 1384 1565 1424 ad
1594 1385 1735 1425 Seleu-

266 1450 382 1491 cum,
414 1455 462 1480 ex
495 1455 573 1493 qua
604 1441 796 1492 quaedam
827 1440 894 1479 hic
923 1441 965 1478 in
993 1440 1195 1492 specimen
1226 1439 1513 1481 delibabimus.

485 1497 569 1538 Καὶ
593 1513 674 1549 μην
695 1495 738 1538 τὸ
758 1501 919 1545 πολλοῖς
941 1500 1092 1549 μᾶλλον
1112 1492 1368 1564 ’ἡμερώτερον

485 1557 650 1594 Δοκοῦν
678 1553 814 1606 θέαμα
841 1557 1032 1594 πωλικῶν
1063 1549 1312 1619 θεαμάτων,

488 1610 570 1651 Καὶ
588 1613 707 1651 τοῦτο
728 1607 868 1661 λοιμός
887 1610 988 1659 ἐστι,
1017 1609 1086 1650 καὶ
1109 1612 1245 1661 ψυχῆς
1263 1621 1396 1659 νοσος

488 1663 637 1715 Πόλεις
656 1669 827 1722 διασπᾷ,
858 1669 989 1719 δῆμον
1012 1667 1068 1714 εἷς
1092 1678 1231 1706 στασιν
1249 1665 1383 1719 φέρει,

489 1719 640 1775 Μάχας
657 1708 856 1773 διδάσκει,
888 1725 1074 1776 λοίδορον
1095 1719 1218 1790 θήγει
1237 1720 1370 1775 στόμα,

491 1780 632 1832 Τὲμνει
651 1783 824 1821 πολιτων
845 1781 1010 1834 φίλτρα,
1041 1775 1254 1833 συγκρούει
1277 1778 1387 1833 γένη,

488 1833 754 1889 Καταισχύνει
775 1836 994 1904 γέροντας,
1014 1836 1193 1888 ἔκμαίνει
1214 1851 1345 1884 νεους,

474 1890 655 1948 ’Έχθρας
680 1890 845 1934 ‹ivam-ei
868 1889 1091 1945 φιλτατων,
1119 1896 1239 1933 πατεῖ
1260 1889 1418 1946 νὸμους.

266 1949 318 1988 Et
346 1948 471 1987 insra:

490 2001 691 2046 Οὕκοῦν’
674 2021 873 2077 εναργως,
901 2004 970 2046 καὶ
987 2022 1030 2046 το
1053 2001 1226 2053 δόξαν”’
1197 2020 1363 2058 ημερον,

491 2060 708 2114 Εριστικὸν
729 2062 864 2115 θέαμα
887 2066 967 2103 τῶν
990 2058 1265 2129 ἱπποδρόμων,

497 2121 645 2170 Ψυχων
662 2116 827 2185 όλεθρὸς
849 2119 949 2169 εστι,
981 2131 1175 2171 σωματων
1198 2115 1318 2170 μοῖχη,

490 2174 574 2214 Καὶ
595 2172 699 2227 πρός
723 2191 767 2229 γε
788 2191 947 2223 τουτοις
966 2173 1179 2227 χρημάτων
1199 2172 1334 2227 σαφής
1353 2171 1511 2228 βλάβη·
1497 2206 1510 2225 ,

491 2227 650 2279 Πόσους
671 2230 744 2285 μὲν
763 2233 900 2281 οἴκους
921 2228 1083 2285 οἷθρὸως
1101 2229 1346 2282 κατέσπασε,·

490 2285 649 2336 Πόσους
671 2293 900 2342 προσαιτεῖν
916 2289 1134 2336 πλουσίους
1151 2283 1375 2340 η’νάγκασες

119 2350 149 2385 Ρ
172 2349 241 2386 592
267 2339 382 2378 Mitto
412 2341 593 2394 reliqua,
627 2359 729 2396 quae
757 2346 921 2384 totidem
950 2345 1093 2383 lambis
1123 2345 1273 2383 Latinis
1296 2343 1493 2397 expressit
1511 2342 1738 2382 Joachimus

265 2395 493 2447 Zehnerus,
545 2413 645 2451 quos
683 2401 835 2454 paiiter
882 2402 1115 2440 omittimus.
1193 2401 1307 2440 Adde
1344 2402 1572 2440 Senatorem
1608 2399 1677 2441 lib.
1709 2414 1739 2440 1.

265 2454 359 2493 Var.
390 2467 702 2496 xxvn.xxx111.
734 2464 773 2496 et
801 2458 892 2497 vide
922 2465 1057 2496 notata
1090 2457 1140 2496 ad
1171 2472 1317 2496 annum
1348 2471 1417 2496 vn.
1446 2455 1658 2495 Anastasii.

266 2566 293 2605 d
381 2510 476 2561 Pag
507 2514 702 2556 617.12
763 2516 880 2567 Ομοῦ
915 2510 1017 2566 ςοεῖ]
1071 2509 1164 2560 ςοὸ’.
1197 2513 1408 2566 legendum
1449 2511 1635 2551 observat
1673 2511 1740 2552 vir

297 2572 424 2605 octus.

379 2622 472 2674 Pag
503 2625 598 2666 617.
632 2627 695 2667 17.
759 2622 813 2666 Το
843 2625 976 2677 τρίτον
1005 2620 1148 2678 μόνου]
1180 2623 1361 2664 Holsten.
1389 2621 1433 2665 τό
1451 2619 1501 2677 β’.
1541 2624 1587 2664 In
1609 2623 1739 2677 Epist.

264 2693 327 2716 111.
364 2679 505 2718 Felicis
543 2681 669 2734 Papae
711 2694 767 2720 1v.
810 2680 877 2719 hic
915 2681 1152 2720 Consulatus
1192 2681 1247 2719 ita
1294 2681 1573 2732 consignatur:
1619 2681 1665 2721 P.
1698 2679 1739 2720 C.

264 2734 447 2775 Mavortii
481 2736 518 2777 V.
550 2736 590 2776 C.
655 2737 757 2777 Vide
798 2738 1052 2776 Sirmoudum
1093 2737 1144 2775 ad
1190 2737 1366 2776 Ennodii
1412 2737 1483 2776 lib.
1515 2751 1571 2776 11.
1611 2737 1738 2790 Epist.

266 2803 418 2830 xxxnt.

379 2848 477 2899 Pag·
508 2852 602 2892 617.
634 2851 702 2921 20.
765 2851 949 2891 Τοσαῦτα
970 2848 1112 2904 ἕρῥιψε
1128 2845 1328 2903 χρήματα]
1350 2849 1607 2889 Marcellinus
1627 2847 1734 2888 hanc
