1884 3262
622 216 1035 260 PRAEFATIO.
1492 218 1557 268 35

95 346 161 371 mo
183 345 402 383 securoque
420 330 547 383 pede
536 344 578 369 111
596 330 841 369 inveniendis
864 331 1064 370 Paschalis
1085 331 1192 370 Festi
1213 330 1335 369 Lunis
1352 345 1399 370 ac
1419 331 1604 376 diebuss
1613 341 1768 383 Maximi,

94 389 450 456 progredeientur,
484 401 645 426 necesse
670 393 754 425 erat
779 394 826 425 ut
850 388 898 425 ab
927 389 1017 439 ipso
1046 389 1185 427 mundi
1215 388 1379 427 exordio
1402 388 1557 427 initium
1582 392 1619 421 et
1640 388 1757 421 Bedae

95 446 307 483 ducerent:
350 441 571 497 αναγκαῖον
596 442 640 484 δὲ
665 439 762 496 πρὸς
795 440 950 490 τούτοις
986 443 1133 484 εἰδέναι
1176 444 1246 485 καὶ
1277 460 1348 485 τον
1378 441 1558 497 ἆριθμον
1571 433 1762 468 pascham·

95 504 176 541 τῶν
206 497 288 541 and
315 498 437 551 Λδαμ
469 501 588 550 ἐτῶν,
624 506 671 538 ut
692 499 747 538 ait
765 500 806 539 S.
825 500 1049 538 Maximus
1038 513 1079 538 m
1098 507 1287 565 computo
1308 500 1562 540 Ecclesiasti-

97 571 144 594 co
162 554 228 611 ¹),
259 562 298 595 et
325 563 371 595 ut
390 556 536 595 Christi
557 557 707 595 Natalis
735 568 879 594 annum
902 556 1042 594 sedulo
1063 557 1332 607 inquirerent,
1362 557 1561 608 proinde-

96 627 174 664 que
201 626 393 651 annorum
417 613 556 652 seriem
586 613 634 650 ab
655 613 743 663 ipso
772 612 922 650 Adamo
942 613 993 650 ad
1012 625 1083 650 sua
1104 619 1283 664 tempora
1305 613 1560 662 deducerent,

95 684 142 707 ac
163 670 460 708 continuarent:
490 669 599 721 quod
619 669 781 720 quidem
798 668 884 707 fieri
903 669 1018 707 aliter
1039 682 1118 706 non
1139 670 1285 720 potuit,
1314 670 1393 707 nisi
1414 670 1560 708 descri-

92 726 176 777 ptis
203 726 448 776 singulorum
480 726 700 777 primorum
719 724 881 763 Pau-um
909 725 1122 774 aetatibus,
1154 725 1370 763 Consulum
1401 727 1558 775 deinde,

94 796 142 819 30
162 784 309 833 Regum
331 788 372 820 et
393 782 683 833 Imperatorum
703 782 834 830 annis,
864 781 1031 832 aliisque
1052 780 1351 832 Clu-onologicis
1371 782 1563 822 observa—
1586 795 1618 827 v
1641 795 1684 830 21

92 838 279 876 tionibus.
334 838 392 876 Ita
410 851 507 889 prae
527 838 690 876 caeteris
708 838 929 875 Annianum
951 844 990 875 et
1010 838 1260 876 Panodorum
1281 838 1457 876 eruditos
1474 840 1560 878 Mo-

93 894 242 933 nachos
260 906 329 932 sua
351 894 567 932 confecisse
583 893 789 932 Paschalia
810 901 951 932 auctor
968 900 1026 931 est
1049 894 1242 944 Georgius
1261 895 1472 945 Syncellus
1490 894 1558 949 2);

94 965 140 989 ac
156 951 379 989 Annianum
406 951 568 1000 quidem
598 951 711 989 brevi
737 950 807 988 sed
831 957 1015 989 accurata
1046 949 1235 989 methodo
1255 957 1482 1002 temporum
1499 966 1562 990 ra-

91 1008 262 1056 tionem,
322 1021 370 1045 ac
401 1007 661 1045 festivitatum
696 1007 992 1045 Dominiearum
1030 1003 1127 1058 μετά
1156 1022 1277 1047 τινων
1309 1007 1560 1056 ἐπιστασιών,

92 1064 343 1115 complexum
375 1077 480 1112 esse,
519 1077 612 1113 seu,
651 1069 696 1101 ut
713 1063 807 1101 alibi
838 1064 893 1101 ait
915 1061 986 1114 ³).
1030 1060 1304 1112 συντάξασθαι
1329 1059 1479 1104 κύκλον
1498 1062 1561 1104 ια’.

92 1117 354 1172 Πασχουάλια
375 1116 481 1171 (ρλβ’.
503 1119 622 1169 ἔτων,
653 1116 736 1172 ἅμα
758 1121 928 1172 σχολίοις
959 1115 1152 1172 ἀκριβέσι.
1211 1120 1284 1158 Ubi
1310 1120 1472 1159 videtur
1499 1121 1562 1159 le-

91 1177 261 1227 gendum
282 1177 535 1228 Πασχαλίους
552 1172 725 1224 κύκλους
752 1173 1113 1216 ια’.Ρ31101101·11111
1136 1189 1232 1214 vero
1258 1176 1398 1225 aliam,
1428 1178 1563 1215 susio-

24 1242 29 1247 “
91 1246 175 1271 lem
197 1246 338 1284 nempe
361 1232 496 1270 iniisse
517 1233 716 1271 scribendi
742 1233 936 1271 rationem
955 1232 1079 1271 tradit
1095 1232 1201 1271 idem
1222 1232 1411 1284 Photius‚
1442 1240 1561 1285 atque

92 1290 193 1327 adeo
212 1292 418 1341 πολυμερῆ
440 1304 481 1329 τε
500 1288 570 1329 καὶ
586 1290 780 1339 πολυειδῆ
792 1319 804 1338 ,
845 1285 972 1329 πολλά
996 1303 1037 1328 τε
1053 1285 1235 1340 χρήσιμα
1248 1289 1437 1340 ἔχουσαν,
1471 1303 1560 1327 011111

92 1360 174 1384 11011
201 1346 328 1383 solum
360 1345 588 1383 continuam
619 1352 841 1397 temporum
867 1345 1028 1393 seriem,
1057 1345 1126 1382 sed
1148 1352 1187 1383 et
1207 1345 1378 1383 duorum
1398 1360 1561 1398 magno-

91 1415 183 1440 rum
215 1402 491 1450 luminarium,
521 1401 623 1439 Solis
654 1408 692 1439 et
711 1402 863 1449 Lunae,
894 1407 1024 1438 motus
1055 1401 1096 1438 in
1121 1415 1167 1438 eo
1190 1401 1424 1440 observarit.
1483 1405 1561 1440 At-

94 1471 172 1510 que
199 1457 280 1495 hoc
310 1457 539 1509 scriptionis
575 1470 717 1508 genere
748 1457 809 1494 usi
838 1470 919 1495 non
949 1457 1068 1495 modo
1100 1465 1256 1495 veteres
1287 1458 1562 1509 computistae,

91 1528 164 1553 seu
184 1515 388 1566 cyclorum
410 1514 680 1563 confectores,
709 1512 778 1552 sed
800 1514 916 1551 etiam
942 1514 1079 1564 paullo
1096 1514 1353 1562 recentiores,
1385 1520 1501 1566 atque
1519 1515 1561 1552 111

90 1571 139 1609 iis
161 1573 200 1610 S.
223 1571 440 1620 Maximus,
469 1570 539 1621 qui
568 1570 674 1621 apud
695 1571 889 1620 Graecos,
921 1576 967 1607 ut
984 1569 1090 1608 Beda
1118 1570 1225 1620 apud
1246 1571 1426 1620 Latinos,
1458 1571 1560 1623 ejus-

93 1641 139 1666 ce
162 1627 260 1665 artis
272 1629 464 1680 plinceps
485 1626 667 1667 habetur.
724 1626 877 1664 Horum
896 1626 998 1670 alter
1020 1626 1128 1664 edito
1151 1627 1430 1665 Ecclesiastico
1455 1641 1561 1665 com-

91 1690 214 1736 puto,
243 1683 412 1736 subjecit
438 1679 590 1736 χρόνων
620 1678 845 1736 ἆρίθμησιν
873 1681 942 1722 καὶ
971 1678 1101 1734 ὁμάδα
1132 1682 1181 1719 ab
1213 1682 1384 1721 Adamo:
1417 1683 1560 1722 deinde

93 1737 269 1792 δήλωσιν
283 1743 365 1781 τῶν
377 1738 651 1790 ’ὑποκειμένων
679 1739 928 1789 κεφαλαίων,
958 1735 1055 1779 πότε
1078 1738 1146 1778 καὶ
1169 1738 1234 1779 ἐπι
1253 1739 1364 1786 τίνος
1383 1737 1559 1793 ἐπληρώ-

0 1783 26 1838 *T
91 1802 173 1848 θη,
203 1797 246 1834 111
274 1810 351 1848 qua
381 1795 594 1848 posteriori
622 1802 737 1846 parte
767 1795 1008 1848 praecipuae
1039 1801 1264 1858 temporum
1292 1795 1478 1847 Epochae
1508 1797 1559 1835 ad

91 1853 296 1891 Iustiniani
315 1859 494 1904 tempora
519 1852 797 1900 deducuntur,
828 1865 919 1889 cum
940 1865 989 1889 an
1007 1851 1122 1903 prior
1142 1852 1195 1890 sit
1217 1853 1254 1890 S.
1275 1851 1458 1900 Maximi,
1489 1853 1559 1904 qui

90 1910 311 1961 imperante
329 1909 513 1947 Heraclio
533 1908 656 1957 vixit,
690 1909 873 1947 dubitare
897 1908 1038 1956 liceat,
1071 1921 1159 1946 cum
1182 1908 1232 1946 ad
1254 1908 1558 1948 Constantinum

93 1973 133 2004 et
152 1968 367 2004 Romanum
387 1966 652 2016 Imperatores
677 1964 959 2017 protrahatur,
988 1964 1062 2002 nisi
1093 1979 1194 2016 quae
1221 1971 1314 2016 post
1330 1965 1558 2004 Heraclium

92 2022 309 2071 habentur,
339 2022 498 2060 alterius
530 2022 717 2060 dicantur
744 2035 826 2059 esse
852 2021 1072 2071 scriptoris.
1130 2021 1242 2058 Alter
1270 2034 1386 2071 vero,
1416 2035 1559 2073 nempe
1724 2031 1750 2053 ⁸

91 2079 220 2129 Beda,
249 2078 414 2117 similem
442 2078 559 2129 plane
589 2077 819 2117 observavit
842 2076 1074 2116 methodum
1102 2077 1146 2114 in
1176 2077 1289 2115 libris
1313 2077 1362 2116 de
1395 2079 1561 2116 Ratione

23 2161 29 2163 ⁴
92 2142 344 2188 temporum,
391 2141 431 2172 et
460 2134 508 2172 de
536 2134 687 2172 Natura
727 2147 882 2183 rerum,
923 2134 965 2171 in
1002 2133 1146 2185 quibus
1172 2133 1267 2171 dum
1292 2133 1560 2172 Ecclesiastici

94 2194 270 2244 computi
295 2189 524 2229 methodum
544 2191 754 2242 explanat,
786 2203 944 2228 cursum
961 2197 1185 2241 temporum
1211 2203 1330 2239 quem
1346 2190 1390 2228 111
1408 2204 1466 2232 vl.
1487 2203 1561 2229 ae—

39 2266 44 2272 ·
93 2254 194 2287 tates
215 2247 438 2297 distribuit,
467 2247 636 2285 subinde
654 2246 872 2297 interserit,
904 2247 968 2286 vel
988 2247 1100 2298 operi
1119 2245 1293 2298 subjicit.

205 2360 386 2399 XXVIII.
443 2360 519 2398 Sed
539 2374 588 2398 an
609 2359 715 2398 idem
734 2361 774 2399 S.
791 2359 1005 2423 Maximus,
1032 2357 1222 2396 Chronici
1241 2359 1367 2396 nostri
1388 2347 1657 2396 Pascha-Ans·
1668 2348 1778 2383 Mfflss·

93 2417 144 2455 lis
167 2423 310 2456 auctor
339 2416 479 2456 haberi
510 2417 671 2466 debeat,
703 2415 813 2468 quod
843 2416 883 2453 in
899 2414 1161 2479 suspicionem
1179 2416 1290 2453 venit
1311 2414 1483 2463 Radero,
1510 2395 1761 2474 ut¹¹1¹¹¹5¹330113¹T

96 2474 164 2524 qui
182 2475 400 2526 imperante
423 2473 607 2512 Heraclio
633 2474 805 2521 vixerit,
835 2473 1038 2522 multaque
1067 2471 1290 2523 scripserit,
1323 2478 1442 2522 atque
1461 2469 1558 2508 adeo
1569 2486 1693 2519 schahs
1704 2453 1777 2521 aau-

95 2537 327 2582 computum
350 2531 467 2568 etiam
485 2529 824 2579 Ecclesiasticum‚
856 2528 889 2565 si
918 2528 958 2566 id
979 2529 1167 2566 attentius
1186 2527 1451 2579 expendatur,
1481 2525 1556 2563 mi·
1590 2531 1617 2564 P
1639 2531 1686 2566 24

95 2601 170 2625 nus
202 2600 299 2625 vero
329 2600 547 2625 consonum
575 2586 789 2627 videbitur.
849 2586 904 2623 Ut
934 2585 1036 2623 enim
1063 2586 1102 2624 S.
1125 2585 1321 2622 Maximus
1352 2599 1373 2621 a
1396 2580 1643 2620 G1aecisct0r
1655 2577 1777 2612 existi·

95 2643 194 2696 ipsis
222 2657 298 2695 pro
322 2644 541 2682 cultissimo
566 2643 762 2695 scriptore
789 2655 944 2694 semper
968 2639 1126 2679 habitus
1152 2648 1233 2691 est,
1274 2641 1330 2678 ita
1358 2622 1777 2678 Paschalism²²¹¹P⁰⁵³¹t·

143 2786 183 2851 ζ)
208 2786 304 2822 Part.
331 2797 354 2820 1.
382 2797 458 2831 cap.
485 2788 540 2823 17.
563 2787 620 2823 32.

143 2832 188 2921 ³3
207 2831 296 2921 ἔὲἒ·
315 2834 394 2914 31⁵5.
