1884 3262
294 219 473 265 272·
853 210 1192 260 NOTAE.

292 325 434 402 τρᾶσιν
458 325 573 381 ἡμῶν
602 323 862 380 παραδοθὲν,
902 326 971 368 καὶ
1000 323 1244 380 ἕκὸεχόμεθα
1282 322 1327 366 τό
1359 319 1484 378 πέρας
1514 327 1589 366 τοῦ
1616 314 1763 378 μυστῆ-

319 387 397 427 ίου.

293 403 315 441 ρ
406 440 503 490 Pag
533 439 629 482 294
661 442 728 482 10.
790 433 918 487 Ουτος
938 456 959 480 ο
950 434 1226 492 ι’Προι;ι)’ήτης]
1259 439 1433 476 Rursum
1452 451 1503 475 ex
1516 428 1762 490 Epiphanio.

408 497 504 547 Pag
527 496 622 539 294.
655 499 720 537 11.
778 491 916 548 Αὕτῆ]
965 496 1093 535 Addit
1123 494 1321 548 Epiphan.
1351 509 1496 535 παντα.
1527 497 1763 546 Κατατεθῆ-

292 570 374 596 ναι.
407 551 571 604 Logoth
603 555 905 605 καταποθῆναι.

408 609 504 660 Pag.
533 609 631 652 294.
666 612 730 652 12.
796 613 889 657 Τοῖς
908 605 1155 663 παρεστωσι]
1186 606 1387 659 Epiphan.
1414 609 1498 653 τοῖς
1522 604 1675 656 ἱερεῦσι
1689 607 1764 647 τοῦ

293 669 416 717 λαου,
446 665 515 706 καὶ
535 669 619 713 τοῖς
639 665 922 719 πρεσβυτέροις
949 667 1211 714 παρεστωσιν.
1254 662 1474 714 Logotheta
1504 662 1618 701 addit
1631 657 1762 730 αυτῷ.

407 722 503 773 Pag
533 721 629 765 294.
661 722 728 764 14.
788 725 852 763 Εν
874 717 1071 775 δυναμει]
1096 720 1225 759 Addit
1246 718 1415 771 Logoth.
1435 721 1578 770 κοινῆς
1592 714 1762 772 χάριτος.
1821 759 1823 769 s

296 775 450 828 Ξυλον,
482 777 647 829 Logoth.
678 775 796 835 ξύλῳ.

407 834 629 886 Pag.294.
671 839 738 904 16.
800 829 970 886 Ουδεις]
1018 833 1147 873 Aliter
1179 832 1455 886 Epiphanius,
1499 827 1634 880 οὐδεὶς
1665 827 1764 872 οἴνα-

292 888 464 942 :uz-‘nigei'
452 892 505 933 ε’τι
528 888 709 960 Ιερὲων
688 889 718 944 ἠ’
736 894 991 944 Προφητων,
1010 891 1046 932 εἰ
1065 907 1120 943 μη
1147 889 1345 942 Μωσῆς”
1325 906 1345 930 o
1363 889 1540 938 ἕκλεκτος
1557 904 1628 929 του
1614 890 1761 938 Θεοῦ,

291 949 362 990 καὶ
379 965 450 997 τας
470 947 512 989 ἐν
531 944 635 1016 αυτῇ
654 945 810 997 πλακας
827 945 961 995 ου’ὃεὶς
977 943 1225 998 α’ναπλωσει,
1256 947 1293 987 εἰ
1310 944 1365 1000 μῆ
1389 942 1553 1000 Ααρῶν.
1589 944 1760 997 Logoth.

293 1005 362 1047 καὶ
380 1003 450 1053 τοὶς
470 1004 513 1046 ἐν
533 1000 640 1060 αυτῆ
661 1001 816 1053 πλάκας
837 1001 971 1053 ου’δεις
991 1000 1231 1053 οἷναπτύξει,
1263 1010 1338 1044 etc.

407 1062 503 1112 Pag.
533 1045 628 1103 294
660 1065 727 1105 8.
789 1060 870 1102 Και
898 1061 941 1102 ἐν
970 1063 1022 1117 τῇ
1048 1059 1202 1116 1ἡμέρα]
1231 1059 1400 1112 Logoth.
1429 1058 1498 1101 καὶ
1521 1058 1564 1100 ἔν
1594 1061 1645 1116 τῆ
1664 1053 1765 1099 οἴνα-

291 1119 458 1174 στασίᾳ,
490 1124 566 1158 etc.

406 1175 502 1224 Pag
537 1172 632 1216 294.
666 1176 733 1216 21.
797 1171 872 1214 Τόν
896 1171 1073 1229 ἒχθρον]
1105 1171 1305 1242 Epiphan.
1325 1173 1407 1212 MS.
1427 1171 1498 1213 καὶ
1518 1187 1590 1213 τον
1613 1168 1765 1225 ἕχθρον

293 1226 939 1327 {ivffl‘sffie53.²²552'25.2{⁰35‚‘55
947 1229 1162 1336 ...E-{¹335
1186 1226 1370 1324 ἕέἷλίιέχ
1385 1225 1763 1339 αξῖῧζένῗῖςλᾚῖἶέ

292 1350 362 1382 tur
395 1343 492 1397 poni
533 1357 631 1395 pro,
661 1345 698 1382 in
725 1343 861 1394 fugam
899 1344 1141 1392 conjicientes,
1185 1342 1376 1394 fugantes.
1435 1342 1495 1380 Ita
1526 1339 1764 1394 Logotheta:

291 1401 361 1442 καὶ
388 1398 456 1440 τὸν
479 1397 628 1452 ἐχθρόν
656 1397 875 1453 φεύγοντες
897 1398 967 1440 τόν
995 1396 1150 1441 ἀνελεῖν
1180 1395 1332 1448 αυτ-οὖς
1360 1397 1544 1440 θέλοντα.

407 1456 504 1506 Pag·
533 1457 629 1499 295.
658 1458 699 1498 3.
761 1454 975 1508 Φωτεινη]
1026 1457 1142 1496 Deest
1178 1455 1277 1494 haec
1314 1469 1401 1495 vox
1443 1455 1486 1494 in
1525 1452 1765 1507 Epiphanio,

293 1526 395 1567 quae
428 1512 600 1551 habetur
628 1513 735 1564 apud
765 1512 1035 1565 Logothetam.

407 1565 709 1617 1ιῑά.ουδεὶς
738 1574 828 1610 νοεῖ
854 1567 920 1610 τὸν
951 1567 1118 1640 τύπον]
1163 1569 1288 1609 Addit
1317 1567 1565 1622 Epiphanius
1596 1567 1762 1609 ἐκεῖνον.

294 1625 414 1666 Abest
444 1640 467 1663 a
495 1624 739 1677 Logotheta,
779 1627 886 1678 apud
919 1640 1036 1678 quem
1064 1624 1190 1668 τόπον
1219 1627 1374 1678 legitur.

408 1682 505 1731 Pag
535 1682 630 1725 295.
670 1685 709 1725 8.
770 1686 818 1722 Η
840 1679 971 1736 δόξα]
1010 1683 1178 1736 Logoth.
1208 1682 1238 1737 ἦ
1266 1679 1381 1738 χάρις
1408 1683 1484 1723 τοῦ
1512 1681 1620 1722 Θεοῦ
1645 1678 1689 1720 ἐν
1710 1679 1767 1734 τῷ

294 1735 407 1793 νόμῳ
438 1734 577 1778 αὐτοῦ.

411 1794 506 1845 Pag·
535 1794 631 1837 295.
673 1796 713 1836 9
769 1791 850 1835 Aac}
876 1797 1021 1852 τουτο]
1073 1795 1183 1834 Haec
1215 1801 1256 1835 et
1299 1794 1507 1847 sequentia
1527 1789 1683 1832 absunt
1712 1790 1762 1830 ab

296 1849 542 1904 Epiphanio:
570 1850 770 1889 habentur
799 1864 895 1890 vero
924 1852 1077 1904 pariter
1095 1853 1216 1905 apud
1242 1851 1411 1903 Logoth.

410 1907 506 1957 Pag·
537 1909 632 1949 296.
663 1906 701 1948 5.
759 1905 915 1960 Αριρα]
954 1908 1107 1947 Auctor
1135 1909 1218 1947 MS.
1257 1908 1308 1947 de
1335 1921 1420 1946 xv1.
1450 1905 1681 1959 Prophetis,
1720 1904 1765 1945 ἐκ

226 1974 231 1976 “
295 1966 464 2017 Σαριροῖ.
524 1962 770 2032 Epiphanius
801 1964 894 2002 edit·
925 1970 963 2002 et
992 1965 1072 2003 MS.
1102 1964 1146 2005 ἐκ
1175 1966 1345 2018 Σαρηρᾶ
1375 1964 1419 2006 ἐκ
1443 1967 1523 2004 τῶν
1549 1963 1652 2003 υἱῶν
1681 1964 1765 2002 τῶν

150 2360 183 2396 V
206 2358 276 2397 420

294 2018 542 2086 Λρχιερέων·
574 2015 780 2060 ἀπέθανεν
802 2018 845 2060 δὲ
866 2019 910 2060 ἐν
937 2022 988 2076 τῇ
1009 2023 1063 2077 γῆ
1084 2024 1167 2062 τῶν
1190 2021 1427 2071 Χαλδαίων,
1455 2017 1585 2061 πολλα
1604 2034 1765 2073 προφη-

293 2073 437 2147 τερύσας
456 2075 547 2129 περὶ
564 2079 634 2129 τῆς
655 2075 900 2148 ἐπιστροφῆς
917 2079 991 2117 τοῦ
1010 2081 1131 2128 λαοῦ,
1161 2077 1231 2118 καὶ
1251 2076 1344 2131 περὶ
1371 2080 1444 2130 τῆς
1461 2073 1675 2118 ἐπανόδου
1680 2089 1765 2116 των

294 2132 399 2173 υἱων
419 2130 593 2185 Ισραῆλ,
624 2131 692 2172 καὶ
711 2132 802 2187 περὶ
826 2136 897 2185 τῆς
917 2135 990 2174 τοῦ
1015 2135 1174 2187 Κυρίου
1199 2134 1424 2189 παρουσίας
1441 2128 1762 2188 προεφήτευσαν.

294 2189 354 2227 Ita
386 2189 503 2228 etiam
533 2164 764 2239 Lo’gotheta.

407 2245 503 2297 Pag.
534 2247 628 2287 296.
657 2248 696 2287 7.
761 2247 843 2285 Τοῦ
869 2244 996 2297 λαοῦ]
1030 2249 1094 2287 Ev
1113 2249 1167 2303 τῇ
1193 2246 1386 2303 παροικία
1417 2262 1540 2287 αυτου
1570 2245 1613 2286 ἔν
1631 2245 1763 2298 Βαβυ-

296 2303 397 2342 λῶνι
424 2297 698 2354 ἐλεγχόμενος,
729 2307 802 2340 etc.
836 2301 1034 2369 Epiphan.

413 2358 508 2408 Pag·
539 2361 634 2401 296.
665 2360 705 2399 9.
755 2361 818 2398 Εν
845 2374 963 2413 ταφῳ
992 2355 1162 2411 Ιωσὴφ]
1205 2357 1403 2428 Epiphan.
1434 2363 1474 2396 et
1502 2356 1655 2396 Auctor
1682 2356 1762 2396 MS.

295 2412 340 2455 ἐν
365 2429 483 2469 ταφω
509 2412 622 2466 Σημ,
653 2420 728 2454 etc.
780 2415 860 2456 Lo‘
851 2414 947 2452 ‘.0th
979 2415 1022 2456 ἒν
1055 2412 1173 2470 τάφῳ
1203 2418 1286 2455 τῶν
1319 2411 1417 2468 Σήθ·
1454 2413 1523 2454 καὶ
1550 2410 1762 2467 Αρφαξᾶδ.

295 2469 396 2510 Vide
426 2470 639 2521 Georgium
669 2454 897 2522 Syncellum
929 2475 1095 2523 Ρ.101.
1130 2474 1222 2514 110.
1297 2501 1300 2506 ,

409 2526 633 2577 Pag.296.
665 2530 729 2568 12.
789 2527 1099 2581 Εξέπιπεδίου]
1130 2528 1222 2578 Leg.
1253 2524 1455 2568 ἐπιπέδου.

410 2582 506 2634 Pag·
536 2585 631 2626 296.
661 2583 733 2627 15.
786 2586 860 2624 Οτε
882 2583 1077 2636 ἐκλείπει]
1112 2582 1306 2642 Epiphau.
1336 2580 1398 2624 ὅτι
1419 2598 1515 2623 οταν
1534 2580 1693 2636 ἐκλείπῃ
1714 2596 1759 2622 το

293 2635 405 2692 ὕδωρ
430 2636 559 2680 αυτοῦ
579 2639 748 2688 ἐλπίζειν
769 2656 814 2681 το
827 2640 1042 2693 δρέπανον.
1101 2638 1269 2678 Auctor
1284 2640 1364 2680 MS.
1395 2636 1492 2680 όταν
1518 2637 1672 2678 ἐκλίποι
1701 2637 1762 2678 ἐλ-

294 2697 422 2744 πίζειν
441 2693 484 2736 τὸ
507 2694 729 2758 δρέπανον,
761 2702 880 2749 atque
909 2697 968 2735 sic
999 2696 1321 2746 emendavimus,
1350 2709 1440 2734 cum
1459 2690 1644 2736 ἐπελθων
1662 2705 1762 2747 per·-

295 2765 432 2804 peram
461 2750 611 2791 editum
643 2759 755 2812 esset.

414 2808 509 2858 Pag-
538 2812 634 2852 296.
667 2813 731 2853 16.
773 2809 868 2858 Εἰς
896 2807 1066 2862 πέτρας]
1096 2808 1265 2860 Logoth.
1298 2809 1355 2858 εἰς
1373 2807 1510 2862 πέρας.

409 2864 503 2908 stid.
565 2866 867 2921 Πλημμυρίσει]
904 2866 1101 2920 Epiphan.
1131 2863 1251 2907 καὶ“
1226 2882 1324 2908 οταν
1342 2865 1600 2922 πλημμυρίσῃ
1632 2859 1760 2905 αὐτοῦ’
