1820 3276
287 204 388 258 458
863 208 1175 252 NOTAE

285 318 404 365 nius,
445 318 655 367 Socrates,
696 323 738 357 et
771 318 958 359 Zonaras.
1017 318 1130 361 Idem
1170 317 1400 361 Ammianus
1439 319 1495 360 de
1525 318 1658 361 Firmo
1686 320 1756 365 lib.

283 388 403 414 xx1x.
444 374 485 414 E
514 375 639 426 quibus
667 388 758 414 unus
786 379 940 427 torquem
963 389 1031 427 pro
1060 376 1261 417 diademate
1289 379 1404 428 capiti
1430 379 1596 428 imposuit
1625 377 1754 419 Firmi.

284 431 464 484 Denique
491 430 678 469 Sidonius
707 431 757 470 de
787 432 906 471 Avito
934 432 1034 485 Imp.
1065 433 1108 471 in
1137 433 1313 486 ejusdem
1345 434 1615 486 Panegyrico:

432 499 434 502 ’
503 487 722 527 Concurrunt
751 488 938 538 Proceres,
967 503 1011 528 ac
1039 491 1150 529 milite
1179 490 1411 542 circumfuso„

504 544 648 595 Aggere
676 548 860 597 composito
887 550 1073 597 statuunt,
1102 560 1147 586 ac
1174 551 1296 598 torque
1322 550 1505 595 coronant,

505 601 687 640 castrensi
711 606 886 643 moestum.

397 657 619 707 pag-624·
653 658 722 703 15.
777 655 988 701 Ιουλιανόν
1023 655 1096 700 τόν
1133 653 1202 702 ἄπ’
1229 654 1434 711 Επᾶρχων
1466 630 1754 711 Πραιτωρίων]

283 713 394 753 Alius
421 714 601 754 Julianus
630 714 709 755 iste
733 715 894 757 videtur
923 729 945 754 a
973 715 1146 765 saliano,
1171 714 1244 767 qui
1272 715 1399 756 eidem
1427 714 1647 757 justiniano
1676 715 1754 758 fuit

283 786 306 811 a
336 771 531 822 Socratis,
559 772 681 811 fratre
711 772 882 822 Summi,
913 772 964 811 de
994 785 1074 824 quo
1104 771 1324 824 Procopius
1351 772 1394 810 in
1425 771 1607 811 Persicis.

398 828 496 878 Pag·
526 827 620 870 624.
650 832 722 871 21.
779 828 1037 882 Εφραίμιον]
1069 828 1148 878 Qui
1172 842 1267 867 mox
1297 824 1558 881 Εὕφραίμιος
1586 827 1754 870 diciturz

283 899 365 937 quo
405 884 564 925 nomine
605 885 780 925 donatur
821 885 984 937 quidam
1023 886 1163 924 Comes
1192 885 1366 924 Orientis
1398 885 1505 937 apud
1535 882 1752 937 Theopha—
1792 884 1820 924 „²

282 955 374 982 nem
406 955 511 981 anno
540 942 777 982 1x.Justini
803 942 1000 991 Senioris,
1039 948 1076 981 et
1106 943 1231 993 alius,
1272 941 1502 981 Patriarcha
1532 939 1752 982 Antioche-

279 1011 378 1048 nus,
409 998 518 1050 apud
546 998 772 1038 Liberatum
802 1013 887 1051 cap.
916 1013 1037 1038 xxm.

395 1055 492 1105 Pag.
522 1055 618 1097 624.
651 1059 717 1101 22.
776 1060 909 1108 Δηλοῐ
942 1071 996 1110 τῳ
1037 1056 1223 1107 Βασιλεῖ]
1267 1054 1511 1122 Procopius·
1558 1051 1673 1102 Τινὲς
1710 1051 1754 1098 δέ

282 1124 408 1164 φασιν
438 1112 662 1162 ἐξεπίτηδες
693 1109 816 1153 αὐτόν
846 1112 1026 1152 ἐνταῦθα
1045 1109 1174 1164 ἥκειν,
1204 1115 1369 1154 Βασιλεῖ
1383 1106 1582 1175 ευνοϊκαις
1602 1110 1753 1163 ἔχοντα.

395 1168 489 1218 Pag
519 1169 615 1211 625.
647 1172 688 1210 3.
746 1171 892 1221 Θωμᾶς
931 1183 991 1216 τις
1027 1168 1282 1221 Λσηκρῆτις]
1327 1169 1365 1208 Is
1406 1168 1513 1207 forte
1550 1168 1592 1207 in
1634 1180 1753 1219 quem
1790 1215 1794 1220 ,

132 1231 162 1266 P
185 1230 257 1267 597
283 1230 392 1265 extat
427 1226 681 1276 Epignamma
722 1224 912 1276 Agathiae
941 1225 1010 1264 lib.
1039 1238 1093 1266 lv.
1122 1224 1284 1263 Anthol.
1315 1225 1383 1263 Gr.
1413 1238 1500 1276 cap.
1528 1238 1556 1264 1.
1584 1223 1665 1265 hoc
1693 1223 1754 1265 ti-

279 1282 392 1320 tulo:
434 1281 511 1329 Εἰς
552 1277 692 1322 εἰκόνα
720 1277 990 1322 οἷναέεθεῖσαν
1018 1281 1062 1322 ἐν
1090 1286 1174 1329 τοῖς
1204 1281 1415 1322 Πλακίδου
1444 1277 1527 1321 dmi
1555 1283 1630 1321 τοῦ
1656 1278 1754 1322 νέου
1818 1283 1819 1286 ’

278 1338 503 1391 Σκρινίου,
545 1351 596 1377 ex
625 1352 706 1390 quo
737 1338 974 1391 Imperatori
1001 1336 1242 1390 percharum
1279 1351 1326 1376 ac
1362 1338 1598 1376 familiarem
1630 1336 1753 1376 fuisse
1818 1372 1820 1379 ,

124 2195 156 2234 V
178 2196 248 2237 536

279 1394 501 1446 colligitur.

396 1451 492 1502 Pag·
522 1450 618 1494 625.
653 1453 697 1493 8..
749 1449 834 1493 Καὶ
860 1453 986 1492 ταῦτα
1023 1446 1230 1503 ἀκούσας]
1275 1449 1563 1520 Theophanes·
1587 1444 1754 1502 Φήμης

280 1506 325 1549 δὲ
363 1507 582 1574 γενομένης
622 1503 685 1548 ότι
724 1523 746 1548 ο
784 1505 979 1558 Βασιλευς
1006 1505 1143 1561 λαβων
1176 1524 1251 1561 την
1279 1503 1541 1576 Αιῖγούσταν,
1571 1506 1753 1561 ἐξῆλθεν

278 1565 322 1609 ἐν
350 1568 402 1621 τῇ
432 1561 601 1636 Θράκῃ,
643 1563 714 1605 καὶ.
754 1560 1025 1619 ἀνηγόρευσεν
1060 1565 1232 1605 Βασιλέα
1277 1561 1455 1605 Υπάτιον
1495 1561 1563 1607 τὸν
1603 1563 1752 1631 Πατρί-

279 1637 394 1672 κιον,
424 1621 493 1662 καὶ
523 1605 792 1674 καθεζόμενος
820 1621 864 1662 ἐν
895 1624 956 1675 τῷ
985 1624 1173 1677 Ιππικω,
1204 1617 1423 1674 εὕφημεῑτο
1451 1617 1535 1665 ’ὑπο
1564 1622 1648 1662 ταῖν
1677 1614 1754 1671 δή·

279 1694 388 1732 μων,
415 1677 484 1719 καὶ
512 1676 688 1730 ἤκουσεν
713 1675 786 1729 τοὶς
813 1663 1048 1733 ὖβριστικοῖς
1075 1675 1219 1731 φωνοὲς
1246 1676 1318 1726 τοὶς
1346 1693 1448 1731 προς
1474 1673 1754 1719 Ιουστινιανον

276 1733 348 1777 τὸν
377 1734 560 1776 Βασιλέα.

392 1792 488 1842 Ραξ-
519 1790 616 1835 625.
647 1795 712 1835 12.
769 1789 861 1832 Aa&
897 1790 1243 1843 Κωνσναντινῶν]
1292 1790 1383 1841 Leg.
1424 1789 1588 1828 videtur
1625 1791 1752 1829 Kmv·

277 1851 542 1897 σταντιανῶν,
571 1848 613 1885 id
647 1855 729 1898 est,
760 1862 811 1888 ex
845 1848 957 1888 urhis
986 1847 1146 1898 regione
1175 1847 1244 1886 ubi
1275 1853 1388 1886 erant
1416 1845 1618 1887 Thermae-
1641 1846 1751 1887 Con-

276 1905 521 1954 stantianae‚
561 1904 611 1944 de
652 1905 798 1956 quibus
831 1905 979 1956 egimus
1008 1904 1052 1942 in
1079 1903 1422 1956 Constantinopoli
1455 1902 1601 1941 Christ.
1625 1902 1695 1942 lib.
1719 1916 1750 1942 1.

275 1967 371 2002 sect.
401 1975 514 2001 xxvt.
557 1974 596 2000 n.
629 1975 668 2000 v.
711 1969 749 2000 et
787 1961 858 2000 lib.
886 1974 942 2001 1v
974 1967 1072 2002 sect.
1099 1973 1156 1999 v1.
1186 1974 1225 2000 n.
1257 1973 1348 1998 xcv.
1407 1959 1460 1998 At
1487 1958 1751 2010 Theophanes

274 2017 399 2059 hosce
432 2017 707 2058 adolescentes
737 2018 923 2057 prasinos
950 2017 1141 2056 loricatos
1171 2017 1326 2055 venisse
1355 2015 1411 2057 ait
1451 2012 1534 2061 ἐπεὶ
1566 2016 1750 2068 Φλαβια-

275 2090 384 2125 νων,
429 2075 478 2114 de
509 2075 654 2126 quibus
684 2074 786 2117 nihil
813 2075 854 2114 in
885 2087 1074 2127 praesens
1105 2073 1320 2112 succurrit.

390 2131 612 2181 Pag.625.
644 2135 708 2174 13.
769 2134 997 2183 Φοροῦντες
1039 2126 1192 2196 ζαβας]
1244 2128 1478 2182 Theophan.
1523 2123 1749 2181 λωρικοῖτοι,

278 2188 379 2230 Vide
408 2189 538 2226 Gloss.
570 2189 674 2229 med.
707 2189 882 2227 Graecit.
913 2187 956 2225 in
987 2183 1116 2240 Ζάβα.

390 2245 612 2295 Pag·625-
644 2249 709 2287 17.
766 2242 849 2286 Δια
885 2246 961 2285 τοῦ
997 2241 1214 2297 λεγομένου
1259 2241 1454 2294 κοχλίου]
1505 2240 1750 2308 Procopius.

277 2301 476 2349 Μοῦνδος
515 2299 594 2352 μὲν
629 2299 698 2344 διὰ
735 2298 868 2353 πύλης
904 2296 1096 2369 ἐξῄει,
1078 2299 1199 2340 ἔνθεν
1236 2295 1288 2350 δη
1321 2297 1347 2339 o‘
1378 2297 1537 2350 κοχλίας
1566 2291 1647 2339 οἷπό
1675 2298 1750 2348 τῆς

276 2355 386 2404 ἰδέας
414 2353 599 2398 καθόλου
627 2361 893 2410 κυκλοτεροῦς
915 2369 1042 2409 ουσης
1064 2351 1310 2407 ω’νόμασται..
1368 2355 1463 2395 Erat
1483 2359 1613 2392 autem
1633 2351 1748 2393 Mun-

275 2413 351 2455 dus
379 2412 453 2452 iste
483 2414 670 2464 Magister
697 2414 866 2455 militum
905 2427 979 2466 per
1016 2412 1241 2464 Illyricum,
1280 2410 1351 2463 qui
1387 2424 1409 2449 e
1443 2410 1553 2448 bello
1585 2409 1747 2450 Persico

274 2483 412 2510 recens
442 2470 678 2521 advenerat,
712 2477 758 2510 ut
789 2470 927 2509 scribit
955 2469 1062 2509 idem
1091 2467 1322 2520 Procopius.
1379 2467 1437 2506 De
1464 2465 1542 2505 hac
1572 2463 1747 2507 Cochlea

275 2526 426 2579 agimus
454 2526 496 2567 in
527 2526 868 2579 Constantinopoli
898 2525 1043 2565 Christ.
1072 2525 1142 2566 lib.
1169 2538 1215 2565 11.
1245 2529 1338 2563 sect.
1366 2536 1396 2561 1.
1423 2536 1464 2564 ιι.
1495 2534 1537 2562 v.

389 2582 615 2634 Pag625,
648 2587 714 2629 19.
772 2580 904 2638 Θύραι
930 2580 1070 2635 χαλκαὶ
1099 2583 1174 2623 τοῦ
1202 2578 1437 2632 Παλατίου]
1471 2577 1572 2619 Ibid.
1601 2577 1673 2622 lib.
1697 2592 1744 2619 11.

275 2645 372 2680 sect.
402 2653 459 2678 ιν.
488 2653 528 2680 ιι.
558 2653 604 2681 ιι.

391 2687 616 2747 Ραξ.626.
647 2698 711 2739 16.
770 2690 1030 2746 Σφενδὸνης]
1059 2692 1161 2731 Ibid
1194 2691 1264 2731 lib.
1292 2706 1338 2731 ιι.
1366 2698 1463 2731 sect.
1492 2705 1548 2730 ιν.
1579 2704 1618 2730 n
1640 2705 1687 2733 ιι

391 2753 488 2796 Ιὸὶἀ.
544 2749 626 2794 Διά
662 2754 736 2793 τοῦ
775 2747 1085 2803 Μονοπόρτου]
1136 2744 1415 2799 Μονοπάτου,
1464 2746 1744 2800 Theophanes.

281 2807 386 2850 vide
411 2808 576 2851 eandem
605 2807 992 2860 Constantinopolim
1021 2805 1090 2846 lib.
1115 2818 1160 2846 11.
1193 2810 1289 2845 sect.
1317 2819 1347 2844 1.
1375 2819 1414 2846 n.
1444 2819 1506 2846 ιιι.

394 2865 491 2919 Ραξ,-
519 2869 715 2913 626.18.
775 2868 858 2919 Τῆς
889 2865 1050 2918 Nemetis
1077 2857 1253 2917 πόρπας]
1295 2862 1537 2915 Procopius,
1577 2858 1645 2905 διὰ
1671 2863 1744 2914 τῆς

1811 2669 1820 2739 ι
