1820 3276
461 196 519 238 IN
554 195 882 239 CHRONICON
912 195 1198 239 PASCHALE.
1466 194 1563 242 409

214 308 306 356 Pag.
336 305 431 350 571.
461 308 501 348 9.·
562 303 780 360 Οὖαρανᾶς
805 306 827 349 ὁ
860 307 1043 360 Ῥπατος]
1075 306 1127 346 At
1154 307 1188 345 is
1219 306 1415 346 duntaxat
1443 313 1565 360 post-

99 361 262 400 modum
292 362 441 400 Consul
474 362 570 412 fuit,
603 377 706 401 anno
734 365 888 403 scilicet
917 364 1010 403 Chr.
1042 377 1133 402 cnx.

209 419 305 458 Ibid.
364 418 583 471 Συνέσιος]
633 420 805 459 Delenda
835 434 917 459 vox
946 421 1036 471 καὶ,
1076 421 1234 459 tametsi
1271 421 1329 459 ita
1361 420 1564 472 praeferat

99 475 211 514 Cod.
225 476 351 516 Vatic.
391 475 459 515 καὶ
490 475 695 524 Συνέσιος.
754 479 943 529 Synesius
981 478 1132 530 quippe
1170 478 1312 516 Comes
1353 479 1568 516 Sacrarum

98 532 370 583 largitionum
400 532 478 570 fuit
507 533 580 571 sub
611 533 837 573 Theodosio
867 535 956 573 Jun.
978 541 1024 573 ut
1041 549 1092 574 ex
1111 535 1203 586 Leg.
1226 549 1266 575 x.
1299 534 1395 574 cod.
1414 534 1567 574 Theod.

99 588 149 627 de
178 589 360 628 Curiosis
392 590 607 641 colligitur.
862 621 870 625 -
1233 619 1236 622 -

215 647 398 699 Ονωρίου
419 644 464 687 το“
483 663 532 698 η.
509 643 548 699 ’.]
583 648 637 685 De
665 646 744 686 hoc
774 647 995 686 Consulatu
1025 648 1103 699 egit
1124 647 1396 687 Sirmondus'
1384 661 1426 685 m
1449 647 1566 687 Notis

98 702 149 740 ad
178 702 332 741 Sidonii
365 703 486 755 Epist.
517 718 574 742 lx.
602 703 672 743 lib.
702 718 740 743 v.
774 710 812 742 et
842 704 893 743 ad
923 706 1115 756 Panegyr.
1147 705 1274 754 Aviti,
1304 705 1434 745 initio.
1607 708 1610 709 ⁷

215 757 307 810 Pag.
337 759 434 801 571.
469 764 532 802 12.
591 762 774 801 Λουκίου
794 758 946 813 μόνου]
967 762 1025 799 Ita
1048 762 1305 800 Marcellinus
1328 768 1366 815 et
1384 762 1569 813 Prosper.

97 815 207 854 Fasti
234 817 441 856 Vossiani:
470 819 656 857 Λουκίου
683 820 756 858 τοῦ
775 816 1069 870 λαμπροτάτου.
1109 819 1286 857 Victorio
1317 824 1357 857 et
1386 818 1569 856 senatori

97 872 288 912 Lucianus
315 874 459 912 dzcitur.
520 874 571 912 At
607 874 760 912 Idatius
805 881 843 913 et
882 876 1004 925 Leges
1043 875 1141 914 Cod.
1182 875 1334 914 Theod.
1364 874 1420 912 ita
1457 874 1569 912 hunc

98 929 358 968 Consulatum
390 929 646 983 consignant:
679 931 724 970 P.
752 932 790 971 G.
814 932 971 971 Honorii
987 945 1077 973 vm.
1103 936 1136 970 et
1171 932 1362 970 Theodosii
1383 944 1424 973 v.
1451 932 1570 970 Lucio

100 985 176 1024 Cos.

214 1045 527 1093 Peg-571.13.
588 1044 908 1097 Κωνσταντίου]
960 1045 1027 1083 Sic
1065 1044 1185 1084 etiam
1225 1045 1331 1083 Fasti
1370 1044 1568 1095 Vossiani‚

97 1099 378 1149 Marcellinus,
406 1101 630 1151 Victorius,
661 1103 849 1151 Senator,
880 1109 920 1140 et
947 1102 1043 1142 Cod.
1074 1102 1227 1141 Theod.
1285 1102 1436 1140 ldatius
1469 1115 1567 1140 vero

98 1162 137 1194 et
167 1157 352 1208 Prosper.
385 1158 590 1197 Constantio
627 1160 664 1197 V.
698 1159 736 1197 C.
782 1159 1015 1197 Holstenius
1053 1160 1340 1199 Κωνσταντίου
1375 1158 1444 1198 καὶ
1472 1156 1569 1199 Κώ-

97 1225 260 1260 σταντος
288 1213 403 1264 legit,
434 1221 553 1267 atque
574 1215 631 1253 sic
661 1215 859 1267 scriptum
888 1216 930 1253 in
962 1215 1058 1256 cod.
1079 1217 1159 1254 MS.
1180 1215 1386 1254 Themistii
1419 1221 1567 1257 monet.

94 1270 153 1308 Ita
185 1271 301 1309 etiam
330 1271 370 1308 in
401 1272 528 1310 Fastis
560 1272 773 1310 Vossianis.
825 1273 1099 1311 Constantium
1122 1273 1333 1311 Consulem
1347 1272 1430 1324 jam
1453 1280 1570 1312 antea

97 1327 346 1378 designatum
376 1329 609 1368 Ravennae:
657 1330 913 1367 Constantem
954 1343 1050 1368 vero
1088 1329 1437 1381 Constantinopoli
1468 1344 1568 1382 pro-

97 1385 270 1423 cessisse.
291 1385 431 1423 scribit
461 1385 790 1437 Olympiodorus.

213 1441 431 1491 Pag.571.
467 1444 531 1484 14.
584 1441 842 1495 Πουλχερία]
891 1442 1112 1481 Marcellin.
1150 1442 1346 1481 Pulcheria
1382 1442 1573 1482 Theodosii

24 1535 26 1537 ,
95 1511 191 1536 soror
218 1500 388 1548 Augusta
419 1500 598 1551 appellata
624 1503 686 1538 est.
745 1500 802 1537 Ita
833 1512 971 1538 vocem
1013 1496 1331 1551 ἐπιφανεστατη,
1362 1512 1462 1550 quae
1493 1498 1571 1539 No-

94 1556 303 1593 bilissimam
331 1562 467 1605 sonat,
497 1555 642 1595 reddit.
684 1555 787 1595 Vide
818 1556 950 1596 Gloss.
985 1556 1089 1596 med.
1114 1556 1290 1596 Graecit.
1334 1555 1425 1594 Vox
1442 1570 1570 1609 pon-0

68 1648 71 1655 ,
93 1607 307 1665 Αὖγούστη
336 1612 446 1650 abest
472 1627 493 1650 a
518 1613 732 1664 Scaligero.

208 1669 303 1718 Pag-
337 1673 435 1712 572-
467 1672 507 1711 3.
555 1665 924 1721 Κυϊννυεννάλια]
972 1668 1155 1706 Totidem
1198 1669 1332 1707 verbis
1374 1649 1571 1710 habentur

95 1739 216 1776 supra
247 1739 351 1763 anno
382 1739 505 1766 cnvn.
538 1740 619 1778 quo
648 1740 790 1765 revera
821 1732 961 1764 exacta
990 1725 1208 1774 Theodosii
1227 1726 1314 1764 Jun.
1337 1726 1573 1779 Quinquen-

94 1782 220 1820 nalia:
251 1796 351 1833 quae
382 1782 544 1833 quidem
583 1784 706 1822 verba
744 1797 957 1835 perperam
998 1796 1156 1822 rursum
1194 1783 1238 1820 in
1274 1782 1382 1821 hunc
1422 1799 1570 1825 annum

93 1845 188 1877 sunt
211 1839 322 1877 illata
352 1841 468 1877 etiam
499 1840 539 1877 in
568 1840 695 1879 Vatic.
727 1840 824 1880 Cod.
867 1840 1006 1891 Neque
1029 1840 1132 1878 enim
1161 1837 1411 1881 Δεκεννὰλια
1433 1856 1570 1880 emen-

96 1895 298 1943 dandum,
341 1909 431 1933 cum
469 1911 514 1934 ea
547 1897 783 1936 Deceunalia
822 1911 903 1934 non
934 1896 1014 1934 hoc
1044 1910 1171 1946 anno,
1203 1897 1273 1935 sed
1307 1912 1409 1936 anno
1443 1913 1568 1941 cnxn.

95 1952 267 1991 ediderit
295 1951 565 2003 Theodosius,
596 1960 642 1992 ut
671 1954 809 1993 scribit
838 1954 1091 1992 Marcellinus
1122 1954 1274 1994 Comes.

212 2013 303 2060 Pag.
333 2011 426 2052 572
458 2011 496 2053 5.
558 2009 855 2064 Θερμουντίας]
885 2011 946 2050 Ita
975 2011 1072 2050 cod.
1102 2010 1228 2050 Vatic.
1268 2010 1349 2050 Sed
1375 2011 1450 2063 leg
1470 2015 1569 2066 Θερ-

94 2067 272 2117 μαντίας.
331 2067 431 2105 Vide
461 2068 600 2106 Famil.
624 2069 791 2120 Byzant.

211 2126 303 2174 Pag.
332 2120 427 2166 572.
458 2128 498 2166 7.
559 2124 830 2180 Παρασκευῇ
817 2149 830 2176 J
877 2124 990 2172 Quae
1037 2137 1151 2173 vox,
1191 2123 1259 2162 hic
1301 2130 1341 2164 et
1378 2124 1484 2163 infra
1524 2125 1568 2163 in

95 2179 188 2218 edit.
219 2181 360 2230 scalig.
386 2194 460 2231 per
488 2197 598 2235 παρη
629 2195 720 2220 cum
750 2180 853 2219 linea
884 2195 1005 2247 supra
1037 2156 1289 2232 exprimitur.

211 2239 304 2287 Pag·
336 2237 430 2279 572.
460 2241 499 2280 9.
557 2239 821 2292 Αταουλφον]
852 2234 1102 2288 Αδάουλφον
1133 2237 1468 2288 Olympiodorus,
1499 2239 1570 2290 qui

95 2299 134 2331 et
157 2293 242 2342 ejus
272 2293 431 2331 caedem
462 2295 597 2333 refert.
654 2295 870 2346 Atavulfum
900 2308 998 2332 vero
1023 2299 1144 2331 vocat
1174 2293 1320 2332 Ch1o.n
1352 2295 1432 2333 MS.
1467 2296 1565 2333 Ida-

94 2350 161 2398 tii,
201 2350 267 2388 cui
307 2357 391 2388 tum
435 2358 558 2403 nupta
601 2357 687 2389 erat
725 2351 902 2389 Placidia
940 2349 1155 2388 Theodosii
1199 2350 1249 2389 M.
1280 2350 1381 2395 filia,
1434 2359 1473 2390 et
1503 2353 1567 2391 cui

97 2406 293 2445 Caesareae
323 2415 626 2457 cognomentum
670 2407 790 2446 datur
828 2408 869 2445 in
898 2414 979 2448 vet.
1015 2406 1197 2458 inscript.
1228 2407 1337 2457 apud
1373 2409 1566 2460 Sponium

93 2462 135 2500 in
175 2464 340 2505 Miscell.
369 2465 558 2504 Eruditae
596 2465 733 2516 Antiq.
775 2470 869 2502 sect.
898 2477 936 2503 v.
975 2477 1066 2515 pag.
1098 2466 1191 2506 159.
1252 2464 1354 2502 Vide
1385 2479 1488 2516 quae
1519 2465 1570 2504 de

94 2517 174 2557 hoc
204 2521 379 2572 Atavulso
409 2529 700 2561 commentatur
731 2521 903 2560 Catellus
934 2520 1002 2558 lib.
1037 2534 1097 2560 111.
1129 2521 1278 2558 Rerum
1304 2521 1528 2560 Occitanar.

212 2580 305 2628 Pag
337 2579 431 2621 572.
476 2583 540 2622 13.
605 2582 667 2634 Τῷ
683 2574 794 2635 αὐτῷ
815 2577 914 2629 ἔτει]
950 2577 1296 2629 Constantinopol.
1328 2578 1472 2616 Christ.
1498 2579 1568 2618 lib.

95 2645 156 2671 111.
185 2640 279 2673 sect.
309 2649 372 2672 111.

119 2716 134 2732 ι
213 2689 683 2745 Pag.572.14.1196
714 2687 776 2743 ςῖ]
808 2692 899 2742 leg.
932 2688 973 2731 ε’.

212 2749 304 2796 Pag.
333 2747 430 2788 572.
463 2752 530 2790 21.
587 2748 647 2789 Ev
678 2747 998 2801 βουρῤιχαλίοις]
1051 2747 1096 2785 Id
1128 2753 1187 2785 est
1216 2747 1256 2784 in
1287 2760 1409 2784 cuiru
1438 2753 1567 2787 tracto

99 2816 118 2839 a
151 2803 323 2852 harichis,
364 2817 432 2842 seu
464 2804 588 2855 equis.
648 2806 706 2843 Ita
720 2805 840 2846 enim
869 2804 968 2843 haec
998 2818 1080 2842 vox
1110 2803 1327 2856 capienda,
1354 2817 1445 2842 more
1470 2806 1569 2844 scilt-

98 2862 149 2896 cet
170 2858 425 2912 Epi-scaporum
459 2861 566 2900 Urbis
593 2862 754 2913 Regiae,
793 2875 881 2900 cum
914 2861 1167 2900 Patriarchae
1205 2860 1244 2898 in
1275 2860 1448 2913 publicis
1481 2861 1567 2900 lita-
