1820 3276
492 193 552 235 IN
586 193 915 239 CHRONICON
947 196 1234 241 PASCHALE.
1499 197 1601 245 407

239 299 336 351 Pag·
365 301 459 345 568.
491 305 555 346 13.
617 305 802 358 Ονωρίου
826 302 953 361 Anba]
984 307 1205 347 Honorium
1237 321 1293 348 v1.
1321 309 1429 348 Coss.
1451 308 1601 362 absque

126 356 274 408 collega
290 356 438 397 habent
459 359 640 400 Canones
664 363 786 401 Afric.
810 376 894 402 can.
913 378 1013 405 xc11.

238 414 334 465 Pag.
366 415 461 458 568.
494 416 560 460 14.
619 415 821 472 Εξεῶθη]
851 420 1076 460 Marcellin.
1098 421 1252 468 Comes,
1281 423 1435 464 Socrat.
1457 423 1525 463 lib.
1542 436 1599 464 vr.
1654 389 1659 398 *

125 482 211 522 cap.
230 484 318 509 ΧΠ.
349 472 556 512 Sozomen.
574 474 647 516 lib.
671 489 759 516 vm.
781 490 867 529 cap.
887 491 1004 517 xxw.
1043 477 1190 516 Zosim.
1215 477 1289 519 lib.
1303 492 1342 518 v.
1364 485 1437 518 etc.
1494 479 1599 519 Vide

121 533 331 578 praeterea
353 529 558 571 Patavium
578 531 650 574 lib.
669 545 726 571 x1.
747 532 797 571 de
827 534 960 574 Doctr.
981 535 1118 588 Temp.
1138 548 1226 587 cap.
1242 548 1375 577 xum.
1397 537 1599 578 et‘Chro-

121 583 254 634 nolog.
278 585 374 623 Cod.
395 585 548 626 Theod.

234 640 332 691 Pag·
361 644 457 687 568.
491 643 555 685 15.
612 640 731 697 End„
768 643 800 698 ἦ
836 641 987 699 μεγάλη
1029 646 1182 699 Eunt]
1225 647 1596 703 Constantinopolis

121 695 268 736 Christ.
290 698 360 737 lib.
381 713 442 740 ιη.
464 707 558 739 sect.
580 714 643 739 111.

233 753 328 795 Ibid.
387 753 478 796 Σΰν
506 759 565 813 τῷ
590 753 783 813 Σενᾶτῳ]
818 758 872 796 De
901 771 979 810 qua
1014 760 1111 799 aede
1137 759 1288 812 agimus
1317 760 1417 804 ibid.
1446 762 1517 801 lib.
1552 775 1595 802 ιτ.

119 816 215 850 sect.
233 824 290 851 rx.
309 824 349 850 n.
366 825 396 850 1.

232 867 326 917 Pag.
357 869 450 911 568.
485 872 550 911 16.
610 868 943 924 Ξυλοκερκηταῑν]
990 873 1046 912 De
1078 872 1156 912 hac
1188 886 1290 913 voce
1318 873 1418 915 ibid.
1455 875 1523 915 lib.
1555 891 1594 914 n.

115 929 212 964 sect.
233 937 262 962 1.
283 938 322 963 n.
338 937 424 963 xvr.
443 931 481 964 et
501 926 570 964 lib.
592 940 655 966 111.
678 932 775 965 sect.
794 941 856 968 111.

228 980 324 1031 Pag·
354 982 449 1025 568.
486 986 550 1025 17.
607 980 837 1037 Λρσοὶκιος]
879 984 940 1023 lta
977 986 1231 1037 reposuimus
1273 998 1365 1025 cum
1401 987 1594 1036 scaligeri

113 1035 220 1077 Edit.
254 1050 347 1075 cum
383 1038 562 1078 Raderus
596 1036 824 1094 Οὖρσάκιος
854 1041 1059 1083 edidisset.
1120 1042 1221 1082 Vide
1257 1043 1349 1095 Leg.
1386 1043 1460 1082 ult.
1494 1045 1591 1083 cod.

111 1091 253 1132 Theod
287 1094 338 1133 de
361 1094 431 1133 His
455 1096 523 1147 qui
540 1109 661 1149 super
682 1097 811 1148 Relig.

226 1150 322 1201 Pag.
351 1151 448 1194 568.
481 1155 545 1194 18.
604 1150 693 1206 Πρὸ
721 1151 753 1199 ς’
778 1153 904 1204 Καλ.]
948 1153 1095 1204 Atqui,
1124 1155 1256 1207 inquit
1283 1154 1468 1194 Petavius
1495 1156 1589 1195 loco

110 1205 300 1256 laudato,
330 1207 442 1247 Feria
461 1222 506 1248 11.
538 1222 617 1247 non
640 1209 844 1248 Dominic‘a
875 1210 949 1248 illo
973 1210 1039 1249 die
1058 1210 1161 1250 suit:
1191 1211 1362 1264 proinde
1379 1212 1587 1264 legendum

110 1270 268 1312 censet,
297 1261 375 1317 πρὸ
394 1261 421 1304 ε’
442 1268 544 1307 Καλ.
567 1267 759 1314 Ῑουλίων,
789 1279 831 1307 v.
856 1268 942 1305 Kal.
965 1267 1040 1305 Jul.

223 1319 320 1370 Pag.
350 1324 445 1364 569.
476 1326 511 1363 1.
570 1319 784 1375 Χάλαζαν]
824 1325 882 1362 De
915 1322 993 1361 hac
1022 1323 1213 1361 insolenti
1248 1323 1442 1374 grandine
1467 1332 1591 1376 agunt

109 1375 227 1414 etiam
260 1376 550 1429 Philostorgius
571 1379 640 1420 lib.
662 1393 717 1420 Χῖ.
740 1393 829 1431 cap.
849 1394 920 1419 vn.
954 1381 1139 1418 Socrates
1155 1379 1228 1420 lib.
1246 1394 1304 1420 vr.
1324 1394 1412 1433 cap.
1431 1394 1518 1420 x1x.
1550 1389 1590 1421 et

107 1433 350 1472 sozomenus
379 1434 449 1476 lib.
479 1448 570 1477 vm.
605 1449 693 1488 cap.
725 1449 856 1476 xxvn.
916 1436 1017 1475 Vide
1047 1436 1252 1475 petavium
1281 1437 1376 1476 loco
1407 1438 1584 1478 laudato.

107 1488 183 1527 Hic
200 1504 324 1542 porro
344 1491 535 1543 Scaligeri
557 1492 771 1531 editionem
791 1506 929 1531 snmus
952 1493 1093 1532 secuti.

219 1547 316 1590 nid.
376 1545 578 1602 Καρύων]
608 1549 923 1600 Philostorgius:
953 1549 1021 1590 καὶ
1053 1547 1104 1602 δή
1130 1548 1199 1589 καὶ
1220 1546 1369 1601 χάλαζα
1387 1551 1533 1602 μείζων
1553 1547 1585 1602 ἢ

103 1599 204 1642 κατὰ
219 1600 398 1657 χερμᾶδα
418 1608 622 1658 πολλαχοῦ
639 1610 714 1660 γῆς
735 1605 972 1661 κατξφὲρετο
995 1604 1086 1660 ὄῖχρι
1110 1605 1179 1646 καὶ
1196 1602 1298 1647 ὀκτώ
1319 1609 1403 1647 τῶν
1421 1608 1584 1661 λεγομέ-

71 1708 77 1711 A
103 1674 186 1699 νων
207 1663 352 1713 λιτρῶν
378 1661 546 1702 ἕλκουσα
566 1659 702 1716 βάρος.

51 1713 59 1720 ’
216 1717 313 1767 Pag.
345 1719 443 1760 569.
472 1721 511 1760 3.
573 1719 842 1775 Παρασκευῇ]
874 1720 930 1758 De
952 1719 1018 1758 die
1037 1732 1118 1770 quo
1136 1718 1238 1758 haec
1258 1718 1411 1770 grando
1433 1719 1584 1758 cecidit

102 1785 183 1810 non
212 1775 464 1813 consentiunt
488 1776 727 1828 Scriptores.
787 1778 972 1815 Socrates
999 1776 1092 1814 loco
1119 1775 1282 1814 laudato
1306 1775 1348 1814 id
1369 1775 1582 1826 contigisse

101 1829 158 1867 ait
182 1843 284 1870 xxx.
315 1831 561 1883 Septembris
585 1831 664 1871 hoc
694 1846 820 1882 anno,
851 1838 1076 1885 quartoque
1109 1838 1203 1884 post
1229 1833 1293 1871 die
1312 1832 1540 1871 Eudoxiam
1560 1847 1582 1872 e

99 1885 181 1924 vita
201 1888 429 1927 excessisse.
465 1889 500 1927 Ν
505 1902 550 1928 ec
570 1889 754 1929 dissentit
772 1892 1030 1938 Sozomenus,
1058 1889 1238 1928 scribens
1260 1890 1414 1941 pariter
1433 1896 1579 1941 quarto

99 1941 148 1980 ab
167 1941 243 1982 hac
264 1945 458 1994 grandine
483 1946 628 1985 obiisse
654 1947 823 1986 eandem
844 1947 1076 1998 Augustam.
1133 1947 1289 1984 Auctor
1318 1959 1419 1985 vero
1441 1945 1580 1985 Chro-

97 1999 179 2037 nici
196 2001 339 2040 scribit
359 2002 589 2052 grandinem
612 2003 728 2042 istam
752 2003 951 2043 decidisse
972 2016 1106 2042 mense
1124 2002 1451 2054 Hyperberetaeo
1464 2032 1476 2051 ‚
1507 2016 1579 2042 seu

98 2055 293 2106 Octobri,
325 2064 523 2098 mortuam
549 2074 647 2099 vero
669 2061 886 2112 Augustam
911 2060 1052 2099 eodem
1075 2073 1232 2108 mense,
1264 2059 1396 2110 pridie
1427 2059 1578 2108 Nonas,

96 2125 165 2151 seu
199 2127 256 2154 vr.
286 2114 499 2166 Octobris,
537 2117 636 2157 seria
662 2131 703 2158 v.
774 2117 888 2155 Unde
927 2116 1089 2156 conficit
1130 2116 1339 2164 Petavius,
1379 2115 1576 2166 siquidem

95 2170 247 2220 grando
270 2173 346 2210 ista
366 2173 557 2212 ceciderit
577 2187 712 2213 mense
731 2174 921 2222 Octobri,
953 2175 1012 2211 uti
1030 2173 1122 2212 vult
1147 2172 1254 2212 idem
1280 2171 1487 2224 Scriptor:
1517 2179 1579 2212 at-

96 2239 174 2277 que
202 2226 303 2266 adeo
331 2235 420 2266 ante
448 2236 616 2268 mortem
649 2229 878 2277 Eudoxiae‚
907 2229 951 2267 id
973 2229 1167 2268 accidisse
1195 2228 1294 2267 seria
1320 2241 1375 2268 vl.
1398 2242 1480 2266 non
1502 2243 1577 2282 po-

93 2283 238 2332 tuisse,
272 2284 351 2323 nisi
372 2298 447 2337 per
466 2284 736 2340 Παρασκευήν
760 2286 1010 2336 intelligatur
1028 2285 1266 2334 Sabbatum,
1296 2284 1339 2323 id
1358 2290 1416 2323 est
1437 2287 1575 2338 Παρα-

94 2338 218 2392 σκευή
235 2343 310 2393 τῆς
333 2345 563 2395 Κυριακῆς·
599 2344 712 2394 isque
743 2343 828 2381 dies
865 2343 1020 2395 primus
1049 2342 1172 2381 fuerit
1198 2341 1342 2381 mensis
1369 2341 1573 2390 Octobris,

94 2396 205 2447 quod
224 2398 297 2436 vix
317 2398 513 2450 quispiam
540 2399 836 2438 existimaverit.
893 2399 1043 2438 Verum
1064 2399 1098 2438 si
1115 2398 1267 2450 grando
1286 2398 1362 2437 ista
1378 2398 1493 2437 Feria
1516 2413 1570 2439 vi.

95 2453 305 2504 ceciderit,
333 2455 546 2494 dicendum
577 2469 668 2495 cum
703 2457 867 2495 Socrate
895 2461 936 2494 et
966 2455 1188 2495 Sozomeno
1217 2468 1359 2494 revera
1378 2455 1572 2495 cecidisse

93 2509 236 2551 ultimo
255 2512 499 2563 Septembris
518 2513 605 2562 die,
639 2525 723 2564 quo
743 2513 823 2552 suit
840 2513 938 2552 seria
959 2526 1015 2552 vr.
1036 2512 1080 2551 in
1097 2526 1226 2564 eoque
1244 2525 1396 2551 errasse
1413 2511 1570 2552 Aucto-

93 2578 175 2604 rem
214 2567 425 2618 Chronici,
473 2575 520 2608 ut
558 2576 598 2608 et
633 2570 738 2608 forte
764 2570 807 2608 in
835 2569 899 2608 die
928 2569 1062 2607 obitus
1089 2569 1318 2615 Eudoxias,
1361 2580 1482 2620 quam
1508 2582 1567 2607 vr.

95 2621 282 2662 Octobris
317 2625 530 2665 decessisse
567 2626 644 2665 ait:
683 2633 824 2665 contra
856 2640 976 2678 quam
1009 2627 1216 2673 Socrates,
1257 2624 1330 2676 qui
1360 2630 1506 2675 quarto
1544 2640 1568 2663 a

94 2680 284 2728 grandine
313 2680 422 2720 hunc
456 2683 669 2734 contigisse
694 2684 831 2725 tradit.
892 2683 993 2732 Vide
1021 2681 1332 2721 Grandamicum
1356 2687 1474 2732 parte
1502 2695 1565 2722 111.

95 2734 282 2778 Chronol.
305 2737 453 2778 Christ.
471 2753 512 2792 p.
532 2742 626 2783 120.
824 2763 828 2767 >

206 2793 302 2843 Pag-
334 2794 429 2837 569.
460 2796 499 2837 5.
559 2793 650 2849 Πρό
674 2792 707 2836 δ’
728 2795 873 2847 εἰδῶν]
905 2796 995 2844 Leg.
1013 2790 1060 2847 y'‚
1091 2793 1156 2831 vel
1174 2791 1306 2848 ἡμέρᾳ
1323 2789 1367 2846 y'.

207 2849 302 2899 Pag·
334 2853 431 2893 569.
461 2855 499 2893 7.
563 2853 826 2904 Στελίχωνος]
861 2852 924 2890 Ad
950 2851 1060 2889 hunc
1089 2850 1309 2888 secundum
1331 2847 1565 2888 Stilichonis
1591 2839 1593 2841 ⁵

1622 766 1750 803 v502
