1820 3276
480 214 540 257 IN
575 202 904 259 CHRoNJcoN
937 216 1226 260 PAscHALE.
1491 213 1594 263 ⁷353

115 323 408 364 ‘fertilissimam
447 330 488 363 et
523 324 817 365 habitatoribus
855 326 1106 379 frequentem
1126 355 1137 374 ,
1187 326 1375 380 primitus
1414 327 1596 368 extitisse

124 382 303 420 indicare
333 381 495 421 videtur
528 384 837 436 Φραγγοχωρίου
856 413 867 433 ,
917 398 1036 435 quam
1068 384 1139 423 diu
1167 384 1332 423 retinuit
1361 385 1592 438 appellatio,

123 438 182 476 uti
222 444 392 488 testatur
431 438 588 477 Nicetas
627 439 670 477 in
699 439 847 478 Joanne
878 440 1078 479 Comneno
1108 454 1146 480 n.
1176 453 1215 482 v.
1254 447 1296 480 et
1332 441 1372 479 in
1411 441 1593 481 Manuale

123 495 193 534 lib.
222 509 264 533 11.
294 509 332 534 n.
363 509 437 534 vn.
468 495 561 545 ubi,
590 496 722 548 inquit
754 497 845 544 ille,
881 497 1140 547 Zeugminum
1172 504 1348 536 castrum
1376 498 1594 537 munitissi-
1624 494 1655 530 Ρ
1678 493 1747 531 548

122 565 254 601 mum,
284 558 422 604 postea
451 551 638 591 Sirmium
668 553 846 604 dictum,
877 553 1126 593 aedificatum
1148 560 1217 592 est.
1255 556 1469 605 Regionem
1489 554 1595 594 hane

122 608 278 647 Saviam
310 623 331 646 a
366 609 469 647 Savo
497 609 646 659 fluvio,
694 616 736 649 et
773 610 1136 659 Interamnenoem,
1175 611 1284 663 quod
1321 611 1424 650 binis
1455 611 1594 651 fluviis

123 666 229 704 Savo
260 671 299 703 et
319 666 468 713 Dravo,
503 666 566 703 vel
598 666 715 704 etiam
744 666 847 706 Istro
876 667 1174 715 includeretur,
1205 667 1428 720 appellant:
1457 668 1499 707 in
1523 682 1595 707 cu-

120 721 395 773 jus'confiniis
428 721 666 761 habitabant
696 723 920 772 Amantini,
951 724 1249 774 Marcomanni,
1276 730 1314 763 et
1335 724 1496 774 Quadi,
1526 725 1596 778 qui
1622 723 1652 759 V
1677 721 1744 760 471

122 779 284 818 Francis
317 785 356 817 et
385 779 532 817 vicinis
571 779 661 818 aliis
691 780 871 830 gentibus
901 780 1064 833 adjungi
1104 781 1256 830 solent,
1296 787 1334 819 et
1364 781 1472 820 circa
1503 796 1596 821 eos-

123 836 214 874 dem
243 835 388 874 fluvios
416 835 457 873 in
489 836 660 874 secunda
682 837 883 879 Pannonia
921 844 961 876 et
1000 837 1040 875 in
1071 838 1294 889 provinciis
1334 839 1513 877 Saviensi
1555 845 1596 878 et

78 934 81 936 ,
124 892 279 944 Valeria
318 891 516 931 habitasse
559 892 751 932 dicuntur
787 893 896 946 apud
934 894 1081 932 Rufum
1119 895 1303 933 Festum:
1352 895 1422 934 ubi
1459 896 1593 946 etiam,

121 955 191 988 aut
219 949 259 987 in
291 948 495 998 confiniis,
527 950 806 1000 Contriguros,
837 951 1012 1003 Gepidas
1043 956 1082 989 et
1105 951 1257 990 Avares
1270 952 1411 990 statuit
1430 952 1593 991 Menan-

122 1006 194 1045 der
225 1007 458 1053 Protector,
488 1006 645 1045 Justino
675 1007 831 1046 Thrace
861 1009 1101 1060 imperante,
1135 1021 1213 1059 qua
1245 1014 1484 1060 tempestate
1505 1010 1592 1048 Sir—

121 1064 243 1102 mium
274 1063 461 1102 Romanis
490 1063 659 1116 parebat
681 1093 691 1112 ,
732 1078 822 1103 cum
857 1065 1005 1103 Avares
1039 1063 1143 1103 hanc
1174 1064 1375 1103 civitatem
1407 1065 1507 1114 sibi,
1548 1073 1594 1105 ut

118 1121 267 1174 regiam
299 1134 434 1167 suam,
466 1119 581 1159 reddi
611 1122 877 1172 postularent.
937 1122 1097 1160 Exactis
1127 1121 1230 1160 enim
1263 1136 1288 1167 a,
1312 1122 1443 1160 Probo
1466 1122 1595 1161 Fran-

119 1177 199 1227 cis,
228 1177 334 1215 ha'nc
363 1177 438 1215 sibi
470 1177 638 1215 Romani
667 1184 940 1227 asseruerant,
970 1185 1015 1216 ut
1045 1185 1083 1216 et
1100 1178 1346 1217 Francorum
1374 1179 1593 1230 regionem,

118 1247 240 1286 quam
270 1234 478 1286 proximae
516 1233 660 1272 deinde
700 1235 879 1273 nationes
921 1235 1173 1284 invaserant,
1227 1235 1404 1287 Gepidae
1442 1236 1595 1275 scilicet

119 1298 161 1330 et
189 1291 348 1331 Avares.
405 1291 547 1328 Franci
577 1304 674 1329 vero
707 1291 780 1329 etsi
812 1287 974 1330 sedibu's
1017 1292 1098 1329 suis
1127 1291 1257 1344 pulsi,
1299 1305 1346 1330 ac
1374 1293 1415 1330 in
1446 1293 1593 1344 proxi-

118 1361 206 1386 mae
237 1347 471 1386 Germaniae
513 1346 611 1385 fines
650 1347 859 1398 traducti,
905 1362 988 1386 non
1025 1348 1118 1386 ideo
1162 1354 1297 1386 tamen
1339 1349 1593 1400 quieverunt,

119 1404 191 1443 sed
222 1418 310 1442 cum
347 1403 535 1443 Romanis
576 1404 681 1442 bella
719 1404 888 1444 subinde
928 1410 1156 1456 gesserunt,
1199 1410 1319 1456 atque
1358 1406 1460 1444 adeo
1500 1419 1594 1444 cum

121 1461 330 1510 Gallieno,
362 1467 408 1499 ut
437 1461 556 1499 docet
583 1462 758 1500 Zonaras
787 1462 860 1501 lib.
880 1476 955 1500 ΧΠ.
986 1462 1125 1501 Annal.
1156 1467 1249 1500 sect.
1277 1475 1392 1500 xxw.
1416 1475 1462 1500 ac
1482 1469 1593 1513 post-

118 1518 283 1556 modum
314 1531 406 1556 cum
438 1518 698 1557 Constantino
723 1518 772 1556 M.
805 1518 912 1570 quod
942 1518 1095 1557 indicat
1122 1519 1164 1556 in
1184 1518 1326 1570 primis
1346 1518 1456 1557 illius
1476 1532 1594 1557 num-

118 1588 208 1614 mus
251 1588 394 1613 aureus
437 1588 554 1627 quem
592 1575 878 1627 descripsimus
915 1575 958 1613 in
996 1575 1170 1614 Familiis
1210 1576 1371 1627 Byzant.
1401 1588 1490 1628 pag.
1526 1578 1591 1618 17.

117 1632 162 1670 in
192 1645 273 1684 quo
305 1632 448 1670 mulier
475 1631 618 1670 habitu
659 1638 697 1670 et
736 1639 851 1683 gestu
889 1632 1074 1685 ejulantis
1114 1639 1280 1684 tropaeo
1309 1631 1467 1672 adsidet
1499 1645 1592 1670 cum

116 1687 195 1727 hac
223 1702 324 1727 voc-e
354 1688 555 1740 subjecta,
586 1689 831 1737 FRANCIA‚
873 1695 911 1727 et
942 1688 1054 1727 hisce
1085 1688 1127 1727 in
1157 1688 1330 1727 circuitu
1360 1688 1589 1741 adscriptis,
1660 1714 1663 1716 >

119 1745 358 1783 GAUDIUM
388 1745 736 1787 ROMANORUM.
795 1745 957 1798 Quippe
983 1745 1264 1784 Constantinus
1295 1746 1434 1798 plures
1464 1759 1592 1797 expe-

117 1802 290 1841 ditiones
329 1802 505 1855 suscepit
550 1803 590 1840 in
630 1798 827 1841 Sarmatas
873 1808 911 1840 et
949 1803 1188 1855 Pannones,
1248 1802 1357 1854 quod
1394 1807 1594 1840 testantur

116 1859 352 1912 praesertim
394 1873 415 1897 a
452 1858 569 1898 nobis
611 1859 761 1911 pariter
804 1859 994 1911 descripti
1031 1859 1140 1898 illius
1170 1859 1341 1908 nummi,
1371 1859 1414 1896 in
1445 1859 1592 1910 quibus

115 1916 307 1966 leguntur
333 1915 433 1954 haec
462 1915 608 1965 verba,
649 1915 910 1954 SARMATIA
942 1916 1185 1964 DEVlOEA,
1229 1915 1312 1964 (ubi
1344 1915 1591 1954 consulenda

118 1972 309 2024 adjuncta
346 1971 470 2025 nota)
517 1986 714 2025 saepeque
750 1972 954 2025 trajecisse
1008 1973 1231 2012 Danubium
1268 1972 1394 2011 refert
1434 1972 1591 2011 Auctor

119 2029 308 2068 Chronici
338 2029 536 2068 Paschalis
572 2029 647 2068 sub
679 2044 770 2068 ann.
801 2043 922 2068 xxm.
954 2029 1130 2082 ejusdem
1170 2028 1359 2079 Augusti:
1400 2028 1465 2067 cui
1494 2028 1591 2080 qui-''-

119 2085 209 2125 dem
240 2087 456 2126 Sarmatiae
493 2086 669 2139 adjacuit
697 2087 865 2125 Francia
896 2086 986 2136 illa,
1026 2087 1068 2125 in
1098 2085 1276 2138 ejusdem
1306 2085 1459 2123 scilicet
1487 2085 1592 2123 Pro-

117 2143 273 2182 vinciae
311 2157 382 2182 seu
418 2144 644 2182 Pannoniae
682 2149 722 2182 et
763 2143 997 2182 Germaniae
1037 2142 1258 2181 confinibus
1287 2147 1372 2179 tum
1402 2140 1501 2189 sita,
1540 2142 1590 2180 de

119 2213 199 2252 qua
227 2200 333 2239 forte
370 2199 648 2251 intelligendus
687 2200 972 2238 Constantinus
1013 2198 1381 2251 porphyrogenitus
1423 2197 1492 2235 lib.
1535 2197 1585 2236 de

118 2256 350 2296 Administr.
379 2257 550 2307 Imperio
582 2269 670 2308 cap.
698 2270 786 2295 xix.
831 2255 900 2293 ubi
938 2255 993 2294 ait
1022 2256 1176 2294 Turcos
1209 2253 1356 2293 habere
1385 2253 1435 2292 ad
1467 2253 1591 2292 Occi-

118 2313 278 2353 dentem
310 2313 538 2368 Φραγγίαν,
581 2312 633 2350 ad
662 2312 983 2364 Septentrionem
1014 2312 1267 2359 Patziuacas‚
1311 2317 1350 2349 et
1382 2310 1432 2347 ad
1461 2308 1592 2349 Meri-

117 2370 221 2409 diem
252 2383 429 2421 magnam
459 2368 678 2409 Moraviam
708 2375 747 2406 et
777 2368 998 2407 Chrobatos
1028 2368 1100 2419 qui
1128 2367 1182 2406 -ad
1210 2373 1363 2405 montes
1384 2366 1588 2420 adjacent.

120 2427 236 2466 Certe
249 2426 485 2476 ehennae,
515 2425 565 2465 de
597 2425 711 2477 cujus
740 2425 818 2463 situ
849 2424 1044 2476 quaedam
1077 2424 1122 2462 in
1151 2423 1292 2462 eodem
1319 2423 1425 2462 libro
1456 2423 1588 2473 attigit

118 2483 223 2522 idem
256 2483 561 2532 Constantinus,
592 2481 815 2534 adjacuisse
844 2494 982 2520 versus
1023 2480 1249 2519 Danubium
1278 2486 1447 2519 testatur
1475 2480 1589 2518 loeus

120 2540 262 2579 allatus
292 2554 343 2580 ex
373 2540 469 2580 cod.
499 2540 579 2579 MS.
607 2540 651 2578 in
680 2538 743 2576 his
773 2538 885 2576 Notis
915 2538 966 2575 ad
995 2551 1035 2589 p.
1065 2538 1134 2579 35.
1166 2538 1211 2575 D.
1261 2536 1433 2574 Proinde
1453 2536 1589 2573 Fran-

121 2597 181 2636 cia
210 2598 280 2635 illa
310 2604 368 2636 est
388 2611 505 2649 quam
526 2596 703 2635 Franciae
722 2595 1015 2647 septentrionalis
1032 2595 1186 2645 plagam
1208 2599 1328 2631 vocat
1348 2594 1433 2630 Rex
1449 2585 1587 2630 Theo-

124 2652 310 2692 debertus
338 2654 379 2692 in
408 2653 612 2706 Epistola,
643 2666 721 2705 qua
752 2652 971 2690 sciscitanti
1002 2651 1221 2689 Justiniano
1252 2649 1398 2700 quibus
1425 2649 1465 2685 in
1484 2649 1588 2686 Pro-

122 2709 263 2748 vinciis
282 2709 500 2760 habitaret,
530 2716 600 2748 aut
619 2722 720 2762 quae
739 2715 873 2759 gentes
903 2714 1031 2747 essent
1058 2708 1165 2745 illius
1194 2705 1339 2743 ditioni
1368 2704 1588 2756 subjectae,

123 2764 223 2804 haec
251 2767 476 2818 rescripsit:
506 2766 579 2805 Dei
606 2769 721 2804 nostri
743 2766 989 2804 misenffcordza
1010 2764 1170 2816 feliciter
1195 2764 1353 2800 subactu
1377 2762 1587 2811 Thuringi-3,

124 2826 157 2859 et
177 2835 292 2860 eorum
304 2825 497 2873 provinciis
517 2825 724 2874 acquisitas,
753 2824 923 2861 extinctis
940 2824 1096 2873 ipsorum
1118 2826 1201 2866 tunc
1230 2820 1393 2870 temporis
1412 2818 1587 2868 Regibus,

123 2877 365 2917 Norsavomm
382 2882 498 2929 gentis
516 2878 630 2924 Nobis
642 2879 795 2930 placata
812 2878 998 2927 Majestas
1027 2878 1119 2917 colla
1139 2876 1320 2924 subdidit,
1349 2874 1490 2927 Deoque
1503 2887 1590 2926 pro-

187 2949 380 2984 chronicon
403 2951 573 2985 paschale
601 2951 670 2985 vol.
694 2950 745 2987 ΙΙ.
1256 2945 1311 2984 23
