1884 3262
453 197 512 240 IN
547 198 876 242 CHRONICON
907 199 1196 243 PASCHALE.
1447 198 1544 247 331

83 307 177 348 mdc
208 310 318 347 Pater
338 309 483 360 patriae
504 309 713 362 appellatus
739 313 803 349 est.
861 309 923 348 Ex
953 308 1035 348 hoc
1074 323 1198 363 porro
1227 308 1412 350 Chronici
1441 311 1548 362 1000,

81 369 126 404 «εἰ
163 364 249 402 aliis
288 377 341 403 ex
378 364 504 404 Dione
542 366 608 405 vel
645 365 856 417 Xiphilino
898 366 1055 418 petitis,
1101 366 1266 405 conficit
1294 367 1470 419 Scaliger
1497 368 1549 410 ad

82 420 246 461 Eusebii
285 420 514 460 Chronicon
548 435 638 475 pag.
667 425 765 465 209.
802 423 1054 462 remissiones
1083 423 1174 462 illas
1203 423 1413 466 Fiscalium
1443 424 1554 463 debi-

81 484 216 517 torum
243 491 318 530 per
346 477 584 518 indictiones
613 479 758 529 sactas;
805 479 849 518 id
889 486 950 518 est
976 494 1048 532 per
1074 480 1150 519 tria
1174 480 1338 528 sslustra,
1376 494 1447 520 seu
1476 495 1550 520 an-

80 548 156 574 nos
191 547 261 575 xv.
304 535 478 587 indeque
515 536 783 575 Indictionum
823 536 1015 587 originem
1045 537 1332 577 arcessendam.
1391 537 1470 577 Sed
1499 552 1549 577 an

81 591 192 643 quod
228 591 298 630 Pio
329 591 474 632 tribuit
506 592 733 632 Chronicon
767 592 820 631 ad
857 593 1103 632 Hadrianum
1143 599 1214 632 aut
1249 593 1449 644 Marcum,
1488 598 1553 647 qui

77 651 284 700 pecuniam,
328 662 419 701 quae
455 649 562 688 Fisco
599 651 810 699 debebatur,
854 648 1056 688 Provinciis
1097 653 1286 699 concessit,
1324 657 1371 690 ut
1409 652 1551 690 scribit

79 706 267 755 Senator,
308 705 451 744 referri
481 706 646 756 debeat,
682 706 898 746 addubitat
935 706 1198 759 spanhemius
1227 707 1295 745 lib.
1325 707 1375 749 de
1401 708 1484 746 Usu
1510 714 1550 747 et

78 761 321 814 praestantia
349 768 474 804 veter.
505 763 697 802 Numism.
730 777 821 802 cum
852 763 1001 813 altum,
1028 764 1184 816 inquit,
1213 763 1323 816 apud
1353 765 1550 804 Auctom

78 819 122 856 in
156 818 278 858 rebus
306 818 366 857 Pii
407 819 457 858 de
486 833 531 858 00
562 821 670 858 facto
703 820 754 859 sit
782 820 998 860 silentium.
1072 821 1173 859 Vide
1212 833 1314 872 quae
1352 820 1402 859 de
1445 822 1550 875 ejus-

75 875 187 914 modi
215 875 464 927 reliquorum
493 877 794 916 remissionibus
829 876 970 926 docte,
1011 883 1058 917 ut
1098 878 1217 926 solet,
1259 884 1551 917 commentatur

76 932 181 970 idem
222 932 288 971 vir
326 932 504 972 eruditus
547 947 636 986 pag.
668 937 764 976 811.
800 940 1007 987 praeterea
1043 934 1273 987 Syncellum
1311 948 1351 987 p.
1381 934 1477 978 853.
1508 941 1550 973 et

76 988 333 1042 Sis-mondum
363 989 413 1028 ad
444 1004 604 1029 carmen
632 1004 722 1030 xm.
752 991 922 1030 Sidonii.

194 1049 288 1097 Pag.
318 1046 413 1088 479.
445 1050 485 1089 2.
542 1045 804 1101 Αφρικανός]
842 1048 943 1096 Quis
969 1046 1039 1097 ille
1072 1046 1284 1086 Africanus
1314 1047 1384 1099 qui
1414 1047 1548 1086 Anto-

74 1101 169 1140 nino
198 1103 268 1141 Pio
297 1104 517 1155 imperante
545 1110 712 1143 mortem
752 1105 919 1153 obierit,
963 1117 1043 1142 non
1069 1106 1235 1143 omnino
1272 1105 1547 1157 exploratum:

74 1171 204 1210 neque
248 1159 353 1198 enim
389 1159 487 1199 11300
527 1161 578 1200 (10
619 1161 808 1200 Africano
846 1161 1051 1201 Historico
1081 1167 1249 1213 possunt
1276 1161 1469 1213 intelligi,
1502 1167 1550 1200 ut

75 1217 146 1267 qui
186 1215 403 1255 Historiam
442 1217 494 1256 ad
535 1218 726 1256 Antonini
763 1218 1013 1268 Heliogabali
1050 1217 1311 1270 perduxerit,
1358 1224 1404 1256 ut
1442 1218 1546 1258 infra

74 1271 352 1311 observamus:
395 1274 465 1312 sed
503 1280 544 1313 et
582 1288 714 1326 neque
753 1275 803 1314 de
843 1274 1031 1314 Africano
1069 1274 1270 1313 Historioo
1302 1274 1545 1324 Christiano,

73 1329 143 1380 qui
180 1329 253 1367 sub
295 1331 443 1369 Severo
485 1330 612 1382 vixit,
658 1338 703 1369 ut
745 1337 806 1369 est
843 1331 884 1369 in
931 1331 1132 1369 Chronico
1182 1331 1335 1370 Graeco
1373 1331 1547 1382 Eusebii,

74 1398 193 1437 quem
223 1386 348 1425 alium
377 1401 399 1425 a
431 1386 746 1440 Chronographo
776 1388 977 1427 existimat
1005 1387 1196 1439 Scaliger,
1237 1388 1307 1439 qui
1334 1402 1415 1426 non
1445 1389 1546 1427 alius

72 1442 234 1482 videtur
263 1443 313 1481 ab
342 1443 415 1482 illo
450 1444 658 1494 Africano,
700 1458 818 1496 quem
859 1444 932 1482 sub
972 1444 1177 1483 Pertinace
1215 1458 1294 1483 una
1324 1458 1415 1484 cum
1446 1446 1547 1484 Por-

71 1498 220 1551 phyrio
259 1500 442 1539 floruisse
472 1507 642 1540 testatur
678 1502 831 1539 Auctor
873 1500 1062 1539 Chronici
1100 1501 1154 1571 ab¹
1181 1501 1333 1540 Adamo
1365 1502 1418 1542 ad
1448 1503 1548 1541 Leo-

72 1569 163 1594 nem
193 1557 443 1608 Sapientem:
476 1554 721 1627 Πορφύριος,
744 1555 979 1608 Φιλόσοφος
1007 1556 1028 1598 ὅ
1054 1573 1154 1598 κατα
1182 1561 1435 1610 Χριστιανων
1451 1574 1547 1612 γρα-

72 1621 177 1664 ψας,
206 1611 274 1653 καὶ
303 1612 538 1666 Αφρικανός
566 1611 812 1666 σοφώτατος.
870 1613 1042 1653 Proinde
1081 1615 1116 1652 is
1143 1614 1249 1653 forte
1279 1615 1400 1654 fuerit
1432 1615 1547 1654 Afri-

0 1712 1 1725 3
73 1682 197 1708 canus
230 1670 437 1710 Gestorum
466 1671 658 1724 scriptoi,
699 1685 814 1723 quem
853 1670 1050 1710 Henricus
1090 1671 1274 1710 Valesius
1304 1672 1356 1710 ad
1386 1672 1546 1711 Eusebii

0 1747 1 1759 ι
72 1725 143 1765 lib.
175 1740 233 1766 v.1
263 1726 366 1768 Hist.
396 1729 548 1768 Eccles.
578 1742 667 1781 cap.
688 1742 802 1767 xxm.
834 1741 1030 1780 paganum
1064 1728 1186 1767 fuisse
1213 1728 1387 1780 probare
1418 1742 1545 1767 eona-

72 1788 153 1821 tur.
211 1783 361 1822 Verum
399 1799 493 1823 cum
532 1785 727 1836 Georgius
757 1785 966 1838 Synoellus
997 1785 1165 1823 eundem
1192 1798 1280 1823 esse
1308 1785 1546 1824 Africanum

13 1882 15 1885 ¹
75 1839 458 1894 Chronograpbum,
490 1842 559 1893 qui
587 1839 659 1890 τοὶς
689 1842 866 1895 ἱστορίας
894 1841 937 1882 ἐν
966 1842 1218 1898 πενταβίβλω
1248 1842 1475 1894 scripserit,
1508 1849 1548 1882 et

73 1897 143 1949 qui
172 1912 255 1937 των
287 1901 454 1939 Κεστων
483 1898 607 1938 libros
635 1911 694 1939 rx.
739 1911 840 1950 quos
879 1898 1112 1937 Alexandro
1151 1901 1299 1937 Severo
1337 1899 1548 1949 dicaverit,

74 1953 277 1992 evanescit
305 1955 534 2007 conjectura
564 1956 640 1994 viri
668 1955 902 1996 doctissimi.
930 1956 1030 1994 Nam
1062 1956 1172 2007 quod
1202 1955 1245 1993 in
1278 1955 1402 1994 Gestis
1432 1956 1546 1995 1111110

72 2009 177 2051 forte
206 2018 394 2050 occurrat
426 2011 720 2051 Christianismi
753 2018 867 2062 nota,
909 2011 990 2052 imo
1019 2012 1243 2063 Paganismi
1272 2013 1444 2067 plurima
1475 2013 1547 2052 in—

71 2066 153 2105 sint
179 2075 425 2118 argumenta,
453 2069 495 2107 id
526 2069 669 2110 miium
699 2069 830 2108 videri
859 2069 1019 2109 minime
1046 2069 1182 2119 debet,
1212 2069 1412 2121 siquidem
1440 2083 1547 2123 opus

73 2136 191 2162 suum
218 2125 396 2177 Principi
425 2140 580 2179 pagano
610 2126 827 2178 inscripsit.

189 2183 280 2231 Pag
309 2182 405 2225 479
422 2182 477 2224 4.
533 2183 743 2237 Ορφίτου]
795 2183 851 2221 De
890 2181 953 2220 his
991 2182 1102 2220 Coss.
1131 2181 1403 2221 consulendus
1432 2182 1549 2222 Nori-

71 2236 154 2276 sius
181 2237 224 2275 in
254 2238 382 2291 Epist.
412 2239 571 2278 Consul.
602 2253 645 2291 p.
675 2242 744 2281 89
771 2242 840 2281 90·

187 2297 282 2345 Pag.
311 2295 410 2338 479.
441 2296 480 2339 5.
541 2293 822 2348 Γλαβρίωνος]
861 2294 919 2333 Ita
957 2294 1066 2333 Fasti
1106 2295 1300 2346 Idatiani,
1336 2295 1539 2349 Prosperi‚
1564 2307 1596 2341 V
1619 2305 1688 2343 457

71 2348 263 2399 Victorii,
302 2353 528 2402 Senatoris‚
566 2352 756 2402 Mariani,
798 2357 874 2390 etc.
935 2350 986 2389 At
1023 2351 1546 2403 Savilliani‚1”am.mavo13

72 2405 144 2458 καὶ
172 2403 372 2461 Ουέτηρος
400 2409 654 2461 praeferunt,
687 2415 733 2447 ut
762 2407 977 2447 Panvinius
1005 2414 1045 2447 et
1073 2408 1152 2449 alii.

190 2467 283 2515 ng·
313 2467 408 2509 479.
434 2469 482 2508 6.
541 2464 799 2520 Κορδιανου]
829 2464 962 2503 Editio
992 2456 1416 2518 503113.Κονὸιανοῦ’.
1471 2467 1546 2504 Fa-

73 2519 124 2558 sti
151 2521 219 2559 alii
250 2522 476 2562 Gordianum
502 2530 660 2562 vocant.
730 2521 809 2560 Sed
840 2522 1044 2560 Condiamts
1069 2536 1231 2561 rursum
1259 2523 1439 2562 occurrit
1473 2537 1546 2561 an-

73 2589 127 2614 no
158 2577 250 2616 chr.
281 2592 425 2620 cmxxx
452 2580 498 2618 in
526 2580 654 2618 Fastis
683 2578 802 2618 matii
830 2584 871 2616 et
892 2578 1146 2631 Cuspiniani.
1177 2579 1292 2633 cujus
1313 2579 1418 2619 {iiius
1441 2580 1545 2618 forte

74 2632 154 2670 fuit
183 2634 318 2673 Sextus
344 2636 414 2676 ille
449 2636 653 2675 candianus
682 2635 756 2674 sub
789 2635 1028 2685 Commodo,
1067 2650 1186 2689 quem
1214 2636 1378 2691 Maximi
1418 2635 1543 2674 filium

74 2688 196 2728 fuisse
225 2691 282 2730 ait
312 2693 385 2731 Dio
414 2693 524 2745 apud
553 2692 828 2746 Xiphilinum·
864 2691 1063 2732 Condiani
1091 2707 1188 2733 vero
1207 2691 1306 2744 (sie
1331 2692 1439 2730 enim
1466 2692 1543 2744 leg

74 2759 152 2798 pro
185 2746 372 2787 Condiani
397 2756 504 2789 reete
540 2750 759 2790 advertunt
795 2749 1053 2790 casaubonus
1095 2756 1135 2789 et
1176 2745 1416 2803 Salmasius)
1447 2757 1544 2788 1110-

74 2802 192 2840 minit
217 2803 472 2857 Lampridius
495 2807 542 2845 in
569 2807 707 2846 eodem
741 2806 985 2861 Commodo,
1023 2808 1080 2846 ita
1119 2812 1165 2846 ut
1201 2807 1308 2845 forte
1336 2805 1544 2845 emelianus

0 2874 1 2896 1
74 2859 266 2899 Μαι-1111110
292 2861 514 2915 appellatus
542 2863 673 2903 suerit.
