1884 3262
208 1980 303 2016 1²31

118 2152 216 2187 Fasti
241 2152 332 2186 Con-

160 2200 292 2233 sulares

139 2244 316 2279 Paschali-

125 2292 188 2325 bus
201 2289 321 2325 additi.

336 237 400 282 44
843 230 1263 297 PRAEFATIO.

335 345 424 384 dem
445 345 619 385 Graecos
644 358 717 385 vn.
743 358 885 385 MXLIV.
917 345 1062 385 Christi
1092 359 1296 384 mnxxxw.
1327 344 1376 384 ad
1403 359 1546 384 annum
1571 345 1708 384 mundi
1727 359 1796 384 vn.

333 416 480 441 MLxm.
515 402 659 440 Christi
680 415 805 440 MDLX.
830 403 1082 454 perducitur,
1113 403 1224 454 quod
1254 402 1473 453 Horologio
1497 403 1602 442 edito
1622 403 1796 442 Venetiis

336 473 437 497 anno
458 471 638 498 mnxxxv.
663 457 894 510 subjicitur,
922 459 964 497 in
990 472 1092 510 quo,
1122 458 1249 511 primo
1275 459 1366 496 loco
1394 459 1556 510 ponitur
1583 456 1797 512 παραμονῆ

331 530 412 554 των
434 516 610 568 Χριστοῦ
623 517 787 568 γεννῶν,
817 528 886 554 seu
906 515 1042 566 vigilia
1062 515 1211 553 Natalis
1233 514 1408 553 Domini:
1437 515 1627 566 secundo,
1658 518 1799 568 Κρεω-

332 570 481 623 φαγία,
510 569 589 608 hoc
614 576 672 608 est
702 570 785 609 dies
817 584 951 610 omnes
979 586 1001 610 a
1020 571 1150 609 Natali
1179 570 1228 608 ad
1251 570 1491 610 Dominicam
1513 571 1797 622 Sexagesimae‚

333 639 433 677 quae
458 622 672 678 Απὸκρεως
691 633 877 666 vocatur:
918 628 1034 666 tertio
1063 623 1275 682 Τριῷδιον,
1305 627 1345 666 id
1380 634 1440 666 est
1465 627 1668 666 Dominica
1694 640 1796 679 pro-

332 683 437 719 xime
470 682 709 733 praecedens
742 684 982 722 Dominicam
1010 684 1353 735 Septuagesimae.
1394 690 1554 735 quarto,
1592 683 1796 722 Dominica

334 737 564 791 Αποκρέου,
606 752 675 777 seu
706 739 976 791 carnisprivii,
1017 741 1080 778 vel
1122 740 1396 790 Sexagesimae
1438 755 1459 778 a
1490 753 1568 791 qua
1610 740 1796 778 Graecia

335 807 454 832 carne
474 795 669 833 abstinere
689 795 906 848 incipiunt:
938 796 1079 847 quinto
1107 796 1232 846 legale
1266 795 1434 834 Pascha:
1464 802 1575 835 sexto
1597 795 1798 835 Christia-

334 864 430 888 num
445 850 615 889 Pascha:
645 852 813 904 septimo
835 853 1039 891 Dominica
1067 854 1302 890 Sanctorum
1325 852 1521 891 omnium:
1555 859 1698 891 octavo
1721 852 1796 890 de·-

334 907 453 958 nique
475 907 667 960 jejunium
687 909 751 948 SS.
772 909 1077 961 Apostolorum,
1107 908 1271 959 singulis
1302 910 1412 946 annis
1434 908 1578 947 additis
1598 908 1812 947 Indictio-.

334 963 474 1012 nibus,
506 964 616 1001 annis
646 965 835 1003 solarium
862 972 901 1004 et
927 966 1123 1004 lunarium
1151 965 1377 1016 cyclorum,
1409 978 1458 1003 ex
1480 965 1624 1015 quibus
1651 971 1798 1003 utcun-

336 1032 414 1070 que
443 1020 625 1070 colligere
655 1027 715 1059 est
747 1035 847 1072 quae
871 1022 965 1060 olim
995 1022 1112 1060 fuerit
1131 1028 1310 1059 veterum
1336 1021 1530 1074 ejusmodi
1549 1020 1799 1060 Pasclialium

1867 543 1884 611 ε

1863 608 1884 770 ἓ

336 1076 527 1125 formula,
566 1089 665 1127 quae
692 1076 813 1117 hodie
841 1078 1064 1128 Horologiis
1095 1077 1176 1116 suis
1203 1079 1375 1116 inserere
1409 1077 1562 1128 solent,
1599 1083 1645 1116 ut
1669 1077 1799 1115 Latini
1859 1074 1881 1091 '¹

337 1132 419 1169 suis
450 1133 721 1184 precationum
746 1134 906 1183 libellis,
951 1135 1012 1173 vel
1043 1134 1099 1172 uti
1127 1140 1273 1172 vocant
1298 1133 1525 1172 breviariis:
1563 1134 1605 1172 in
1629 1146 1800 1185 quorum

337 1194 539 1240 praeterea
568 1190 765 1241 specimen
796 1197 969 1242 praestat
991 1190 1058 1228 hic
1085 1190 1308 1228 describere
1325 1191 1480 1228 initium
1508 1191 1671 1229 alterius
1692 1189 1800 1242 quod

337 1246 650 1294 Evangelistario
669 1247 905 1298 subjicitur*
908 1248 949 1285 in
978 1247 1074 1286 cod.
1111 1247 1316 1285 Colberteo
1347 1260 1403 1288 1v.
1436 1260 1578 1285 MDLvi.
1616 1247 1665 1284 ab
1694 1259 1797 1284 anno

337 1301 476 1338 mundi
498 1302 646 1340 conditi
664 1315 718 1340 VI.
740 1316 960 1343 MDccccxn.
984 1300 1162 1356 (Christi
1185 1303 1305 1345 1432.
1318 1299 1336 1355 )
1360 1303 1410 1341 ad
1435 1317 1496 1344 an.
1517 1317 1588 1344 vn
1612 1316 1656 1343 M.
1679 1301 1798 1356 (Chr.
1847 1337 1851 1343 ,

339 1356 460 1400 1492.
474 1355 492 1411 )
550 1358 609 1396 Ex
630 1357 691 1396 his
710 1359 829 1409 igitur
847 1359 999 1410 primus
1019 1372 1165 1406 annus,
1197 1359 1259 1395 cui
1279 1359 1422 1397 caeteri
1440 1359 1571 1410 quoad
1587 1358 1799 1398 formulam

337 1413 574 1463 concinunt,
602 1413 750 1452 haecce
779 1414 1081 1466 complectitur:
1123 1413 1234 1461 ε’τους
1254 1410 1374 1469 §stm-
1404 1415 1582 1455 ἶνδίκτου
1614 1412 1652 1455 ι’.
1681 1413 1799 1468 ἦλίου

337 1466 482 1515 κύκλος
505 1467 579 1509 κδ’.
613 1467 780 1522 σελήνης
798 1467 943 1518 κύκλος
970 1467 1011 1511 ε’.
1041 1469 1230 1522 θεμέλιον
1254 1455 1426 1522 σελήνης
1452 1467 1526 1524 κη’.
1556 1469 1586 1524 ἦ
1614 1487 1798 1523 παραμο-

336 1522 388 1576 νη“
419 1527 500 1565 τῶν
525 1527 702 1592 Χριστοῦ
726 1530 881 1596 γεννῶν
908 1524 956 1580 β’.
989 1523 1193 1580 ἓσπερινὸν
1227 1528 1486 1596 κρεωφαγία.
1526 1524 1720 1580 ευδομοὶδι
1746 1524 1798 1580 η’.

336 1580 405 1621 καὶ
425 1580 553 1637 ἡμέρᾳ
575 1578 734 1628 ς’.Τὸ
760 1580 947 1640 τριαίδιον
974 1581 1133 1636 ἄρχεται
1158 1583 1431 1650 φεβρουαρίου
1461 1580 1499 1624 ι’.
1531 1581 1620 1651 ἤτοι
1647 1587 1721 1624 τοῦ
1736 1598 1800 1624 τε-

335 1633 470 1678 λωνου
488 1638 556 1678 καὶ
577 1640 809 1709 φαρισαίου.
835 1641 932 1691 ἠχος
956 1641 1138 1694 πλαγίου.
1170 1635 1359 1680 ἑωθινόν.
1391 1636 1429 1680 ε’.
1458 1639 1488 1693 ἦ
1513 1635 1698 1708 οἷπόκρεω
1718 1654 1800 1692 φε-

336 1695 555 1747 βρουαρίου
572 1693 643 1735 κδ’.
675 1698 749 1736 τοῦ
767 1692 1047 1765 εὖαγγελισμοῦ
1065 1696 1193 1761 τρίτῃ
1204 1698 1275 1747 τῆς
1301 1693 1347 1735 δ’.
1379 1693 1601 1749 εὖδομᾶδος
1617 1699 1696 1737 τῶν
1719 1712 1801 1749 νη-

337 1753 486 1790 στειῶν.
531 1748 695 1802 νομικόι
731 1749 868 1803 φάσκα
898 1749 1108 1822 ἄπριλλίου
1141 1746 1204 1803 ιη’.
1243 1750 1373 1808 ημέρα
1405 1755 1650 1809 παρασκευῇ
1692 1755 1802 1820 Χρι-

336 1809 507 1846 στιανῶν
526 1820 673 1875 πασχα
680 1803 888 1861 οἷπριλλίου
908 1804 954 1849 κ’.
983 1812 1055 1849 τοῦ
1081 1807 1197 1878 ἁγίου
1221 1810 1421 1878 Γεωργίου
1451 1812 1503 1866 τῇ
1532 1811 1607 1864 νεᾷ
1634 1806 1800 1862 τετράδι.

334 1866 416 1903 τῶν
457 1861 581 1916 αγίων
617 1860 781 1904 πάντων
820 1865 962 1935 ἰουνίῳ
994 1861 1052 1906 ιε’.
1090 1863 1180 1936 η’τοι
1210 1881 1237 1931 η
1266 1859 1449 1932 α’πόκρεςο
1477 1850 1507 1918 ἦ
1533 1866 1695 1917 νηστεία
1721 1868 1802 1905 τῶν

336 1918 463 1971 αγίων
484 1918 729 1960 Αποστόλων
753 1920 882 1976 ημὲρα
901 1919 959 1974 ιγ’.
989 1921 1056 1962 και
1082 1921 1113 1974 ἦ
1142 1916 1280 1972 μνήμη
1308 1915 1443 1961 αυτῶν
1460 1920 1591 1976 ημέρα
1615 1923 1801 1977 κυριακῇ.

335 1976 515 2013 Habetur
538 1977 648 2015 aliud
668 1977 828 2015 brevius
843 1978 1032 2031 ejusmodi
1053 1975 1318 2016 Paschalion
1307 1991 1349 2015 m
1369 1977 1463 2020 cod.
1484 1979 1606 2028 Regio
1629 1978 1677 2016 ab
1698 1991 1801 2016 anno

337 2032 486 2140 mundi)
516 2047 571 2072 v.1
614 2047 843 2073 MDcocxxx.
890 2034 1009 2088 (Chr.
1055 2036 1174 2078 1322.
1187 2032 1202 2086 )
1251 2034 1304 2072 ad
1353 2047 1633 2074 ann.vi1.m.
1679 2032 1800 2089 (Chr.

450 2145 634 2185 XXXVI.
692 2145 775 2185 Jam
803 2159 898 2184 vero
929 2145 1032 2183 inter
1070 2145 1259 2184 celtiores
1289 2145 1378 2184 illas
1417 2151 1638 2198 temporum
1673 2152 1802 2198 notas,

342 2213 438 2252 quas
465 2200 655 2239 hactenus
690 2202 954 2241 observarunt
981 2215 1116 2240 rerum
1143 2203 1375 2254 praesertim
1400 2203 1666 2241 Romanarum
1692 2203 1802 2241 scri-

336 2263 489 2308 ptoreS‚
518 2263 638 2308 atque
667 2259 765 2296 adeo
790 2265 988 2310 quotquot
1013 2258 1056 2296 in
1084 2258 1334 2309 designandis
1367 2272 1559 2297 annorum
1590 2258 1802 2298 characte-

336 2313 463 2351 rismis
487 2319 612 2351 certas
635 2315 708 2352 sibi
730 2316 885 2366 regulas
918 2314 1206 2366 praefixerunt,
1237 2315 1404 2353 extitere
1426 2315 1531 2354 Fasti
1550 2315 1801 2364 Consulares,

335 2382 406 2408 seu
439 2371 559 2407 series
594 2370 811 2409 Consulum
840 2373 1118 2410 Romanorum.
1173 2371 1312 2422 Neque
1347 2371 1448 2410 enim
1479 2372 1582 2410 inter
1607 2372 1802 2424 privatam

334 2425 533 2477 quandam
552 2426 756 2475 regionem
779 2428 842 2466 vel
867 2428 1135 2478 provinciam,
1165 2434 1232 2465 aut
1257 2427 1566 2480 rempublicam,
1597 2441 1682 2466 sese
1701 2441 1803 2467 con-

334 2481 454 2520 tinuit
475 2481 744 2532 putandorum
764 2497 836 2535 per
860 2484 1048 2522 Consules
1076 2497 1269 2521 annorum
1300 2484 1424 2533 ratio,
1455 2484 1527 2523 sed
1550 2483 1698 2535 ubique
1719 2484 1803 2523 fere

334 2543 551 2590 propagata
572 2543 653 2587 est,
685 2552 776 2577 cum
794 2553 867 2592 per
889 2539 1025 2578 01bem
1058 2540 1310 2589 universum,
1341 2541 1559 2578 Romanum
1581 2541 1802 2592 protende-

337 2600 450 2632 retur
490 2594 723 2645 lmperium:
775 2599 909 2635 Κεῖται
949 2611 1024 2648 γαρ
1060 2611 1136 2635 ουκ
1176 2595 1218 2636 ἐν
1246 2599 1320 2650 μιᾷ
1348 2611 1426 2636 τινι
1452 2592 1584 2644 πόλει,
1615 2594 1801 2649 καθάπερ

338 2647 554 2717 Αθήνησιν
572 2652 762 2719 Αρμοδίῳ
795 2651 863 2691 καὶ
880 2653 1174 2719 Αριστογείτονι
1201 2655 1252 2706 τῇ
1277 2655 1348 2704 τῆς
1366 2650 1513 2700 πόλεως
1537 2651 1802 2704 ὑποκείμενον
1851 2679 1854 2690 ;

338 2703 435 2761 τύχῃ
449 2738 460 2756 ,
489 2721 584 2758 μετα
605 2703 750 2759 ταύτης
770 2705 939 2756 σωζόμεν
943 2705 989 2747 ὀν
1018 2723 1058 2748 τε
1077 2707 1143 2748 καὶ
1166 2705 1524 2760 διαφθειρόμενον,
1555 2715 1600 2748 ut
1622 2708 1671 2747 de
1693 2710 1803 2747 Con-

340 2763 436 2801 sulis
477 2762 634 2801 nomine
664 2764 841 2815 loquitur
871 2763 1052 2802 libanius
1075 2763 1141 2814 ¹)·
1182 2764 1273 2815 sed,
1316 2771 1359 2803 ut
1388 2765 1493 2804 idem
1521 2765 1622 2804 iufra
1656 2765 1802 2815 subdit,

388 2887 427 2931 ¹)
454 2888 551 2923 Orat..
578 2889 613 2923 in
636 2888 774 2924 Consul.
797 2888 923 2924 Juliani
946 2890 1031 2936 Imp.

1842 2866 1862 3262 &ng-99⁴„tmw-*tv-
1855 2855 1858 2858 -
1848 2826 1862 2842 2¹
1851 2763 1865 2823 -2232
1858 2739 1865 2758 .-Α
1852 2712 1864 2727 ω
