1820 3276
282 224 381 275 474
869 228 1191 271 NOTAE

279 336 482 390 dignitatis
510 344 579 376 aut
602 333 766 390 Imperii
795 348 952 389 semper
979 337 1230 377 concurrerit
1257 337 1365 376 illius
1393 337 1736 387 Postconsulatus‚

279 407 357 447 quo
389 408 483 433 casu
510 395 614 434 idem
644 406 798 446 semper
827 394 1006 433 extiterit
1039 407 1166 433 annus
1197 408 1378 433 anxxn.

393 451 491 501 Pag.
521 453 615 494 690.
647 454 684 493 8.
746 449 826 490 Καὶ
864 453 915 506 τῇ
942 449 1125 507 πέμπτῃ]
1176 451 1274 490 Vide
1316 452 1474 502 praeter
1512 450 1739 503 Scriptores

276 506 519 560 Byzantinos
550 507 715 546 Paulum
745 507 1038 546 warnefridum
1067 508 1159 546 loco
1190 519 1310 559 supra
1337 506 1511 545 laudato.

391 563 485 613 Pag·
516 566 610 607 690.
640 567 704 606 18.
766 566 931 617 Πρῶτος
958 560 1165 615 ἐνιαυτός]
1210 564 1249 601 Is
1288 574 1413 602 annus
1442 562 1624 600 Mauricii
1654 562 1741 614 pri-

277 631 365 658 mus
393 621 649 671 consignatur
681 620 722 658 in
753 620 922 659 Nummo
952 620 1038 671 ejus
1067 633 1206 667 aereo,
1239 620 1280 658 in
1311 631 1392 670 quo
1423 618 1631 657 Consulari
1662 617 1741 656 ha·-

275 677 363 715 bitu
397 676 618 728 effingitur,
656 676 699 715 in
727 677 842 729 cujus
870 677 1048 730 postica,
1086 676 1227 714 ANNO
1256 676 1285 717 I.
1323 675 1523 714 scribitur.
1581 674 1740 713 Dicitur

275 739 405 771 autem
434 734 611 772 caruisse
641 734 906 782 Consulibus,
935 733 1043 785 quod
1070 732 1373 783 intelligendum
1402 731 1452 770 de
1480 730 1638 782 reliquo
1667 740 1740 769 an-

274 803 327 828 no
365 789 413 827 ab
451 790 566 829 obitu
605 790 755 830 Tiberii
794 789 1064 839 Constantini,
1103 803 1194 828 cum
1230 790 1417 842 proximo
1459 787 1610 827 Consul
1644 798 1740 840 pro—

273 845 449 886 cesserit.
916 848 918 851 ’

125 900 155 934 Ρ
179 902 247 938 605
387 903 485 954 Pag·
516 905 610 945 691.
638 907 678 944 3.
738 900 856 943 Μετοὲ
901 906 973 943 Tic.
1015 902 1251 956 Μαυρικίου
1288 898 1334 940 τό
1371 896 1452 951 α’.]
1498 899 1586 938 Hoc
1634 910 1738 938 anuo

273 971 469 999 DLxxmv.
500 959 643 998 Indict.
676 973 732 998 111.
769 959 1004 998 Mauricium
1043 965 1129 996 tum
1174 959 1344 1010 primum
1390 956 1602 994 Consulem
1643 968 1740 1008 pro·

274 1017 439 1055 cessisse
477 1022 612 1054 narrat
648 1022 854 1067 praeterea
891 1017 1103 1053 Simocatta
1142 1015 1210 1053 lib.
1249 1028 1274 1052 1.
1318 1025 1404 1066 cap.
1435 1026 1503 1051 ΧΠ.
1544 1014 1742 1064 χειμῶνος

274 1069 386 1128 ὥρᾳ,
430 1073 504 1111 sub
533 1071 725 1123 hyemem.
782 1071 1045 1124 Theophanes
1075 1083 1171 1110 vero
1203 1077 1243 1109 et
1273 1070 1475 1108 Cedrenus
1502 1083 1598 1107 xxn.
1628 1081 1737 1107 men-

274 1131 329 1168 sis
368 1129 598 1167 Decembris
634 1134 766 1166 actum
803 1129 1036 1167 Processum
1082 1127 1283 1166 scribunt:
1320 1126 1376 1164 ‘ad
1419 1137 1539 1176 quem
1578 1122 1737 1176 quidem

270 1199 420 1225 annum
450 1185 633 1224 Mauricii
662 1185 918 1223 Consulatum
948 1184 1129 1222 referunt
1156 1183 1263 1221 Fasti
1285 1181 1464 1221 Vossiani
1487 1182 1595 1233 apud
1618 1180 1739 1221 Henr.

273 1242 527 1281 Dodwellum
559 1242 605 1280 V.
634 1241 676 1282 C.
706 1241 815 1280 hisce
855 1239 1015 1280 verbis:
1061 1241 1296 1293 Μαυρικίου
1331 1233 1537 1291 Σεβάστου
1577 1233 1739 1291 Αὖγού·

271 1310 367 1339 στου
402 1293 542 1350 μόνου.
601 1297 689 1335 lnd.
730 1295 778 1350 β’.
818 1311 921 1349 quae
955 1296 1115 1348 quidem
1157 1295 1326 1334 indictio
1361 1306 1502 1334 revera
1540 1300 1598 1332 est
1624 1308 1664 1331 11.
1705 1293 1740 1332 si

269 1355 369 1393 anni
405 1355 561 1393 initium
605 1360 809 1405 spectetur
849 1367 928 1405 quo
968 1353 1117 1391 Consul
1157 1353 1361 1404 processit.
1434 1349 1573 1402 Neque
1607 1355 1739 1389 tamen

270 1411 338 1450 hic
367 1423 493 1450 annus
523 1410 676 1463 primus
704 1409 842 1449 debuit
871 1412 1024 1451 censeri
1055 1409 1292 1447 Consulatus
1325 1407 1532 1456 Mauricii,
1574 1407 1643 1458 qui
1672 1419 1740 1445 an-

270 1482 374 1507 nuus
405 1481 489 1507 esse
520 1467 692 1518 solebat,
721 1467 793 1506 sed
821 1467 890 1519 qui
919 1466 1102 1518 proxime
1134 1466 1334 1517 sequitur,
1366 1471 1405 1503 et
1434 1463 1589 1517 primus
1616 1468 1739 1502 nota*-

271 1531 338 1564 tur
367 1525 407 1563 in
439 1524 658 1571 Chronico,
700 1524 829 1563 nulla⁴
850 1524 944 1562 licet
974 1523 1128 1575 adjecta
1168 1521 1363 1560 numerali
1397 1526 1513 1569 nota,
1557 1532 1649 1557 cum
1679 1531 1739 1558 se-

272 1593 399 1633 quens
430 1594 556 1620 annus
587 1581 746 1620 dicatur
775 1594 860 1619 esse
897 1580 1115 1629 secundus,
1157 1591 1203 1617 ac
1232 1576 1401 1630 proinde
1430 1577 1479 1615 ab
1509 1589 1556 1615 eo
1589 1575 1739 1615 caeteri

270 1644 540 1678 numerentur.
599 1638 682 1676 Nec
724 1637 848 1677 refert
892 1637 1001 1688 quod
1038 1648 1122 1675 vox
1161 1633 1257 1687 μετὰ
1295 1634 1373 1673 hoc
1412 1647 1516 1672 anno
1543 1645 1736 1671 anxxw.

271 1700 519 1747 apponatur,
548 1694 644 1733 licet
673 1694 898 1746 superflua,
926 1705 1017 1732 cum
1046 1692 1090 1731 id
1118 1692 1318 1731 scribatur
1346 1697 1504 1743 recepta
1533 1687 1611 1727 hac
1639 1695 1740 1727 tem-

269 1758 424 1804 pestate
457 1753 537 1790 sere
566 1763 722 1802 semper
750 1750 941 1789 formula:
973 1756 1020 1788 ut
1047 1755 1087 1787 et
1115 1762 1218 1787 anno
1246 1761 1425 1786 anxxv.
1453 1759 1532 1798 quo
1561 1756 1738 1784 annuum

272 1809 531 1846 Consulatum
562 1808 596 1845 is
628 1807 771 1857 gessit,
799 1807 917 1860 juxta
947 1805 1137 1844 Chronici
1166 1805 1434 1857 Serimon-em,
1460 1804 1501 1842 in
1531 1814 1612 1854 quo
1641 1798 1738 1854 μετᾶ

270 1877 354 1902 vox
389 1865 540 1915 pariter
577 1864 754 1915 expungi
787 1863 947 1912 debuit,
988 1862 1183 1914 siquidem
1224 1875 1349 1900 annus
1378 1867 1438 1899 est
1476 1872 1557 1912 quo
1585 1864 1738 1909 gestum

271 1920 530 1958 Consulatum
559 1919 720 1958 videtur
747 1920 932 1968 innuere,
960 1918 1055 1957 licet
1082 1924 1269 1971 coeptum
1298 1917 1370 1956 sub
1398 1916 1543 1955 mensis
1572 1915 1739 1953 Decem·-

269 1977 353 2016 bris
402 1976 552 2015 exitum
603 1976 696 2014 anni
740 1976 924 2028 proxime
975 1976 1110 2026 elapsi.
1167 1975 1379 2013 Enimvero
1424 1973 1473 2011 ab
1512 1971 1593 2010 hoc
1631 1983 1736 2009 anno

270 2044 469 2072 DLxxxm.
519 2039 696 2071 caeteros
742 2031 925 2071 Mauricii
974 2031 1239 2079 Consulatus,
1288 2041 1358 2068 seu
1407 2027 1736 2067 Postconsulatus

269 2088 391 2144 (nam
423 2090 649 2141 promiscue
681 2088 932 2141 appellantur
961 2087 1003 2125 in
1027 2086 1418 2138 subscriptionibus)
1463 2085 1619 2124 initium
1658 2097 1736 2123 su·-

269 2159 377 2185 mere
406 2152 516 2197 patet
545 2157 595 2185 ex
626 2145 838 2197 Epitaphio
867 2144 1070 2195 descripto
1099 2158 1121 2182 a
1152 2142 1401 2181 Summontio
1433 2149 1472 2180 et
1496 2140 1664 2191 Ughello
1693 2140 1734 2178 in

270 2203 480 2254 Episcopis
509 2202 803 2254 Neapolitanis:
830 2201 906 2242 Hic
933 2203 1118 2252 requiescit
1145 2203 1184 2238 in
1208 2213 1296 2251 pace
1319 2199 1486 2238 Candida
1517 2198 1556 2236 C.
1577 2197 1620 2235 F.
1645 2209 1736 2248 quae

269 2261 366 2297 vixit
405 2262 446 2298 P.
478 2256 536 2297 M.
566 2273 649 2298 ann.
677 2272 715 2298 L.
748 2259 823 2297 dies
851 2272 930 2296 1111.
963 2258 1023 2296 Id.
1044 2257 1155 2308 Sept.
1184 2257 1274 2307 Imp.
1304 2254 1393 2294 DN.
1432 2255 1618 2294 Mauricio
1654 2252 1733 2292 ΡΡ.

269 2319 367 2365 Aug.
402 2329 484 2353 ann.
526 2328 608 2352 1111.
650 2315 692 2354 P.
732 2315 772 2355 C.
813 2315 969 2363 ejusdem
1004 2327 1098 2352 armo
1132 2328 1177 2354 11.
1227 2313 1309 2351 Iud.
1337 2326 1391 2351 1v.
1451 2310 1531 2359 Qui
1573 2309 1735 2361 quidem

272 2371 564 2411 characterismi
596 2384 729 2410 omnes
759 2371 959 2422 quadrant
988 2370 1030 2408 in
1059 2383 1205 2408 annum
1233 2382 1412 2407 nnxxxv.
1443 2370 1599 2405 Annum
1631 2365 1734 2404 enim

122 2431 154 2464 V
180 2428 248 2466 547
272 2441 324 2466 ιν.
362 2427 524 2479 Imperii
561 2427 651 2465 iniit
686 2427 902 2466 Mauricius
942 2439 1074 2466 mense
1107 2428 1206 2477 Aug.
1248 2426 1385 2464 eodem
1416 2435 1519 2461 anno
1551 2434 1733 2460 ntxxxv.

271 2482 443 2523 Indictio
483 2495 578 2539 verp
614 2495 666 2522 ιν.
713 2484 848 2536 coepit
883 2484 972 2522 Kal.
1009 2482 1184 2535 ejusdem
1221 2480 1322 2520 anni.
1391 2480 1510 2518 Extat
1553 2477 1731 2530 ejusdem

272 2540 365 2579 anni
402 2538 613 2592 Inscriptio
651 2541 756 2592 apud
796 2540 1017 2578 Reinesium
1046 2552 1135 2591 pag.
1165 2541 1260 2581 960.
1291 2549 1393 2588 quae
1423 2535 1480 2574 sic
1510 2534 1733 2573 clauditur:

272 2597 362 2650 Imp.
400 2595 488 2636 DN.
526 2595 712 2636 Mauricio
747 2596 823 2635 ΡΡ.
862 2598 959 2646 Aug.
999 2610 1090 2634 anno
1119 2609 1179 2632 111.
1213 2599 1292 2645 post
1323 2593 1551 2632 Consulatum
1578 2591 1732 2640 ejusdem
1800 2624 1817 2637 ,

271 2667 363 2692 anno
391 2668 435 2690 11.
473 2652 604 2691 Indici.
632 2665 684 2693 iv.
734 2653 870 2691 Annus
898 2668 960 2692 111.
998 2650 1181 2690 Mauricii
1210 2650 1346 2702 coepit
1383 2661 1514 2687 mense
1553 2647 1731 2698 Augusto

274 2722 379 2748 anno
415 2721 610 2750 anxxxv.
654 2723 735 2762 quo
776 2710 865 2747 Cos.
903 2708 1099 2761 processit
1137 2706 1211 2744 sub
1249 2718 1421 2744 mensem
1462 2703 1732 2752 Decembrem,

273 2766 417 2805 Indict.
449 2779 512 2804 111.
539 2765 707 2817 proinde
734 2779 861 2805 annus
887 2771 979 2817 post
1003 2763 1278 2812 Consulatum,
1308 2762 1378 2814 qui
1406 2760 1731 2800 postconsulatus

275 2832 324 2861 ιι.
365 2820 431 2860 hic
467 2821 638 2874 dicitur,
674 2822 816 2862 incidit
852 2822 892 2860 in
931 2834 1078 2859 annum
1113 2833 1293 2858 anxxv.
1331 2831 1411 2870 quo
1440 2822 1531 2855 ante
1560 2828 1730 2855 mensem

276 2878 523 2930 Augustum,
565 2893 642 2932 quo
683 2879 845 2933 Imperii
882 2890 1005 2917 annus
1035 2890 1087 2918 ιν.
1127 2876 1279 2928 coepit,
1311 2875 1416 2914 edita
1446 2879 1505 2913 est
1533 2871 1632 2912 haec
1658 2871 1731 2911 In·
