1884 3262
642 751 1156 801 NOTAE

858 887 941 922 IN

158 976 925 1061 CHRONIGON
1000 999 1638 1069 PAscHALE.

272 1311 366 1362 Pag.
385 1312 439 1351 ed.
459 1311 574 1352 Bonn.
599 1314 666 1355 32.
694 1310 733 1354 4.
767 1311 906 1365 Ομοῦ]
940 1312 1131 1363 Occurrit
1157 1311 1259 1351 haec
1283 1326 1367 1351 vox
1391 1311 1573 1352 crebrius
1593 1313 1636 1352 in

155 1366 236 1407 hoc
255 1369 482 1419 Chronico,
511 1383 587 1422 pro
607 1369 851 1408 collectione
876 1376 1106 1422 temporum
1129 1376 1384 1420 exactorum,
1417 1384 1533 1422 quam
1554 1367 1640 1422 (ἰρί-

155 1430 312 1478 -θμησιν
331 1422 484 1479 χρόνων
503 1426 572 1467 καὶ
593 1422 746 1479 ὅμάδα,
779 1441 849 1465 seu
878 1441 1072 1476 summam,
1113 1434 1263 1466 vocant
1294 1427 1437 1466 Graeci
1468 1441 1640 1479 compu-

155 1488 330 1532 tatores,
362 1490 409 1522 ut
437 1484 634 1523 Eusebius
662 1483 705 1521 in
736 1483 939 1522 Chronico
961 1511 974 1532 ,
1014 1491 1053 1523 et
1083 1496 1136 1522 ex
1162 1498 1209 1522 eo
1245 1485 1442 1535 Georgius
1471 1486 1642 1537 Syncel-

154 1540 242 1590 lus,
275 1554 355 1592 qua
385 1554 431 1579 ea
461 1546 693 1594 temporum
725 1541 988 1592 designantur
1022 1542 1237 1580 intervalla
1275 1542 1317 1580 in
1350 1541 1495 1593 quibus
1515 1543 1640 1594 ‘quic-

157 1597 256 1649 quid
286 1595 361 1649 per
391 1611 516 1636 annos
547 1612 768 1651 expansos,
804 1598 874 1649 qui
903 1598 1044 1637 iisdem
1082 1599 1247 1638 Graecis
1271 1597 1381 1641 ἁπλᾶ
1401 1598 1468 1651 ἔτη
1490 1599 1640 1639 dicun-

155 1661 251 1704 tur,
284 1667 406 1707 supra
438 1654 635 1707 digestum
668 1661 748 1705 est,
786 1655 911 1694 unico
946 1668 1115 1694 numero
1154 1656 1359 1708 colligitur
1379 1688 1391 1706 ,
1429 1662 1476 1695 ut
1508 1658 1640 1709 pluri-

156 1711 232 1750 bus
270 1711 486 1750 observant
523 1711 722 1766 „Iosephus
761 1713 939 1764 Scaliger
974 1712 1046 1751 lib.
1075 1726 1148 1753 vu.
1181 1713 1230 1752 de
1268 1712 1474 1752 Emendat.
1516 1721 1640 1769 temp.

158 1768 290 1807 statim
328 1768 466 1819 initio,
514 1775 554 1808 et
591 1769 632 1807 in
670 1768 1099 1809 Animadversionibus
1141 1770 1191 1808 ad
1222 1771 1394 1809 eundem
1422 1771 1640 1811 Eusebium

156 1838 249 1878 pag.
284 1829 348 1867 10.
381 1830 421 1869 2.
452 1826 547 1865 edit.
578 1840 699 1879 quam
738 1826 807 1865 hic
844 1828 1083 1879 sequimur,
1131 1828 1318 1866 petavius
1361 1828 1404 1866 in
1445 1829 1640 1869 Auctario

157 1882 358 1921 librorum
406 1883 455 1921 de
500 1884 692 1922 Doctrina
745 1887 973 1937 temporum
1016 1885 1122 1923 libro
1161 1898 1249 1925 vm.
1295 1899 1379 1937 cap.
1412 1899 1439 1925 1.
1481 1891 1518 1924 et
1559 1887 1639 1926 alii.

160 1939 466 1979 Observandum
496 1947 627 1980 tamen
657 1941 909 1981 Holstenium
938 1941 1043 1980 hanc
1073 1938 1238 2007 ὅμᾶδαζ
1257 1956 1337 1981 ⁴seu
1357 1955 1498 1981 vocem
1521 1943 1640 1996 ὁμοῦ,

161 1996 389 2038 adscribere
419 1998 614 2037 duntaxat
649 1998 764 2036 annis
793 2000 860 2038 vel
892 2006 1094 2050 aetatum,
1132 2000 1198 2038 xel
1227 1999 1390 2051 imperii
1427 2007 1497 2039 aut
1525 2001 1641 2052 regni

161 2054 360 2121 cujusvis,
401 2067 491 2094 cum
520 2055 571 2094 iis
601 2056 671 2108 qui
709 2070 835 2094 annos
866 2057 1007 2096 mundi
1040 2029 1192 2095 co'nditi
1223 2057 1458 2108 designant,
1498 2071 1641 2097 vocem

159 2107 332 2163 κόσμου,
370 2124 449 2164 pro
479 2111 586 2165 ὁμοῦ
614 2113 960 2162 adsc1ibat‚non
994 2113 1104 2165 quod
1138 2113 1276 2152 Codex
1306 2128 1424 2165 quem
1452 2114 1557 2153 vidit
1587 2115 1642 2153 ita

159 2168 388 2222 praeferat,
418 2170 513 2218 sed,
551 2169 596 2207 m‘
624 2170 770 2221 fallor,
810 2183 862 2209 ex
890 2171 1073 2222 ingenio,
1113 2171 1173 2209 uti
1202 2185 1322 2220 mox,
1366 2170 1439 2208 ubi
1469 2170 1520 2210 de
1540 2172 1642 2211 filiis

158 2226 246 2264 Noe
276 2225 418 2277 agitur.
476 2226 609 2265 Minor
638 2227 742 2265 enim
771 2240 962 2266 numerus
983 2227 1130 2266 horum
1149 2228 1346 2278 natalem,
1376 2228 1477 2266 alter
1499 2230 1641 2268 mortis

159 2288 320 2335 tempus
350 2297 371 2320 a
403 2283 552 2322 mundo
580 2283 744 2323 condito
775 2283 948 2324 indicat:
992 2284 1095 2323 nihil
1124 2291 1257 2323 tamen
1297 2286 1533 2325 mutandum
1563 2286 1643 2325 du-

159 2341 297 2379 ximus
346 2339 395 2379 ab
442 2340 642 2390 editione,
694 2341 790 2380 satis
831 2355 918 2381 esse
956 2341 1005 2380 de
1050 2340 1162 2380 hisce
1200 2342 1403 2382 monuisse
1443 2343 1639 2383 lectorem

159 2397 358 2437 arbitrati.

279 2455 373 2506 Pag-
406 2454 475 2498 35.
504 2457 569 2498 11.
629 2454 733 2510 Περὶ
758 2458 832 2509 τῆς
856 2456 1106 2511 προφητείας
1137 2453 1286 2509 Ενώχ]
1329 2456 1450 2495 Libro
1486 2457 1642 2496 scilicet

162 2512 422 2565 apocryph0‚
453 2512 569 2565 cujus
599 2526 696 2565 prae
726 2514 893 2552 caeteris
919 2514 1100 2552 meminit
1131 2513 1326 2565 Georgius
1358 2514 1569 2566 Syncellus
1597 2514 1639 2552 in

164 2569 312 2611 Chron.
345 2569 418 2608 ubi
449 2569 500 2609 de
530 2571 692 2625 Angelis
719 2567 974 2624 ἔγρηγόροις,
1023 2577 1062 2609 et
1102 2570 1152 2609 de
1193 2585 1273 2623 quo
1313 2572 1497 2611 salianus
1536 2585 1640 2610 anno

163 2628 478 2669 nccccnxxxvn.
507 2641 547 2666 n.
575 2642 660 2667 xlv.
692 2628 851 2679 etalii,
883 2642 983 2680 quos
1012 2627 1047 2666 is
1075 2628 1227 2668 laudat.

279 2683 374 2734 Pag.
403 2687 472 2727 36.
503 2687 568 2727 10.
602 2682 891 2738 Μαθουσαλά]
922 2685 1023 2725 Vide
1040 2685 1249 2725 Petavium
1270 2685 1339 2726 lib.
1354 2698 1414 2723 xx.
1434 2684 1485 2723 de
1506 2684 1641 2725 Doctr.

165 2745 286 2793 temp.
318 2754 406 2793 cap.
430 2754 518 2782 vm.

270 2797 374 2849 Pag·
405 2799 473 2840 36.
507 2800 570 2840 18.
630 2798 714 2839 Καὶ
737 2794 901 2852 ,βσξβ’.]
945 2813 1043 2838 Lxx.
1085 2799 1297 2838 Seniorum
1337 2797 1532 2850 epocham
1568 2812 1640 2837 xx.

167 2853 282 2892 annis
311 2853 546 2906 ampliorem
573 2855 728 2908 epocha
756 2855 969 2906 Africani,
1008 2855 1225 2909 Nicephori
1265 2856 1372 2894 Patr.
1413 2855 1643 2894 Constanti-

166 2910 413 2963 nopolitani,
442 2911 612 2951 Honorii
631 2911 856 2965 Augustod.
883 2920 921 2952 et
949 2914 1119 2954 afiorum
1148 2913 1218 2952 hic
1248 2912 1435 2952 observat
1463 2913 1641 2965 Scaliger

1674 763 1703 798 P
1723 759 1794 799 489

1672 833 1706 867 V
1723 831 1794 869 395
