1884 3262
284 197 429 263 ,336
921 196 1239 241 NOTAE

328 323 416 363 pag.
442 311 534 352 191.
557 308 650 347 edit.
670 308 763 359 Reg.
792 306 861 346 sed
881 307 955 346 sub
973 307 1108 347 Marco
1129 306 1326 347 Antonino
1346 307 1451 347 vero
1482 308 1672 347 accidisse
1699 277 1797 361 pro-

327 368 420 414 bat,
452 373 494 404 ut
522 372 563 404 et
587 365 651 403 vir
681 364 935 403 doctissimus
961 365 1130 409 Joannes
1163 357 1394 404 Harduinus
1422 363 1471 403 ad
1497 365 1661 404 eandem
1682 366 1795 406 Orat.
1876 370 1884 407 ξ

330 436 418 475 pag.
436 421 531 464 470.
554 421 711 460 tametsi
733 421 836 460 forte
854 422 1103 473 aliquatenus
1123 421 1341 460 Themistio
1364 422 1498 459 favere
1514 422 1700 461 videatur
1719 423 1795 460 Ca-
1875 423 1884 474 j

326 478 524 532 pitolinus
542 478 583 517 in
599 477 740 517 eodem
761 478 852 516 Pio:
886 478 1025 517 Tantus
1046 483 1162 518 autem
1181 483 1294 516 terror
1311 478 1395 516 belli
1411 477 1699 518 Marcomannici
1702 478 1798 530 fuit,
1875 485 1884 528 ξ

329 540 370 574 ut
397 536 552 586 undique
580 535 792 574 Sacerdotes
817 537 1005 583 acciverit,
1040 538 1246 588 peregrinos
1272 537 1364 573 ritus
1394 535 1608 585 impleverit,
1645 536 1798 575 Romam
1877 586 1884 601 ἱ

330 594 423 630 omni
450 605 571 642 genere
597 592 820 631 lustraverit:
849 592 918 630 ubi
946 606 1021 645 per
1042 594 1246 644 peregrinos
1275 594 1388 639 ritus,
1417 590 1662 630 Christianos
1687 591 1797 631 haud

329 648 449 687 dubie
467 648 678 687 intellexit.
1720 678 1734 688 2

448 707 540 755 Pag.
567 704 662 747 486.
692 707 761 746 20.
821 702 1058 758 Περτίνακι]
1090 703 1169 752 Qui
1188 709 1326 755 postea
1343 716 1479 741 rerum
1498 704 1650 754 potitus
1669 709 1740 743 est.

447 761 540 812 Pag.
569 761 666 805 487.
702 765 738 803 1.
796 764 859 801 Εκ
878 765 952 802 τοῦ
973 757 1154 813 ου’ρανοῦ
1165 760 1180 813 ]
1212 760 1316 799 Edit.
1333 760 1474 810 Scalig.
1496 758 1539 800 ἐκ
1557 763 1631 801 τοῦ
1651 762 1769 801 Θεοῦ.

442 817 535 856 Ibid.
595 818 875 871 Γερμανικοῖς]
907 818 1010 857 Belli
1034 817 1260 856 Germanici
1279 816 1353 855 sub
1373 817 1509 856 Marco
1526 816 1701 857 meminit
1721 817 1798 855 Ga-
1878 817 1884 870 ξ

329 875 442 914 lenus
462 874 510 913 de
530 875 738 926 Prognost.
757 887 795 926 p.
817 872 913 917 459.
1879 891 1884 911 ε

447 934 540 982 Pag.
571 930 666 974 437.
696 929 735 971 4.
795 929 1040 982 Επιστολαὶ]
1084 929 1252 968 Orosius
1282 928 1352 968 lib.
1385 943 1461 971 v11.
1495 943 1583 983 cap.
1612 943 1683 970 xv.
1743 929 1799 968 De
1876 931 1884 970 ,ε

330 987 380 1027 iis
404 988 594 1040 Epistolis
616 987 802 1040 pluribus
824 987 902 1039 egit
920 988 1011 1026 loco
1035 986 1197 1025 laudato
1216 986 1357 1037 Scalig.
1878 1002 1884 1032 3

180 1054 213 1089 V
235 1047 306 1091 4'60
448 1047 541 1095 Pag·
564 1043 670 1087 487.
702 1046 740 1086 8.
801 1045 981 1098 Ορφίτου
1005 1041 1051 1084 τό
1079 1039 1159 1096 β’.]
1193 1042 1315 1081 Abest
1339 1048 1432 1081 nota
1453 1041 1586 1081 iterati
1607 1042 1799 1080 Consula-
1881 1039 1884 1044 ’

327 1107 394 1140 tus
431 1101 541 1154 apud
571 1100 843 1153 Lampridium
873 1102 917 1139 in
947 1099 1188 1150 Commodo,
1227 1100 1489 1152 Prosperum‚
1530 1098 1726 1149 Idatium,
1761 1104 1800 1138 et

330 1158 443 1198 alios.

449 1217 540 1264 Pag.
571 1212 667 1255 487.
697 1215 738 1255 9.
799 1211 1096 1265 Πομπηϊανοῦ]
1133 1212 1172 1250 Is
1213 1217 1274 1250 est
1307 1211 1497 1250 Claudius
1523 1211 1799 1263 Pompeianus,
1826 1235 1832 1239 ·
1877 1236 1884 1254 ρ

330 1270 460 1324 patria
490 1268 787 1319 Antiochenas,
816 1269 867 1309 M.
899 1269 1090 1308 Antonini
1108 1267 1345 1320 Philosophi
1366 1281 1507 1319 gener,
1538 1268 1607 1320 qui
1629 1268 1688 1307 bis
1708 1269 1798 1309 Cos,

332 1327 410 1366 fuit
422 1356 433 1376 ‚
463 1323 580 1380 cujus
608 1326 727 1364 semel
753 1339 799 1364 ac
819 1325 968 1365 iterum
988 1325 1167 1365 meminit
1188 1324 1440 1364 Herodianus
1459 1325 1528 1366 lib.
1550 1339 1578 1366 1.
1605 1331 1644 1364 et
1664 1326 1737 1364 Dio
1755 1325 1798 1364 in
1879 1326 1884 1370 ξ

333 1383 542 1435 Excerptis
559 1382 775 1421 Valesianis
794 1396 835 1435 p.
855 1385 952 1424 729.
1727 1411 1729 1414 .
1879 1397 1884 1429 Ξ

448 1443 542 1490 Pag.
571 1438 669 1482 487.
702 1443 766 1481 10.
823 1437 1032 1492 Σέβηρος]
1072 1439 1135 1478 Ex
1174 1437 1334 1477 Eusebii
1370 1437 1472 1478 Hist.
1508 1437 1615 1478 Eccl.
1641 1436 1712 1476 lib.
1737 1450 1797 1476 xv.
1879 1443 1884 1506 ζ

333 1511 418 1550 0³P·
433 1510 550 1603 ngg·
574 1550 668 1594 487.
697 1554 766 1593 20.
828 1546 1014 1602 Φύσεως]
1055 1551 1175 1590 Forte
1209 1546 1394 1603 φράσεως
1410 1580 1420 1599 ,
1449 1549 1528 1589 nisi
1555 1551 1658 1589 forte
1688 1554 1798 1590 natu-

332 1611 423 1650 ralis
445 1615 485 1649 et
502 1611 679 1660 genuinus
697 1622 838 1657 sensus,
867 1609 927 1646 uti
946 1621 1083 1646 sumus
1100 1608 1371 1660 interpretati,
1399 1607 1656 1658 intelligatur.
1774 1608 1777 1610 ’

451 1669 544 1716 Pag.
576 1666 670 1709 488.
701 1669 739 1707 2.
797 1661 930 1717 Λόγος
947 1662 1050 1717 πρός
1069 1663 1271 1717 Ελληνας]
1304 1664 1447 1704 Euseb.
1463 1664 1597 1706 lib.1v.
1615 1678 1703 1716 cap.
1713 1677 1798 1703 xvr.

334 1722 490 1762 Tati'ani
524 1735 626 1774 opus
651 1722 782 1774 primo
812 1721 962 1761 editum
989 1721 1037 1760 ab
1058 1722 1208 1761 Joanne
1227 1721 1403 1760 Heroldo
1422 1735 1483 1759 an.
1499 1734 1624 1760 MnLv.
1640 1721 1681 1760 in
1699 1720 1800 1762 Bib-
1881 1747 1884 1762 ;

331 1779 546 1818 liothecam
565 1779 729 1817 Patrum
752 1777 895 1817 deinde
912 1778 1082 1816 relatum
1102 1784 1175 1818 est.
1235 1779 1292 1817 De
1312 1778 1399 1817 aliis
1415 1778 1570 1817 Tatiani
1587 1777 1700 1817 libris
1720 1778 1800 1829 agit
1881 1790 1884 1793 ⁴

333 1849 429 1889 prae
446 1835 610 1874 caeteris
632 1835 811 1873 Clemens
832 1834 1130 1874 Alexandrinus
1153 1834 1222 1873 lib.
1245 1850 1310 1872 111.
1329 1835 1477 1874 Strom.

452 1895 544 1942 Pag.
575 1891 670 1935 488.
700 1894 739 1934 8.
800 1891 979 1944 Ορφίτου
997 1891 1065 1932 καὶ
1080 1889 1265 1943 Ρούφου]
1295 1891 1372 1930 Hic
1395 1890 1632 1930 Consulatus
1650 1896 1800 1930 temere

333 1948 415 1988 hoc
443 1948 536 1986 loco
566 1953 624 1986 est
650 1947 845 1995 insertus,
876 1947 945 1999 qui
963 1947 1005 1986 in
1025 1962 1087 1988 an.
1112 1961 1281 1987 chvxu.
1301 1947 1420 1986 cadit.
1479 1947 1670 1986 Consules
1696 1946 1799 1990 enim
1882 1991 1884 1994 ¹

333 1998 425 2044 hoc’
436 2018 538 2043 anno
559 2004 722 2043 fuerunt
742 2004 828 2042 Piso
845 2008 879 2043 et
897 2004 1087 2055 Julianus,
1112 2005 1162 2044 de
1181 2004 1325 2056 quibus
1344 2003 1597 2057 Lampridius
1612 2005 1657 2043 in
1676 2004 1799 2044 Com-

334 2061 626 2112 modoz‘et'que
648 2060 704 2099 ita
722 2060 830 2099 Fasti
854 2074 1001 2101 omnes,

452 2121 544 2167 Pag.
574 2117 670 2159 488.
699 2120 738 2159 9.
797 2115 1023 2172 Ποθεινὸς]
1054 2117 1155 2156 Vide
1189 2116 1310 2156 Henr.
1338 2116 1537 2156 valesium
1567 2116 1620 2156 ad
1637 2116 1800 2158 Eusebii

336 2174 439 2216 Hist.
462 2174 569 2214 Eccl.
586 2173 659 2213 lib.
677 2187 716 2212 v.
742 2174 785 2212 in
802 2174 1031 2225 Prooemio,
1053 2174 1125 2213 ubi
1141 2174 1190 2213 de
1212 2173 1288 2212 hac
1305 2174 1581 2226 persecutione
1610 2173 1685 2213 sub
1709 2174 1801 2214 An·
1871 2168 1884 2182 ²

337 2230 477 2270 tonino
503 2230 607 2269 Vero
625 2230 743 2282 plura
765 2230 953 2281 congerit.

337 2344 368 2383 E
418 2290 545 2381 lpag.
575 2287 671 2331 488.
704 2290 770 2330 12.
819 2283 932 2328 Ano}
949 2287 1018 2328 καὶ
1038 2286 1237 2340 Anam]
1264 2287 1326 2327 Ex
1354 2286 1516 2326 Eusebii
1537 2285 1607 2326 lib.
1629 2299 1670 2326 v.
1696 2285 1798 2327 nist.
1879 2260 1884 2315 ’ἶ

372 2357 418 2383 CC
436 2373 444 2382 ι
459 2356 555 2395 (ἶΒΡ.
577 2358 642 2382 111·

453 2402 546 2448 Pag.
575 2397 672 2441 489.
705 2399 743 2442 5.
804 2400 1035 2447 Πολλίωνος
1060 2397 1128 2439 καὶ
1158 2399 1326 2454 Απρου]
1363 2399 1530 2451 Utrique
1549 2413 1596 2438 11.
1628 2386 1810 2452 apponit
1871 2429 1884 2449 :

337 2462 454 2496 vetus
483 2454 708 2507 Inscriptio,
767 2455 1038 2507 Lampridius,
1076 2456 1241 2495 Pollione.
1298 2455 1404 2495 Fasti
1429 2454 1651 2503 Savilliani,
1690 2455 1796 2508 Apro.

340 2514 527 2559 Senator,
554 2511 677 2563 Aspre.
733 2510 834 2550 Vide
854 2512 1052 2551 Norisium
1071 2514 1114 2550 in
1134 2512 1261 2564 Epist.
1283 2512 1441 2552 Consul.
1461 2525 1501 2564 p.
1525 2513 1627 2558 112.Δ

454 2571 548 2618 Pag.
578 2566 673 2609 489.
703 2570 741 2609 6.
801 2565 940 2620 Νόμος
960 2568 1104 2620 ἐτέθη]
1131 2569 1275 2608 Eadem
1293 2568 1432 2607 iisdem
1451 2567 1582 2607 verbis
1601 2567 1796 2619 habentur

342 2624 449 2678 apud
476 2622 747 2676 Nicephorum
781 2624 964 2666 ca11.1ib.
984 2640 1048 2664 111.
1069 2638 1155 2676 cap.
1171 2639 1287 2664 xxm.
1312 2631 1350 2664 et
1369 2625 1409 2663 iu
1430 2626 1636 2677 Synagoge
1655 2625 1797 2664 Histo-

340 2682 490 2721 riarum
527 2679 787 2731 Scaligeriana
828 2694 916 2733 pag.
941 2679 1036 2724 342.
1076 2694 1177 2732 quae
1214 2681 1373 2733 quidem
1411 2681 1581 2720 obscura
1609 2681 1796 2722 videntur

197 2748 227 2784 Ρ
250 2746 321 2786 540
342 2743 511 2791 propter
541 2736 642 2776 duos
669 2737 924 2776 accusativos.
982 2736 1093 2776 Unde
1119 2738 1300 2776 Raderus
1322 2737 1363 2776 in
1385 2737 1583 2777 Chronico
1603 2736 1794 2787 Paschali,

342 2801 382 2834 et
407 2794 573 2832 Joannes
607 2794 760 2845 Langus
783 2793 890 2846 apud
910 2792 1201 2846 Nicephorum,
1225 2794 1280 2832 ita
1305 2800 1398 2833 sunt
1413 2794 1512 2833 haec
1533 2793 1793 2847 interpretati,

342 2857 389 2890 ut
409 2857 568 2890 cautum
587 2849 728 2901 suerit,
756 2856 802 2889 ut
819 2850 862 2889 in
878 2855 1080 2903 posterum
1098 2849 1170 2889 filii
1183 2851 1418 2903 parentibus
1434 2850 1483 2891 ab
1498 2851 1686 2892 intestato
1700 2861 1794 2890 suc-
