1884 3262
318 210 414 257 196

314 323 409 365 312.

312 602 407 644 313.

313 713 407 754 314.

311 768 407 811 315.

311 883 407 926 316.

312 995 408 1036 317.

312 1165 408 1206 318.

309 1387 406 1429 319.

311 1500 405 1542 820.

309 1612 406 1653 321.

309 1669 406 1709 322.

309 1724 405 1767 323.

309 1831 405 1876 324.

310 1890 406 1934 325.

310 2005 405 2048 326.

309 2117 405 2158 327.

308 2173 404 2214 328.

310 2229 405 2270 329.

309 2395 404 2437 330.

308 2451 387 2494 331
395 2478 405 2491 .

308 2565 404 2607 332.

309 2621 405 2663 333.

633 210 873 254 SELECTA
902 210 975 253 AD
1009 210 1494 255 ILLUSTRATIONEM

467 317 671 360 Maxentio
701 319 766 361 IV.
797 320 997 370 Consule,
1038 320 1106 372 qui
1140 327 1233 360 sunt
1272 319 1530 359 Constantino
1557 318 1606 357 11.
1636 324 1675 357 et
1698 317 1768 356 Li-

532 375 635 413 cinio
664 375 715 415 II.
764 389 800 415 v.
837 376 933 414 Idus
973 377 1197 428 Februarii,
1239 377 1412 416 Aradius
1449 375 1616 415 Rufinus
1643 375 1686 414 P.
1721 373 1768 413 V.

530 444 588 470 VI.
619 432 787 471 Kalend.
824 433 1014 472 Novemb.
1071 434 1224 472 Annius
1267 433 1463 472 Anulinus
1503 432 1586 471 dies
1624 443 1769 469 xxxiv.

530 488 571 527 P.
602 487 651 527 V.
689 502 747 526 111.
774 489 972 528 Kalendas
1006 490 1228 529 Decembris
1246 519 1257 540 ,
1300 489 1469 528 Aradius
1498 486 1663 526 Rufinus
1691 487 1770 526 ite-

529 556 619 584 rum
650 544 690 585 P.
720 545 766 583 V.
1455 571 1464 578 .

471 599 729 639 Constantino
759 600 830 639 III.
863 607 902 640 et
931 601 1081 640 Licinio
1109 602 1178 641 ΙΙΙ.
1213 616 1266 642 vr.
1291 601 1384 639 Idus
1405 599 1654 649 Decembris,
1682 599 1770 638 Ru-

530 656 606 694 fius
635 656 874 695 Volusianus
904 659 946 698 P.
975 658 1020 698 V.

467 711 679 751 Volusiano
709 719 749 752 et
778 713 969 753 Anniano.
1027 713 1164 752 Rufius
1193 713 1436 752 Volusianus
1467 707 1508 750 P.
1540 711 1587 750 V.

464 767 723 808 Constantino
753 769 820 808 IV.
851 777 890 809 et
917 771 1067 809 Licinio
1093 771 1155 809 [V.
1185 784 1274 808 xm.
1293 768 1492 822 Kalendas
1513 766 1770 821 Septembris,

528 825 693 864 Vectius
720 825 886 865 Rufinus
915 828 958 867 P.
988 827 1035 866 V.

466 880 609 920 Sabino
641 888 680 920 et
703 882 860 920 Rufino.
917 883 1052 922 Pridie
1088 883 1220 922 Nonas
1250 881 1440 933 Augusti,
1476 880 1643 920 Ovinius
1673 879 1772 918 Gal-

529 937 684 976 licanus
713 938 757 977 P.
786 938 834 977 V.

468 994 658 1034 Consules
688 1007 786 1045 quos
813 995 1005 1046 jusserint
1035 995 1114 1033 DD.
1143 994 1225 1033 NN.
1256 993 1436 1044 Augusti.
1488 1008 1537 1033 ex
1583 993 1658 1034 die,
1682 1006 1771 1032 xm.

530 1050 730 1088 Kalendas
764 1050 922 1099 Martii,
972 1051 1176 1091 Gallicano
1216 1057 1255 1090 et
1292 1051 1427 1091 Basso.
1494 1049 1628 1089 Idibus
1666 1048 1773 1099 Maii,

530 1107 743 1158 Septimius
770 1107 916 1145 Bassus
943 1108 986 1150 P.
1018 1107 1066 1147 V.

466 1161 618 1201 Licinio
646 1163 695 1202 V.
734 1169 774 1202 et
815 1163 954 1215 Crispo
995 1164 1173 1203 Caesare.
1221 1176 1270 1201 ex
1299 1162 1364 1202 die
1393 1175 1457 1201 111.
1483 1162 1579 1201 Idus
1609 1160 1704 1199 Julii
1730 1161 1773 1199 in

526 1218 622 1257 Idus
652 1218 842 1270 Augusti,
878 1220 967 1258 vice
997 1220 1105 1258 illius
1138 1221 1327 1270 cognovit
1354 1218 1482 1257 Julius
1513 1218 1691 1267 Cassius,
1727 1230 1772 1255 eo

530 1273 641 1326 quod
671 1274 720 1313 ad
750 1274 974 1326 Augustum
1011 1276 1217 1327 profectus
1262 1281 1331 1313 est.
1390 1274 1599 1326 Septimius
1627 1274 1772 1318 Bassus

529 1343 733 1381 regressus
762 1332 808 1370 P.
839 1331 887 1370 V.

467 1385 727 1425 Constantino
757 1386 804 1426 V.
834 1393 874 1425 et
903 1385 1056 1425 Licinio
1086 1386 1265 1426 Caesare.
1312 1385 1481 1428 Kalend.
1519 1385 1772 1438 Septembris,

529 1442 712 1482 Valerius
739 1442 936 1482 Maximus
964 1443 1131 1481 Basilius
1161 1444 1202 1485 P.
1231 1442 1279 1482 V.

465 1497 724 1538 Constantino
751 1499 817 1538 VI.
849 1506 888 1539 et
911 1499 1166 1538 Constantino
1196 1499 1374 1538 Caesare.
1433 1497 1615 1538 Valerius
1642 1495 1773 1536 Maxi*

527 1568 616 1593 mus
645 1555 687 1594 P.
719 1554 764 1595 V.
1253 1571 1257 1577 ¹

464 1610 607 1663 Crispo
635 1611 682 1650 Il.
713 1617 753 1650 et
783 1611 1014 1651 Constantio
1042 1611 1090 1651 ΙΙ.
1146 1611 1330 1651 Valerius
1348 1610 1545 1650 Maximus
1563 1610 1607 1651 P.
1632 1609 1678 1650 V.

464 1666 662 1706 Probiano
694 1673 734 1706 et
761 1667 934 1709 Juliano
988 1667 1169 1707 Valerius
1198 1667 1396 1707 Maximus
1429 1669 1469 1707 P.
1499 1667 1549 1707 V.

461 1723 608 1762 Severo
648 1729 687 1763 et
723 1723 880 1764 Rufino.
937 1723 1073 1763 Idibus
1117 1724 1390 1776 Septembris,
1431 1724 1572 1764 Lucer.
1603 1704 1773 1763 Verinus

464 1834 603 1885 Crispo
622 1835 691 1874 111.
712 1842 752 1874 et
772 1835 1030 1875 Constantino
1046 1835 1111 1874 III.
1142 1836 1283 1874 Lucer.
1302 1835 1472 1874 Verinus
1492 1837 1536 1875 P.
1555 1835 1600 1874 V.

465 1890 632 1930 Paulino
663 1898 701 1930 et
729 1892 897 1935 Juliano.
954 1892 1090 1931 Pridie
1119 1892 1252 1930 Nonas
1281 1891 1475 1942 Januarii,
1515 1891 1666 1931 Acilius
1695 1891 1771 1930 Se-

527 1959 647 1986 verus
675 1948 718 1986 P.
748 1947 795 1987 V.

465 2003 721 2042 Constantino
740 2003 825 2045 VII.
857 2009 897 2043 et
926 2003 1158 2043 Constantio
1192 2003 1370 2043 Caesare.
1429 2003 1563 2043 [dibus
1595 2003 1771 2043 Novem-

527 2058 636 2108 bris,
665 2059 826 2098 Anicius
854 2059 1032 2099 Julianus
1059 2060 1103 2099 P.
1126 2059 1174 2102 V.

463 2115 696 2154 Constantio
725 2122 766 2155 et
793 2115 980 2157 Maximo.
1037 2116 1199 2155 Anicius
1229 2116 1409 2156 Julianus
1438 2118 1479 2156 P.
1507 2115 1556 2157 V.

461 2171 675 2210 Januarino
704 2177 744 2210 et
773 2171 895 2214 Justo.
954 2171 1120 2211 Anicius
1153 2172 1332 2211 Julianus
1362 2174 1404 2212 P.
1435 2172 1483 2212 V.

463 2227 720 2266 Constantino
747 2227 853 2267 vffl.
894 2234 932 2267 et
962 2229 1220 2268 Constantino
1249 2229 1314 2267 IV.
1363 2243 1430 2269 vn.
1459 2229 1553 2268 Idus
1585 2230 1769 2282 Septem-

529 2283 635 2333 bris,
685 2283 882 2323 Publilius
922 2284 1163 2337 Optatianus
1199 2285 1246 2324 P.
1286 2285 1333 2327 V.
1373 2285 1456 2325 dies
1494 2299 1611 2325 xxx1.
1667 2286 1768 2326 ltem

529 2353 617 2379 vm.
647 2339 741 2379 Idus
770 2339 980 2389 Octobris,
1010 2341 1220 2381 Petronius
1248 2341 1470 2381 Probianus
1503 2343 1546 2383 P.
1580 2341 1629 2381 V.

464 2394 672 2435 Gallicano
703 2402 743 2436 et
771 2397 1023 2449 Symmacho.
1081 2397 1289 2438 Petronius
1315 2398 1541 2437 Probianus
1569 2398 1612 2437 P.
1643 2397 1688 2437 V.

461 2451 581 2491 Basso
612 2459 651 2492 et
679 2452 859 2493 Ablavio.
918 2454 1048 2493 Pridie
1076 2455 1174 2494 Idus
1213 2454 1386 2507 Aprilis,
1432 2454 1596 2494 Anicius
1625 2454 1765 2494 Pauli-

526 2521 600 2547 nus
629 2509 670 2550 P.
701 2509 748 2550 V.

462 2564 675 2604 Pacatiano
707 2571 747 2605 et
773 2566 989 2607 Hilariano.
1048 2566 1209 2606 Anicius
1237 2567 1424 2606 Paulinus
1450 2567 1493 2606 P.
1525 2566 1569 2605 V.

460 2620 653 2660 Dalmatio
691 2628 730 2662 et
765 2623 952 2662 zenofilo.
1011 2624 1186 2676 Septimo
1225 2623 1318 2663 Idus
1357 2623 1530 2676 Aprilis,
1569 2621 1764 2662 Publilius

526 2677 762 2729 optatianus
793 2680 835 2718 P.
867 2679 914 2721 V.
972 2679 1075 2720 Item
1114 2680 1155 2719 in
1199 2680 1283 2719 dies
1322 2693 1455 2720 xxxn.
1512 2680 1612 2719 [tem
1650 2685 1785 2735 sexto·

525 2733 618 2773 Idus
645 2734 790 2786 Maias,
824 2734 1007 2775 Ceionius
1034 2736 1213 2776 Julianus
1241 2735 1454 2776 Kamenius
1482 2736 1524 2775 P.
1558 2736 1604 2775 V.

459 2788 608 2842 Optato
638 2797 678 2831 et
702 2791 880 2833 Paulino.
918 2805 957 2831 v.
987 2793 1186 2833 Kalendas
1215 2793 1331 2843 Maii,
1370 2792 1533 2833 Anicius
1573 2792 1762 2833 Paulinus
