1820 3276
460 218 520 263 IN
555 217 885 263 CHRONICON
915 216 1204 262 PASCHALE.
1483 216 1584 263 387

233 331 326 380 Pag.
357 328 451 372 550.
483 331 523 372 6.
581 320 800 382 Δομέτιος]
831 328 1046 381 Nicephor.
1073 328 1141 368 lib.
1163 342 1206 368 x.
1236 341 1323 380 cap.
1352 339 1410 368 rx.

232 389 326 436 Pag-
356 387 453 430 550.
484 388 523 428 8.
583 384 873 439 Κυρεστικῶν]
926 388 1141 440 Κυρεστῶν
1177 381 1331 440 χώρας,
1370 397 1475 436 quae
1503 397 1585 423 nou

117 442 195 482 alia
223 449 309 488 est,
347 442 529 483 meminit
557 441 794 483 Theodorit.
833 443 903 483 lib.
933 456 990 484 tv.
1027 456 1117 496 cap.
1144 456 1298 482 xxvnr.
1346 441 1413 480 ubi
1453 441 1503 480 de
1543 441 1584 482 S.

115 500 199 539 Ace
229 513 335 538 sena.

200 513 326 607 pPag.
356 555 452 598 550.
482 558 551 599 20.
613 551 751 611 Τούτῳ
775 557 832 612 τῷ
861 554 964 609 ἔτει]
1009 556 1123 605 Quae
1160 553 1352 606 deinceps
1394 552 1462 592 hie
1490 566 1584 592 nar-
1615 558 1645 594 P
1669 558 1740 596 565

116 620 264 659 rantur
286 614 336 652 de
356 613 501 652 Juliani
521 612 641 653 caede
662 619 852 666 excerpta
881 619 976 651 sunt
1000 626 1051 651 ex
1071 612 1234 651 Joannis
1251 611 1417 650 Malalae
1438 610 1591 649 Antio-

102 670 238 714 *cheni
263 670 482 719 Chronico,
512 682 562 708 ex
583 683 663 721 quo
682 668 808 708 hoece
838 668 1104 719 fragmentum
1126 669 1352 721 publicavit
1375 667 1589 707 Eduardus

117 729 290 780 Bysseus
321 727 495 778 Anglus:
535 727 651 778 cujus
693 726 858 778 quidem
883 725 1070 765 Chronici
1114 726 1299 765 editionis
1332 738 1442 776 spem
1472 724 1590 762 nobis

118 785 269 824 fecerat
286 785 329 823 in
345 784 460 822 Notis
490 782 543 822 ad
563 783 692 823 Nicol.
717 784 916 835 Uptonum
945 796 1036 836 pag.
1057 783 1127 826 75.
1186 781 1309 830 Quod
1327 795 1425 821 vero
1445 781 1590 820 Malala

117 847 275 887 narrat,
306 841 349 879 id
374 854 416 879 se
442 839 623 879 hausisse
650 839 864 892 profitetur
890 853 941 879 ex
974 838 1177 878 Chronico
1203 837 1446 890 Eutychiani
1476 839 1591 890 Cap-

117 897 308 952 padocis,
338 897 406 949 qui
436 902 523 934 tum
546 896 658 935 miles
684 902 724 935 et
750 895 932 935 Vicariua
957 896 1121 936 Numeri
1147 895 1329 934 militaria
1364 895 1591 934 Primorum

118 954 296 994 merebat
322 954 364 992 in
385 954 526 992 castris
543 953 710 1002 Julianiss:
741 967 792 994 ex
815 966 896 1006 quo
920 953 1144 1005 fragmento
1164 953 1367 992 variantes
1386 951 1592 990 Lectiones

117 1011 187 1052 hic
208 1011 381 1050 subinde
404 1010 703 1064 adscripsimus.

230 1071 324 1119 Pag.
355 1068 450 1111 551.
482 1071 519 1109 1.
582 1063 749 1108 Τπάτου
777 1065 936 1119 σχῆμα]
965 1065 1139 1114 Malala,
1165 1062 1432 1116 ἐνδεδυμένον
1454 1059 1593 1116 ζάβαν.

237 1128 331 1175 Pag.
363 1123 457 1168 551.
489 1126 530 1167 3.
590 1122 742 1179 Ραδίᾳ]
774 1123 833 1162 Ita
866 1123 946 1162 hoc
975 1124 1065 1162 loco
1085 1122 1263 1175 praefert
1282 1120 1380 1160 eod.
1406 1120 1591 1158 Vatican.

59 1225 62 1228 ,
119 1182 226 1222 Infra
245 1195 344 1221 vero
367 1181 537 1236 Ρασσίᾳ,
567 1181 639 1219 ubi
659 1179 874 1232 utrobique
892 1180 1070 1231 Scaliger
1094 1185 1133 1217 et
1151 1178 1332 1217 Raderus
1354 1178 1482 1233 Ραδίᾳ
1498 1176 1593 1215 edi-

121 1240 280 1279 derunt.
338 1238 417 1277 Sed
459 1237 511 1275 ad
543 1237 773 1291 Lectionem
809 1237 969 1275 Codicis
1005 1235 1187 1276 Vaticani
1231 1234 1402 1288 propius
1438 1233 1595 1272 accedit

120 1297 286 1337 Malala:
325 1298 389 1335 Ev
417 1291 534 1335 πόλει
557 1293 749 1349 λεγομένῃ
777 1294 909 1349 Ασὶᾳ,
941 1291 1012 1334 καὶ
1038 1287 1271 1344 κρούσαντα
1304 1287 1428 1331 αὕτόν
1453 1286 1594 1346 λόγχῃ·

120 1353 190 1395 καὶ
209 1351 406 1404 πτοηθεὶς
424 1351 674 1403 ἐξυπνίσθη,
706 1345 877 1403 κράξας,
907 1356 986 1389 etc.
1043 1350 1220 1387 Zonaras
1243 1347 1364 1387 habet
1395 1348 1567 1402 Φρυγίᾳ.

238 1412 332 1459 Pag.
361 1407 458 1451 551.
486 1409 527 1452 5.
588 1406 672 1448 Καὶ
696 1406 906 1459 εἰσῆλθον]
939 1406 1030 1446 Mal.
1052 1402 1316 1453 εἰσελθόντος.

237 1468 330 1517 Pag.
360 1464 456 1508 551.
486 1466 526 1506 6.
584 1460 705 1505 Μετοῖ
740 1460 965 1516 λαμπάδων
991 1460 1252 1513 Βασιλικῶν]
1311 1459 1414 1500 Vide
1456 1463 1596 1498 notata

122 1523 174 1563 ad
201 1536 291 1577 pag.
321 1524 417 1564 327.
447 1521 492 1560 B.

238 1583 330 1630 Pag.
361 1579 457 1621 551.
486 1579 528 1619 7.
587 1573 794 1630 Σφαγήν]
839 1575 1007 1626 Malala,
1048 1572 1252 1629 σφαγέντα
1281 1569 1383 1613 nato?
1418 1574 1493 1624 τῆς
1526 1586 1598 1624 μα-

122 1634 283 1690 σχάλης.
353 1635 422 1674 Per
457 1635 525 1674 ilia
561 1636 656 1673 ictus
687 1635 860 1683 sanguine
898 1637 1002 1671 tenus
1018 1662 1032 1683 ,
1080 1630 1190 1684 apud
1228 1630 1391 1670 Festum
1432 1628 1598 1668 Rufum.

122 1695 227 1735 Vide
255 1694 411 1732 Socrat.
436 1691 504 1731 lib.
528 1706 595 1730 111.
624 1704 714 1743 cap.
734 1703 822 1729 xxr.
1668 1725 1673 1731 .

241 1753 335 1801 Pag.
364 1749 462 1793 551.
490 1751 530 1793 9.
590 1747 675 1788 Καὶ
700 1743 838 1798 εἶπεν]
868 1745 1034 1784 Malalaz
1052 1743 1122 1786 καὶ
1144 1740 1261 1785 εἷπον
1282 1738 1391 1799 αὐτῷ
1406 1739 1469 1784 ὅτι
1487 1741 1599 1782 Ασία

123 1805 167 1850 λέ
193 1822 290 1848 εται.

167 1823 190 1863 y
242 1866 335 1914 Pag.
365 1860 460 1906 551.
492 1863 558 1903 10.
617 1855 652 1901 οἳ
670 1855 794 1912 ἥλιε]
822 1857 883 1896 Ita
904 1857 1022 1896 etiam
1049 1857 1237 1897 Zonaras.
1294 1855 1398 1898 vide
1419 1852 1601 1894 Gottho-

126 1921 286 1962 fredum
310 1919 361 1959 ad
381 1918 620 1969 Philostorg.
638 1916 708 1956 lib.
729 1929 803 1955 vn.
830 1928 917 1967 cap.
936 1926 1009 1954 xv.

244 1980 338 2028 Pag.
367 1977 464 2019 551.
497 1977 564 2018 11.
622 1972 741 2027 Ωρα]
782 1971 946 2011 Malala=
987 1966 1100 2024 ὥραν
1133 1965 1374 2024 νυκτερινὴν
1401 1965 1602 2021 πέμπτην,

128 2034 243 2083 ἔτους
259 2030 364 2075 κατοῖ
386 2027 626 2084 Αντιόχειαν
647 2029 956 2083 χρηματίζοντος
978 2022 1074 2068 υια’.

244 2093 338 2142 Pag.
368 2087 463 2131 551.
496 2090 564 2131 14.
619 2084 785 2140 Αξίαν]
830 2084 956 2124 Addit
984 2082 1150 2133 Malala,
1179 2080 1358 2135 ἔχοντος,
1385 2078 1457 2124 καὶ
1475 2075 1598 2134 ἆγνο-
1621 2080 1653 2117 V
1675 2077 1747 2118 494

128 2151 255 2191 οὗν-ια
278 2145 434 2201 ἤγαγον
466 2139 601 2186 αὐτόν.

245 2207 340 2255 Pag.
369 2202 465 2245 551.
498 2205 562 2244 17.
622 2197 891 2252 Συνέχοντες]
922 2195 1092 2244 Malala,
1120 2188 1346 2246 συσχόντες.

246 2263 342 2311 Pag.
371 2257 467 2301 551.
499 2259 564 2299 18.
624 2253 713 2311 Πρὸ
743 2251 788 2302 ς’.
809 2254 1035 2295 Καλανδῶν
1053 2250 1247 2300 lovum]
1279 2249 1339 2289 lta
1368 2247 1602 2289 Ammianus

129 2318 201 2359 lib.
228 2331 300 2357 xv.
330 2317 511 2355 Socrates
533 2312 602 2353 lib.
623 2327 686 2350 ιιι.
709 2326 796 2364 cap.
816 2324 935 2349 xvm.
965 2307 1184 2360 Eutropius
1204 2306 1271 2346 lib.
1293 2319 1334 2346 x.
1365 2304 1542 2356 Idatius,
1563 2311 1603 2344 et

130 2375 223 2416 alii:
252 2386 466 2428 perperam
488 2383 587 2410 vero
606 2382 662 2411 vr.
687 2369 778 2408 Kal.
799 2367 923 2405 Maias
951 2365 1124 2415 Farrago
1146 2361 1430 2402 Alexandrina.

248 2434 341 2482 Pag.
371 2429 468 2472 551.
500 2430 565 2470 19.
623 2421 887 2477 Διαφαῦσαι]
919 2421 1082 2461 Editum
1101 2426 1185 2459 erat
1206 2421 1472 2470 διασαφοῑσαι.
1521 2417 1603 2457 Sed.

131 2502 226 2528 cum
249 2488 454 2539 Interpres
483 2484 691 2532 vertisset,
716 2484 927 2536 pruisquam
953 2479 1188 2527 dilumlaret,
1215 2477 1273 2515 ita
1291 2489 1344 2515 ex
1370 2475 1470 2514 eod.
1490 2474 1604 2513 Vati-

132 2559 235 2585 cano
281 2542 600 2585 emendavimus:
642 2553 734 2579 cum
774 2543 983 2591 praeterea
1012 2534 1114 2574 Eaec
1135 2547 1219 2573 vox
1252 2531 1355 2575 nihil
1389 2537 1531 2581 sonet,
1562 2536 1603 2569 et

135 2602 279 2642 Malala
299 2599 528 2653 scripserit,
558 2610 635 2652 pro
653 2598 729 2637 τοῦ
743 2590 981 2646 διαφαύσει,
1013 2604 1083 2630 seu
1099 2590 1236 2643 potina
1254 2590 1479 2639 διαφαῦσαι
1494 2617 1506 2637 ,
1535 2586 1604 2626 vel

138 2665 245 2699 certe
276 2652 591 2707 διαφοσκούσαι,
628 2653 678 2693 de
706 2666 787 2706 qua
811 2657 1013 2705 postrema
1040 2660 1142 2687 voce
1169 2647 1251 2705 agit
1277 2645 1536 2684 casaubonus
1559 2643 1603 2682 in

128 2715 314 2756 exercit.
340 2715 485 2754 Baron.
502 2725 590 2765 pag.
614 2710 710 2754 675.

251 2772 348 2811 Ibid.
406 2773 466 2811 Ον
494 2766 576 2822 εἰς]
605 2767 768 2807 Malaia:
796 2763 876 2806 ἐπί.
1364 2796 1373 2805 ,

256 2831 349 2879 Pag.
379 2828 473 2871 551.
501 2829 569 2870 21.
627 2827 748 2866 Ετῶν
773 2816 861 2872 λς’.]
891 2818 1054 2858 Malala:
1085 2813 1146 2857 div
1168 2814 1363 2857 ἐνιαυτοῖν
1378 2807 1447 2867 λγ’.
1477 2811 1604 2851 Natus

141 2897 266 2938 porro
279 2882 623 2936 legitur-»Julianus
642 2895 698 2921 vr.
720 2877 934 2920 Novembr.
961 2888 1027 2915 an.
1051 2873 1145 2914 Chr.
1172 2883 1376 2913 cccxxxn.
1396 2874 1446 2911 ut
1473 2874 1534 2911 eat
1562 2867 1606 2908 in
