1820 3276
478 207 537 249 IN
572 204 902 250 CHRONICON
935 205 1223 250 PASCHALE.
1489 204 1587 252 471

116 330 191 369 σης
218 314 391 371 ηπείρου
424 314 495 356 καὶ
524 314 734 367 θαλάσσης
773 313 910 383 ἐχωρει
938 313 1195 371 διεφθάρθαι
1221 332 1294 358 τον
1320 315 1490 358 Βασιλέα
1516 315 1590 366 τυὲς

115 373 289 428 φρένας,
338 369 510 414 κατόπιν
553 372 599 413 δὲ
635 373 703 414 καὶ
739 370 922 420 θάνατος
960 374 1103 414 εἵπετο.
1168 373 1347 413 Meminit
1382 381 1590 427 praeterea

114 431 222 470 idem
249 431 457 483 Scriptor,
488 435 534 468 ut
565 436 604 469 et
632 429 712 468 hoc
743 430 873 468 obiter
903 429 1109 480 adnotem,
1146 445 1186 470 n.
1217 444 1412 471 mxxxlx.
1442 432 1588 470 Justim

113 488 238 536 filiae,
289 499 410 539 quam
449 486 552 524 idem
591 488 764 538 Symeon
803 502 825 525 a
865 487 1073 525 daemonio
1113 487 1359 529 liberaverit.
1429 488 1588 528 Recitat

114 545 256 582 deinde
287 544 391 583 idem
420 542 684 595 Theophanes
715 544 867 595 aliquot
895 542 1164 595 phraeneseos
1192 544 1336 583 Justini
1366 556 1588 596 argumen-

112 607 177 649 ta,
206 613 335 653 neque
361 607 491 638 tamen
522 600 601 639 hoc
631 608 799 653 coeptae
828 599 1114 639 invaletudinis
1144 615 1248 640 anno
1279 601 1487 640 Caesarem
1517 602 1588 641 'ri-

110 632 263 696 bei-ium
299 657 571 697 renuntiatum
610 659 693 707 ait,
744 658 814 696 sed
860 670 964 695 anno
1003 657 1161 696 demum
1191 671 1233 698 x,
1276 661 1350 711 τῆς
1383 655 1511 699 νόσου
1552 654 1587 699 δ’

111 709 224 770 αὐτῷ
253 714 532 766 ἐπιτιθεμένης
560 715 665 763 λίαν,
697 730 750 762 ως
779 713 874 760 ε’πος
905 714 1045 764 εἰπεῖν,
1076 717 1287 767 γεννικῶς,
1318 715 1451 767 inquit
1478 714 1586 754 idem

110 757 340 809 Simocatta.
398 771 572 810 Proinde
607 771 662 809 ila
700 770 895 822 capienda
934 778 1028 809 sunt
1057 770 1245 810 Chronici
1274 773 1420 822 verba,
1466 772 1582 810 utin

108 828 293 867 morbum
323 828 543 876 sonticum,
574 841 643 865 seu
672 827 715 865 in
750 826 1009 879 phiaenesin,
1041 828 1106 866 vel
1131 831 1346 878 amentiam,
1375 835 1421 867 ut
1450 829 1585 880 loqui-

107 891 177 924 tur
208 885 355 923 Paulus
385 884 684 934 warnefridus,
728 891 811 922 tum
845 886 1017 936 primum
1048 884 1236 923 inciderit
1263 898 1335 923 vn.
1374 885 1439 923 die
1469 899 1583 923 men-

107 940 161 980 sis
190 941 454 994 Septembris,
487 942 553 980 vel
582 948 628 980 ut
657 941 748 979 vult
782 940 1067 992 Theophanes,
1107 941 1173 980 die
1206 955 1259 980 v1.
1293 941 1505 991 Octobris,
1537 956 1583 981 ac

105 998 362 1050 postmodum
393 999 599 1037 Caesarem
629 998 919 1037 renuntiaverit
949 998 1178 1049 Tiberium,
1214 997 1284 1049 qui
1311 997 1416 1037 hanc
1441 999 1582 1049 digni-

103 1061 227 1094 tatem
255 1056 395 1094 eodem
424 1055 581 1094 justino
611 1056 827 1107 superstite
857 1068 930 1106 per
957 1068 1084 1094 annos
1115 1069 1171 1094 ιν.
1202 1055 1435 1095 obtinuerit.
1495 1056 1580 1093 Un-

104 1111 155 1151 de
184 1125 276 1150 cum
306 1112 485 1151 Justinus
515 1111 662 1151 obierit
690 1125 728 1150 v.
758 1112 822 1150 die
850 1112 997 1150 mensis
1028 1112 1190 1151 Octobr.
1221 1112 1366 1151 indict.
1396 1125 1472 1151 111.
1503 1124 1582 1150 an-

102 1182 157 1207 no
197 1182 401 1207 anxv111.
440 1170 624 1221 sequitur
663 1169 862 1207 Tiberium
904 1169 1108 1208 Caesarem
1149 1168 1272 1208 fuisse
1310 1169 1581 1208 renuntiatum

103 1225 190 1265 lud.
219 1237 305 1265 vm.
337 1226 411 1264 sub
452 1239 623 1264 mensem
656 1225 908 1264 Decembrem
941 1230 1047 1264 anno‘
1080 1239 1250 1266 nhxnv.
1310 1226 1477 1278 imperii·
1501 1227 1580 1264 Ju-

102 1283 195 1321 stini
224 1295 283 1322 1x.
313 1296 391 1321 non
422 1295 520 1321 vero
550 1296 589 1321 X.
619 1289 740 1334 prout
770 1288 889 1335 putat
918 1282 1207 1335 Theophanes,
1253 1295 1345 1321 cum
1384 1283 1582 1334 imperare

101 1339 281 1392 coeperit
308 1352 394 1380 inv.
424 1339 616 1377 Novemb.
646 1352 750 1378 anno
779 1353 902 1379 anv.
961 1342 1019 1378 Ac
1057 1339 1255 1391 siquidem
1285 1339 1465 1378 Tiberius
1507 1352 1580 1391 per

100 1408 156 1435 1v.
201 1407 326 1434 annos
367 1398 515 1435 Caesar
553 1396 692 1441 fuerit,
737 1410 795 1434 1x.
834 1409 962 1434 annus
997 1397 1141 1434 Justini
1170 1396 1350 1448 coeperit
1377 1409 1464 1436 xlv.
1495 1397 1580 1435 No—

100 1452 232 1492 vemb.
264 1453 405 1491 indict.
435 1466 493 1491 rx.
528 1452 701 1504 proinde
733 1453 961 1491 Caesaream
988 1453 1220 1502 dignitatem
1251 1453 1427 1492 obtinuit
1454 1453 1578 1491 Tibe-

99 1509 184 1548 rius
221 1520 353 1548 mense
394 1509 622 1559 Decembri,
663 1509 737 1547 hac
774 1510 912 1548 eadem
948 1510 1193 1557 indictione,
1229 1516 1274 1548 ut
1302 1516 1419 1548 notat
1446 1509 1578 1548 Simo-

99 1572 214 1605 catta.
273 1567 418 1605 Scribit
445 1567 616 1605 loannes
646 1567 896 1605 Biclariensis
926 1568 998 1605 sub
1029 1581 1120 1605 ann.
1149 1579 1236 1604 v-111.
1267 1567 1431 1614 Justini‚
1467 1568 1578 1615 hujus

103 1623 240 1662 Tiberii·
267 1624 434 1663 Caesaris
463 1625 520 1662 die
547 1626 688 1675 prima,
717 1626 757 1661 in
783 1625 908 1674 Regia
936 1625 1021 1662 urbe
1046 1624 1266 1674 inguinalem
1292 1624 1444 1676 plagam
1472 1624 1578 1661 seda-

98 1684 172 1719 tam
200 1694 282 1719 esse.
342 1680 421 1719 Sed
451 1693 542 1718 cum
571 1680 651 1718 iuis
679 1681 795 1718 istius
820 1681 954 1730 nulla,
986 1681 1096 1732 quod
1127 1682 1274 1729 sciam,
1305 1681 1456 1719 mentio
1487 1693 1578 1731 aga-

98 1744 166 1775 tur
195 1737 304 1788 apud
338 1737 587 1789 Scriptores,
629 1737 755 1775 multo
784 1738 918 1776 minus
948 1737 1106 1776 sedatae
1137 1736 1332 1789 postridie
1364 1738 1575 1776 Caesareae

98 1793 299 1845 dignitatis
338 1793 499 1832 Tiberio
539 1794 730 1843 collatae,
778 1795 939 1846 quando
979 1795 1046 1833 ille
1085 1794 1228 1832 Caesar
1268 1794 1402 1833 dietus
1440 1794 1575 1842 suerit,

98 1864 150 1889 ex
184 1850 265 1888 hoc
303 1851 395 1888 loco
435 1850 573 1902 colligi
614 1864 697 1888 non
732 1857 877 1903 potest.
936 1851 1017 1890 Sed
1055 1857 1095 1890 et
1124 1864 1253 1903 neque
1280 1851 1432 1903 pariter
1468 1857 1575 1889 errat

96 1909 253 1945 Auctor
282 1905 470 1946 Cbronici
499 1908 542 1945 in
577 1907 690 1946 annis
718 1907 884 1956 Justini‚
914 1922 1016 1960 quos
1053 1908 1088 1946 is
1127 1921 1283 1960 semper
1316 1908 1408 1946 iniit
1445 1921 1466 1945 a
1499 1921 1573 1945 suo

97 1964 338 2013 Consulatu,
385 1971 431 2003 ut
471 1977 520 2002 ex
551 1965 729 2029 Corippo
758 1965 1046 2015 indicavimus,
1085 1971 1125 2003 et
1154 1979 1206 2003 ex
1235 1964 1362 2003 Fastis
1392 1964 1577 2002 omnibus

95 2021 244 2072 liquet,
288 2034 369 2060 non
408 2035 505 2060 vero
544 2020 594 2059 ab
630 2021 732 2060 inito
769 2022 902 2061 statim
940 2021 1126 2074 imperio.
1186 2022 1435 2060 Praeclaram
1461 2021 1573 2058 iilius

95 2078 333 2130 paraenesin
371 2078 420 2116 ad
464 2077 666 2117 Tiberium
713 2078 762 2116 de
802 2079 977 2131 imperio
1027 2079 1200 2142 legitime
1245 2077 1572 2126 administrando,

95 2141 191 2187 post
229 2133 362 2173 datam
395 2136 626 2174 Caesaream
658 2135 909 2185 dignitatem,
957 2137 1062 2185 Evag
1044 2135 1150 2173 orius
1180 2135 1249 2173 lib.
1279 2148 1320 2174 v.
1355 2147 1444 2185 cap.
1476 2147 1569 2175 xm.

96 2198 136 2230 et
165 2191 403 2231 simocatta:
444 2190 711 2243 Theophanes
739 2205 835 2231 vero
867 2199 907 2230 et
936 2192 1156 2240 cedrenus,
1187 2204 1278 2230 cum
1309 2191 1449 2243 paullo
1479 2196 1572 2229 ante

95 2248 248 2287 obitum
281 2248 571 2299 imperatorem
602 2249 875 2298 renunciavit,
905 2249 1055 2286 dictam
1077 2248 1270 2286 scribunt.

210 2304 306 2354 Pag.
337 2307 431 2346 689-
462 2308 501 2346 7.
565 2304 776 2357 Τιβέριον]
816 2306 917 2343 Tum
949 2305 1144 2343 Comitem
1179 2302 1492 2353 Excubstorum,
1524 2300 1579 2340 ut'

97 2367 158 2400 est
187 2361 297 2412 apud
326 2359 609 2412 Theophanem
641 2368 680 2399 et
710 2362 833 2411 alios,
876 2375 947 2400 seu
981 2368 1027 2399 ut
1066 2361 1188 2400 habet
1225 2360 1454 2399 Chronicon
1489 2359 1569 2397 MS.

96 2418 144 2456 ab
176 2417 331 2456 Adamo
361 2417 413 2455 ad
441 2418 613 2456 Leonem
642 2419 890 2469 Sapientem,
931 2414 1097 2471 Κὸμητα
1123 2421 1206 2459 τῶν
1236 2413 1568 2467 Εξκουσατόρων,

94 2480 141 2513 ut
180 2474 298 2513 iidem
342 2475 490 2512 suerint
530 2474 792 2514 Excubitores
830 2481 872 2513 et
909 2475 1124 2514 Excusati:
1167 2475 1216 2514 de
1255 2484 1334 2526 qua
1368 2479 1566 2526 postrema

95 2544 196 2570 voce
226 2531 421 2581 quaedam
453 2531 655 2582 attigimus
684 2532 723 2569 in
753 2532 868 2570 Notis
900 2532 952 2571 ad
978 2530 1208 2571 Alexiadem
1238 2531 1450 2570 Annaeam.

209 2586 304 2626 Ibid.
367 2584 663 2639 Μετονομᾶσας
689 2584 814 2629 αὐτόν
838 2589 1161 2640 Κωνσταντῖνον]
1193 2587 1288 2626 inde
1317 2585 1466 2624 Tiberii
1496 2596 1567 2622 no-

97 2643 193 2682 mini
224 2644 474 2683 Constantini
502 2658 645 2683 nomen
675 2644 750 2683 sibi
778 2645 988 2697 adjunxit,
1016 2651 1063 2683 ut
1089 2658 1139 2683 ex
1167 2641 1499 2695 inscriptionibus
1529 2646 1565 2678 et

99 2713 152 2738 ex
177 2699 304 2764 ipsius
334 2701 506 2740 nummis
534 2701 644 2753 apud
673 2702 910 2753 Gregorium
937 2703 1090 2741 Turon.
1117 2701 1187 2739 lib.
1201 2714 1256 2739 VI.
1280 2699 1386 2738 Hist.
1413 2709 1502 2749 cap.
1520 2710 1566 2739 11.

100 2762 141 2794 et
175 2756 224 2795 iis
263 2770 366 2808 quos
400 2757 590 2797 delineari
630 2759 860 2798 curavimus
898 2759 943 2798 in
983 2758 1158 2797 Familiis
1200 2758 1368 2808 Byzant.
1404 2752 1564 2792 abunde

98 2811 233 2864 colligi
274 2819 422 2866 potest.
478 2814 681 2854 cedrenus
716 2828 821 2854 anuo
848 2827 906 2855 iv.
944 2821 1031 2853 tum
1069 2814 1239 2866 primum
1267 2811 1310 2850 in
1339 2810 1453 2849 Actis
1482 2823 1564 2862 pu-

98 2868 217 2908 blicis
246 2877 287 2909 et
315 2871 357 2909 in
385 2871 654 2911 contractibus
682 2872 902 2923 Tiberium,
930 2870 1233 2910 Constantinum
1262 2866 1456 2922 appellari
1475 2877 1569 2906 coe--
