1884 3262
335 225 399 269 60
687 216 964 259 ANALYSIS
994 214 1445 258 CHRONOLOGICA

330 332 432 371 berii
455 348 495 384 p.
525 335 621 374 217.
650 330 688 371 d.
718 331 887 382 ideoque
918 345 1062 369 annum
1094 331 1177 368 eius
1196 337 1264 374 20.
1292 333 1351 371 bis
1371 336 1555 371 numerat
1569 346 1609 383 p.
1635 328 1731 372 225.
1757 335 1798 368 et

332 391 428 432 229.
459 389 654 438 Caligulae
671 394 757 425 tum
777 394 965 436 mortem,
995 400 1095 438 quae
1116 389 1331 427 secundum
1353 388 1454 427 hanc
1474 386 1796 439 supputationem

332 444 531 482 incidebat
552 451 636 482 tum
662 444 702 481 in
722 458 824 482 anno
854 444 905 482 M.
927 443 1048 486 5547.
1074 444 1196 482 refert
1227 459 1328 483 anno
1360 445 1415 485 M.
1436 446 1557 487 5548.
1580 458 1621 495 p.
1642 444 1738 484 230.
1759 439 1795 482 b.

330 500 472 538 Indict.
503 503 540 541 8.
579 500 716 550 sicque
755 506 814 538 est
843 499 1194 538 metachronismus
1231 500 1350 552 hujus
1378 501 1469 538 anni
1504 507 1543 538 et
1569 499 1794 546 continuus,
1842 525 1846 527 >

331 557 400 594 sed
427 569 548 593 annos
577 557 724 594 Galbae
757 562 795 594 et
828 562 1084 607 tyrannorum
1118 557 1326 596 confundit
1356 571 1444 595 cum
1467 556 1607 594 ultimo
1627 553 1794 593 Neronis

332 626 459 663 usque
479 611 527 649 ad
550 612 688 651 finem:
719 613 852 664 itaque
874 612 1092 650 censendus
1118 613 1159 650 in
1183 613 1262 652 hoc
1284 613 1481 652 Chronico
1500 611 1648 650 Tiberii
1669 622 1795 649 annus

331 671 397 710 23.
426 682 505 706 non
529 672 595 711 22.
627 676 670 707 ut
692 669 778 707 dico
798 669 912 709 infra.

443 725 703 763 Existimetur
728 726 771 763 in
785 724 875 774 ,hoc
897 723 1094 763 Chronico
1115 724 1294 764 Christus
1317 732 1434 764 natus
1452 739 1555 763 anno
1587 726 1652 766 16.
1684 721 1797 773 Cycli

330 781 500 819 Lunaris
526 796 553 822 1.
582 797 623 835 p.
657 785 749 824 199.
781 797 815 822 c.
870 782 971 819 Nam
1010 782 1083 820 etsi
1120 782 1175 819 ibi
1206 783 1366 820 dubiam
1406 782 1616 820 lectionem
1645 778 1795 827 notavi,

329 836 429 876 haec
446 844 575 876 tamen
595 837 995 876 lecti0.confirn1atur
1010 852 1060 876 ex
1078 852 1123 876 eo
1158 839 1267 889 quod
1283 855 1328 891 p.
1352 838 1445 882 215.
1468 853 1501 877 c.
1523 850 1648 876 annus
1671 834 1797 873 Chri-

331 894 381 931 sti
397 898 461 936 32.
486 901 741 946 comparatur
758 907 846 932 cum
869 894 988 945 Cyclo
1016 895 1160 933 Lunari
1183 899 1220 938 9.
1252 895 1433 946 sequitur
1458 894 1561 932 enim
1589 892 1682 932 inde
1705 890 1793 943 pri-

329 964 437 989 mum
455 965 598 989 annum
621 952 845 1002 comparari
865 950 1001 988 deberi
1028 964 1117 988 cum
1138 952 1258 1002 Cyclo
1279 954 1343 993 16.
1374 965 1454 989 non
1478 951 1543 993 15.

441 1007 696 1045 Existimatur
713 1008 807 1045 item
832 1006 1011 1044 Christus
1034 1014 1147 1046 natus
1168 1008 1291 1059 Cyclo
1312 1008 1430 1045 solari
1458 1010 1521 1049 19.
1553 1018 1644 1044 nam
1667 1016 1795 1043 annus

330 1062 477 1101 Christi
497 1067 564 1106 32.
589 1071 844 1115 comparatur
873 1077 964 1101 cum
986 1064 1108 1115 Cyclo
1136 1065 1254 1103 solari
1279 1067 1345 1107 22.
1377 1061 1474 1102 ibid.
1491 1078 1532 1115 p.
1552 1065 1648 1105 216.
1664 1075 1704 1100 α.
1736 1060 1797 1098 Π-

328 1119 406 1157 lius
423 1127 553 1158 autem
579 1120 690 1171 cycli
711 1134 813 1158 anno
836 1123 902 1163 32.
925 1126 1032 1158 retro
1052 1126 1141 1158 ante
1162 1121 1238 1159 fuit
1262 1123 1326 1162 19.

441 1177 527 1214 Etsi
548 1190 626 1216 non
647 1177 886 1228 exprimitur
907 1176 949 1214 in
965 1175 1043 1213 hoc
1063 1175 1261 1215 Chronico
1286 1177 1355 1227 qui
1385 1175 1463 1213 sint
1486 1175 1578 1213 anni
1598 1171 1798 1212 Bissexti-

329 1232 409 1281 les,
441 1233 573 1283 colligi
595 1239 726 1271 tamen
746 1239 878 1283 potest
895 1246 943 1270 ex
968 1232 1156 1270 methodo
1178 1247 1257 1284 qua
1285 1233 1325 1270 in
1363 1246 1409 1270 eo
1435 1231 1558 1270 feriae
1578 1229 1798 1268 inveniun-

329 1295 414 1326 tur:
453 1303 545 1327 nam
577 1303 679 1327 anno
708 1290 821 1340 cujus
851 1289 949 1326 feria
979 1289 1214 1339 indagatur,
1250 1295 1313 1327 tot
1341 1288 1545 1326 adduntur
1581 1287 1666 1325 dies
1696 1291 1796 1336 quot

326 1344 505 1383 Bissexta
537 1346 796 1393 transierunt,
841 1345 949 1395 quod
986 1351 1157 1383 vocatur
1193 1350 1334 1396 quarta
1362 1358 1456 1396 pars
1490 1343 1583 1382 anni
1610 1341 1794 1394 quaesiti.

328 1401 427 1438 Cum
445 1402 567 1451 igitur
586 1402 632 1438 ab
652 1396 720 1439 illo
746 1415 848 1438 anno
872 1407 1012 1452 quarta
1038 1407 1150 1451 parte
1179 1407 1317 1439 exacta
1347 1400 1469 1438 eximi
1487 1405 1644 1451 potest,
1672 1398 1730 1436 sic
1749 1402 1795 1436 ut

325 1457 461 1495 nullus
490 1470 678 1496 numerus
705 1457 898 1509 supersit,
938 1457 1052 1509 cujus
1079 1464 1222 1508 quarta
1250 1471 1342 1509 pars
1374 1456 1520 1495 deduci
1541 1469 1620 1494 non
1649 1459 1792 1506 potest,

325 1513 397 1550 illo
421 1528 522 1551 anno
543 1514 770 1552 Bissextum
792 1519 869 1563 est,
896 1519 941 1551 ut
962 1513 1004 1551 in
1026 1527 1128 1552 anno
1149 1514 1240 1552 Chr.
1262 1517 1328 1555 31.
1360 1513 1428 1564 qui
1451 1519 1509 1551 est
1527 1525 1653 1550 annus
1673 1523 1794 1548 mun-

324 1569 366 1607 di
384 1569 508 1612 5536.
541 1576 680 1621 quarta
711 1584 804 1622 pars
834 1570 942 1607 illius
971 1570 1125 1608 numeri
1145 1571 1266 1613 5536,
1289 1576 1347 1607 est
1377 1568 1498 1611 1384,
1530 1582 1630 1620 quae
1649 1573 1708 1605 est
1724 1568 1795 1604 in..

323 1632 431 1676 tegra
462 1632 501 1664 et
522 1627 647 1664 solida
672 1640 763 1677 pars
787 1632 927 1677 quarta
957 1625 1064 1663 illius
1086 1628 1239 1664 numeri
1261 1627 1383 1668 5536.
1443 1626 1498 1663 De
1519 1638 1564 1663 eo
1586 1623 1690 1663 enim
1709 1636 1794 1660 nu-

323 1696 432 1719 mero
463 1683 586 1724 5536.
622 1682 720 1720 nihil
753 1683 923 1734 amplius
963 1682 1222 1721 dividendum
1260 1686 1465 1733 superest,
1516 1681 1587 1719 sed
1618 1685 1794 1732 quatuor

322 1738 477 1776 numeri
513 1740 633 1781 1384.
663 1739 880 1776 conficiunt
913 1744 1048 1776 exacte
1073 1739 1188 1777 illum
1220 1751 1429 1776 numerum
1463 1737 1585 1780 5536.
1654 1736 1793 1786 Itaque

321 1794 390 1832 ille
428 1808 554 1832 annus
592 1795 862 1847 proculdubio
898 1795 1118 1833 Bissextilis
1162 1802 1233 1833 est.
1301 1794 1465 1842 Quoties
1505 1807 1603 1831 vero
1639 1793 1794 1841 integra

324 1855 464 1901 quarta
483 1865 574 1901 pars
603 1851 692 1889 anni
723 1851 890 1902 quaesiti
919 1851 1038 1889 eximi
1063 1852 1224 1902 nequit,
1255 1857 1294 1890 et
1319 1851 1368 1888 de
1395 1850 1464 1887 illo
1493 1864 1596 1887 anno
1615 1849 1794 1900 quaesito

324 1907 468 1958 aliquis
488 1921 674 1946 numerus
694 1915 876 1959 superest
890 1935 899 1951 ‚
933 1908 1001 1957 qui
1019 1908 1058 1945 in
1080 1915 1251 1958 quatuor
1269 1907 1393 1945 dividi
1417 1920 1496 1944 non
1514 1912 1666 1958 potest,
1696 1911 1793 1943 tunc

322 1963 391 2001 ille
417 1977 541 2002 annus
573 1978 653 2002 non
689 1970 746 2001 est
778 1964 1020 2012 Bissextilis‚
1067 1970 1107 2002 et
1138 1977 1326 2002 numerus
1360 1962 1612 2001 indivisibilis
1643 1961 1795 2000 indicat

325 2026 472 2070 quotus
499 2021 567 2059 ille
596 2034 721 2059 annus
749 2021 798 2058 sit
828 2035 848 2058 a
868 2020 1073 2068 Bissext03
1112 2021 1143 2058 si
1171 2021 1273 2058 enim
1300 2026 1481 2072 superest
1499 2013 1642 2067 unum,
1676 2017 1794 2056 datur

324 2075 487 2125 intelligi
514 2077 626 2115 illum
656 2089 800 2114 annum
829 2076 1002 2128 primum
1035 2089 1119 2115 esse
1149 2091 1171 2114 a
1200 2077 1404 2124 Bissexto,
1431 2075 1510 2113 hoc
1529 2081 1588 2114 est
1607 2074 1794 2126 proxime

202 2141 231 2174 P
256 2140 301 2177 43
325 2139 554 2183 sequentem
577 2134 819 2182 ssissextum,
851 2135 884 2170 si
903 2134 982 2171 duo
1009 2141 1240 2184 supersunt,
1272 2147 1356 2172 esse
1380 2132 1622 2180 secundum,
1653 2131 1687 2168 si
1703 2130 1791 2180 tria,

324 2190 486 2227 tertium
499 2221 509 2238 ‚
530 2203 738 2240 <nunquam
758 2203 852 2228 vero
874 2196 1047 2240 quatuor
1066 2196 1299 2241 supersunt,
1331 2189 1422 2240 quia
1442 2195 1612 2239 quatuor
1629 2188 1673 2226 in
1692 2201 1793 2239 qua-

325 2251 418 2283 tuor
436 2259 507 2296 per
527 2247 719 2284 unitatem
737 2246 863 2284 dividi
882 2252 1073 2297 possunt,
1103 2251 1281 2297 tuncque
1302 2252 1360 2283 est
1378 2246 1614 2284 Bissextum.
1672 2243 1792 2283 Verbi

324 2301 449 2351 gratia
470 2309 563 2352 post
579 2303 692 2340 illum
711 2316 855 2340 annum
877 2303 998 2344 5536.
1032 2302 1100 2353 qui
1122 2309 1180 2340 est
1199 2302 1432 2348 Bissextilis,
1461 2300 1642 2352 sequitur
1665 2314 1791 2339 annus

323 2357 465 2395 mundi
486 2358 608 2401 5537.
640 2359 754 2410 cujus
773 2362 914 2410 quarta
934 2372 1026 2410 pars
1049 2367 1107 2397 est
1125 2359 1219 2397 item
1240 2357 1361 2400 1384.
1391 2365 1434 2396 ut
1455 2363 1540 2396 erat
1558 2357 1649 2395 anni
1669 2357 1792 2399 5536.

324 2414 402 2452 Sed
432 2414 481 2452 de
509 2418 575 2456 37.
605 2421 784 2466 superest
811 2429 914 2454 unus
946 2429 1154 2464 numerus,
1195 2415 1264 2465 qui
1290 2415 1330 2452 in
1360 2420 1530 2465 quatuor
1554 2413 1683 2451 ‹h'vidi
1708 2425 1791 2451 non

323 2476 474 2522 potest,
515 2476 552 2509 et
581 2471 671 2509 ideo
709 2472 860 2510 indicat
886 2471 1007 2512 ‚illum
1047 2485 1192 2509 annum
1225 2471 1398 2522 primum
1428 2484 1512 2508 esse
1544 2484 1564 2507 a
1592 2470 1789 2508 Bissexto.

323 2527 388 2564 Sic
420 2526 510 2564 anni
536 2528 735 2578 sequentis
765 2528 886 2570 5538.
918 2534 1058 2578 quarta
1085 2541 1178 2579 pars
1205 2527 1299 2565 item
1329 2534 1389 2565 est
1412 2526 1532 2569 1384.
1563 2526 1634 2564 sed
1655 2526 1703 2564 de
1720 2527 1789 2568 38.

323 2583 404 2620 duo
432 2590 645 2636 supersunt
661 2583 936 2632 indivisibilia,
965 2597 1065 2635 quae
1092 2584 1270 2622 indicant
1293 2584 1406 2622 illum
1434 2595 1579 2620 annum
1612 2596 1696 2620 esse
1721 2593 1788 2620 se·-

324 2640 499 2678 cundum
521 2654 542 2678 a
560 2639 764 2689 Bissextn,
794 2641 897 2678 sicut
918 2640 1012 2677 anni
1029 2640 1153 2682 5539.
1186 2647 1324 2690 quarta
1352 2640 1445 2678 item
1471 2653 1564 2691 pars
1585 2645 1643 2677 est
1667 2636 1788 2680 1884.

322 2696 391 2734 sed
422 2696 470 2735 de
498 2699 564 2738 39.
593 2703 806 2748 supersunt
835 2697 932 2745 tria,
959 2710 1061 2747 quae
1090 2696 1266 2734 indicant
1292 2696 1406 2734 illum
1434 2709 1578 2733 annum
1600 2708 1684 2733 esse
1703 2701 1790 2732 ter-

323 2753 419 2790 tium
436 2768 456 2790 a
472 2754 667 2802 Bissexto,
678 2760 715 2791 et
727 2753 783 2791 ita
796 2753 909 2791 etiam
923 2759 1094 2790 vocatur
1109 2751 1175 2790 hic
1189 2768 1280 2805 pag.
1295 2753 1534 2805 221.τρίτου
1553 2751 1663 2799 ἔτους
1676 2748 1789 2798 ὄντος

325 2806 420 2860 μετὰ
432 2808 477 2849 τὸ
489 2810 685 2858 Βίσεξτον.
713 2810 858 2848 Trinus
877 2815 1007 2847 autem
1023 2809 1088 2846 ille
1105 2822 1290 2847 numerus
1302 2809 1453 2846 indicat
1472 2809 1587 2846 etiam
1603 2808 1678 2846 diei
1692 2821 1787 2858 qua-

327 2865 485 2904 drantes
513 2866 796 2918 praecessisse,
837 2866 893 2904 sic
925 2872 968 2903 ut
995 2865 1036 2903 in
1062 2878 1164 2904 anno
1195 2866 1374 2917 sequenti
1399 2866 1599 2917 quadrans
1627 2865 1789 2904 ultimus
