1884 3262
465 225 523 266 IN
558 225 887 268 CHRONICON
920 225 1210 268 PASCHALE.
1479 224 1579 272 313

226 338 318 386 Pag-
348 333 443 378 431.
480 339 548 378 20.
610 338 728 385 Οστις
768 336 1056 389 ἐβασίλευσεν]
1113 335 1223 375 Haec
1263 336 1492 376 reseruntur
1529 337 1581 376 ad

111 392 350 445 Agrippam,
393 391 485 431 ideo
529 405 632 445 quae
673 393 724 432 de
763 393 925 433 Herode
952 394 1021 432 hic
1048 393 1308 446 inseruntur,
1351 393 1582 447 parenthesi

107 449 357 488 inclusimus.

223 506 511 557 Pag.482.1-.
571 502 812 558 Ιωσηππος]
847 507 931 548 Lib.
953 521 981 545 1.
1002 506 1051 545 de
1069 506 1181 544 Bello
1199 506 1365 546 Juda‘ico
1387 521 1472 560 cap.
1492 521 1579 546 xxx

222 563 317 613 Pag.
349 562 445 605 432.
476 561 515 603 4.
575 559 752 612 Πόντιος
783 559 979 612 Inachos]
1028 563 1089 604 Ex
1119 562 1317 602 Chronico
1348 564 1506 603 Eusebii
1540 570 1582 603 et

107 618 177 657 lib.
203 633 249 659 11.
277 619 382 659 Hiert.
411 619 519 658 Eccl.
550 633 638 672 cap.
667 633 740 659 vn.
778 635 799 659 a
831 633 912 672 quo
953 620 1072 659 etiam
1101 619 1271 659 hausere
1301 634 1403 672 quae
1430 621 1582 660 habent

108 676 305 727 Geolgins
334 677 545 729 Syncellus
575 691 616 729 p.
649 679 741 720 180.
771 678 958 730 Scriptor
986 677 1168 729 Sylloges
1197 678 1464 717 Historiarum
1487 679 1582 716 Sca-

106 733 298 783 ligeriana
329 747 368 785 p.
399 736 494 776 387.
537 733 740 772 cedrenus
775 748 815 787 p
850 735 943 778 195.
986 740 1026 773 et
1066 737 1237 786 Symeon
1278 734 1497 786 Logotheta
1536 735 1579 774 in

109 788 257 830 Chron.
286 790 365 828 MS.
423 790 551 828 Aliter
581 790 630 829 de
661 791 776 830 Pilati
814 786 941 830 morte
975 791 1117 830 scribit
1160 792 1328 830 Joannes
1362 791 1584 831 Antioche-

107 859 182 884 nus
211 847 252 885 in
284 847 496 899 Excerptis
516 847 737 886 Valesianis
762 862 802 900 p.
822 852 922 892 809..
945 862 1062 900 quem
1093 863 1113 886 a
1143 849 1301 887 Nerone
1329 849 1461 899 gladio
1488 863 1582 888 cae-

107 917 196 941 sum
226 904 304 953 ait,
352 903 462 955 quod
499 903 700 944 Christum
745 906 894 957 absque
936 905 1134 957 Principis
1176 905 1418 944 auctoritate
1463 920 1582 945 ausus

106 966 211 999 esset
236 966 366 999 morte
397 961 602 1001 mulctare.
662 963 852 1001 Scribunt
881 963 970 1008 alii,
1011 970 1058 1001 ut
1097 967 1330 1014 auctorlest
1357 963 1464 1002 idem
1495 964 1578 1003 Ce-
1602 975 1635 1010 v
1664 972 1736 1011 445

105 1017 278 1068 drenus,
309 1017 417 1070 apud
447 1018 652 1058 Caesarem
683 1019 831 1058 Christi
859 1033 977 1059 causa
1008 1025 1239 1058 accusatum
1269 1033 1290 1057 a
1319 1019 1445 1058 Maria
1465 1020 1582 1072 Mag-

106 1074 270 1124 dolena,
315 1075 410 1127 pelli
440 1089 579 1115 recens
607 1077 703 1115 bovi
733 1076 936 1116 detractae
977 1076 1155 1115 insutum
1194 1090 1274 1114 una
1316 1090 1407 1116 cum
1450 1077 1581 1128 Gallo,

104 1131 245 1183 vipera
272 1138 312 1170 et
341 1132 476 1183 simia,
517 1140 562 1172 ut
591 1133 720 1172 solent
749 1135 948 1183 Romani,
987 1133 1192 1186 radiisque
1221 1134 1323 1172 Solis
1353 1135 1582 1187 expositum

98 1188 289 1240 perii-sse,
323 1189 389 1227 vel
418 1189 616 1242 denique,
654 1197 701 1229 ut
731 1191 798 1229 alii
828 1190 1051 1237 tradidere,
1093 1191 1197 1230 utris
1226 1191 1352 1230 instar
1387 1193 1580 1231 excoria-

104 1251 191 1283 tum
243 1245 404 1285 obiisse.
485 1247 603 1286 Hunc
642 1248 819 1300 propriis
854 1262 896 1287 se
934 1248 1116 1287 manibus
1153 1248 1401 1287 interfecisse
1439 1250 1581 1289 scribit

106 1302 321 1353 Gregorius
362 1303 512 1343 Turon.
553 1304 622 1343 lib.
651 1318 680 1345 1.
717 1304 818 1346 Hist
860 1318 947 1357 cap.
977 1318 1095 1345 xxxv.
1169 1305 1228 1343 Ita
1271 1306 1390 1343 etiam
1430 1306 1580 1358 Glycas

102 1372 143 1411 p.
175 1358 270 1402 234.
330 1359 406 1397 Sed
440 1374 541 1411 quae
583 1361 632 1399 de
670 1361 788 1400 Pilati
827 1368 956 1401 morte
996 1362 1064 1399 vel
1101 1362 1326 1414 supplicio,
1364 1361 1434 1400 hic
1463 1369 1501 1401 et
1531 1362 1579 1402 ab

104 1415 194 1454 aliis
224 1415 463 1466 traduntur,
510 1417 610 1456 haus
614 1419 652 1455 t‘a
684 1418 872 1458 videntur
901 1433 950 1457 ex
983 1418 1093 1456 Actis
1123 1419 1304 1471 ejusdem
1335 1419 1451 1457 Pilati
1480 1434 1582 1472 apo-

65 1474 77 1477 s
105 1471 294 1525 cryphia,
337 1473 567 1513 Maximiani
598 1475 699 1527 Imp.
724 1474 841 1528 jussu
881 1474 1086 1524 confictis,
1127 1488 1228 1527 quae
1261 1489 1303 1514 se
1339 1476 1487 1514 vidisse
1516 1484 1580 1516 te-

103 1535 233 1568 statur
254 1529 527 1582 Epiphanius,
560 1538 600 1570 et
631 1532 682 1570 de
714 1533 859 1583 quibus
889 1533 969 1585 egit
989 1531 1205 1570 Eusebius:
1245 1546 1416 1584 quorum
1437 1540 1581 1573 aucto-

102 1600 186 1626 rem
217 1587 414 1638 quendam
444 1588 717 1627 Theotecnum
747 1590 870 1628 fuisse
899 1590 1046 1628 volunt
1071 1588 1337 1641 Theophanes
1369 1596 1407 1628 et
1426 1591 1581 1630 Cedre-

102 1657 204 1694 nus,
245 1644 472 1695 cujusmodi
515 1645 715 1684 habentur
749 1646 790 1685 in
829 1644 1078 1685 Bibliotheca
1118 1647 1240 1697 Regia
1280 1653 1319 1685 et
1357 1647 1581 1699 Colbertea‚

103 1700 240 1739 eadem
280 1701 384 1740 forte
423 1715 525 1755 quae
562 1703 781 1743 laudantur
820 1703 869 1743 ab
908 1703 1050 1743 eodem
1084 1703 1279 1754 Gregorio
1309 1704 1460 1743 Turon.
1492 1719 1579 1758 cap.

100 1771 175 1798 xx.
210 1757 298 1798 eod.
327 1758 397 1796 lib.

217 1814 314 1865 Pag.
345 1815 443 1858 432.
473 1819 514 1858 9.
573 1816 829 1870 Κερσιανοῦ]
860 1817 948 1868 Leg.
971 1819 1217 1867 Καισιανοῦ,
1242 1823 1285 1855 ut
1307 1817 1416 1870 apud
1435 1817 1580 1857 Schot-

102 1877 207 1921 tum,
237 1871 411 1910 Idatium
429 1901 440 1923 ‚
469 1879 509 1911 et
538 1872 794 1925 Anonymum
825 1873 1067 1926 Cuspiniani.
1127 1875 1224 1924 Dio,
1254 1874 1322 1913 lib.
1353 1888 1437 1913 mx.
1466 1881 1580 1928 Apro-

99 1931 199 1967 nium
223 1928 430 1978 Cestianum,
459 1930 516 1968 vel
534 1930 746 1969 Cassianum
765 1937 898 1970 vocat.

218 1985 315 2036 Pag·
345 1986 439 2029 432-
473 1991 539 2029 10.
603 1987 779 2042 Πέτρος]
831 1988 892 2027 Ex
919 1987 1068 2027 Chron.
1100 1987 1274 2027 Eusebii.
1333 1987 1435 2027 Vide
1470 1989 1578 2041 Syn·-

102 2042 249 2080 cellum
280 2056 323 2094 p.
349 2045 446 2085 331.
478 2050 553 2083 etc.

217 2098 318 2149 Pag.
342 2098 438 2142 432.
470 2103 534 2144 12.
595 2096 798 2154 Μάρκος]
846 2101 992 2140 Euseb.
1022 2101 1063 2139 in
1096 2100 1242 2139 Chron.
1273 2101 1424 2141 Marcus
1450 2102 1579 2142 Evan-

100 2157 235 2206 gelista
264 2159 431 2208 interpres
461 2160 562 2196 Petri
583 2159 622 2196 in
640 2159 825 2210 Aegypta,
854 2163 888 2197 et
907 2158 1149 2198 Alexandriae
1169 2159 1350 2198 Christum
1375 2161 1580 2198 annuntiat.

100 2212 203 2252 Vide
234 2212 420 2264 Eutychii
451 2213 653 2266 Origines,
686 2221 726 2253 et
754 2214 808 2252 ibi
838 2215 1066 2254 Seldeuum.

218 2269 313 2320 Pag·
345 2269 533 2312 432.16
597 2268 651 2312 To*
690 2268 727 2324 β’
760 2267 915 2324 μόνον]
956 2273 1046 2323 Leg.
1075 2267 1123 2325 γ’,
1164 2278 1210 2310 ut
1251 2273 1359 2324 apud
1395 2273 1576 2323 Dionem,

102 2325 204 2364 Idat.
237 2332 276 2364 et
305 2326 355 2366 al.
416 2327 517 2365 Vide
545 2328 708 2368 Sueton.
737 2328 779 2366 in
811 2329 984 2379 Caligula
1015 2342 1102 2381 cap.
1128 2342 1231 2367 xwl.

220 2385 311 2434 Pag.
342 2382 438 2427 432.
471 2388 536 2427 17.
596 2384 683 2426 Επὶ
714 2382 862 2426 τούτου
901 2387 977 2426 τοῦ
1006 2386 1158 2439 Γαΐου]
1204 2385 1307 2425 Vide
1347 2385 1578 2459 Chronicon

102 2438 276 2478 Eusebii.

217 2496 310 2547 Pag-
342 2496 438 2540 432.
470 2499 539 2538 20.
604 2495 690 2539 Two*
712 2513 795 2538 των
825 2498 941 2538 ἰδίων
972 2497 1241 2552 σπαθαρίων]
1271 2500 1304 2537 Α
1323 2499 1578 2550 protectoribus

105 2555 204 2603 suis,
234 2553 375 2595 Euseb.
407 2554 448 2592 in
479 2552 625 2593 Chron.
682 2551 765 2596 υπὸ
784 2557 864 2595 τῶν
885 2554 927 2595 ἒν
947 2556 1169 2608 στοατείαις
1187 2552 1417 2608 ἐπισήμων,
1444 2555 1486 2592 in
1508 2556 1577 2594 Gr

221 2612 315 2660 Pag·
350 2609 446 2653 432.
477 2613 548 2652 21.
606 2613 676 2651 ,Ων
696 2611 797 2652 ἐτῶν
815 2607 879 2651 λθ’
883 2611 907 2660 .]
944 2611 1011 2649 Sic
1042 2611 1139 2650 Cod.
1171 2611 1347 2651 Vatican.
1388 2613 1478 2662 Leg.
1497 2607 1578 2651 aff.

105 2664 165 2703 Ita
194 2667 400 2706 Eusebius.
458 2668 582 2706 Natus
612 2668 714 2706 enim
747 2668 927 2720 Caligula
959 2668 1197 2707 Germanico
1237 2675 1354 2721 patre
1398 2674 1437 2707 et
1467 2667 1582 2721 Capi-

106 2727 201 2761 tone
231 2724 341 2765 C.oss
372 2738 435 2763 an.
467 2722 559 2763 Chr.
585 2738 661 2763 xn.
692 2727 855 2764 Sueton.
889 2738 997 2764 num.
1027 2739 1114 2764 v.111

225 2782 316 2830 Ρας1
346 2780 442 2823 433.
473 2785 511 2823 2.
572 2785 658 2834 Ετη
685 2779 764 2834 ιδ’.]
814 2783 870 2821 De
911 2782 1024 2821 annis
1066 2780 1222 2821 Claudii
1252 2787 1376 2832 agunt
1405 2781 1581 2832 Scaliger

106 2834 177 2873 lib.
206 2848 246 2874 v.
274 2849 366 2888 pag.
398 2837 493 2879 466.
541 2837 774 2877 Herwartus
803 2839 846 2877 in
879 2838 1117 2892 Chronolog.
1157 2851 1409 2892 cap.cc1.111.
1441 2844 1479 2878 et
1511 2839 1581 2877 Pe-

108 2890 242 2930 tavius
274 2892 323 2931 ad
353 2892 620 2947 Epiphanium
650 2909 740 2948 pag.
773 2897 890 2940 385.
