1884 3262
289 205 386 252 140
611 205 853 250 SELECTA
881 207 953 247 AD
989 206 1481 250 ILLUSTRATIONEM

287 333 368 358 των
390 313 514 370 αυτῆς
531 312 766 384 ἀποθεμένη
789 314 865 369 τήν
885 314 1070 387 κεφαλην
1091 319 1164 370 τῆς
1183 314 1402 371 θυγατρὸς,
1430 317 1646 367 κλαίουσα,
1663 315 1756 370 ὁμο-

288 371 397 429 λόγει
416 372 483 414 διοὶ
504 377 577 415 τοῦ
596 369 842 425 αἰτήσασθαι
863 370 992 425 αὐτην
1013 390 1089 426 την
1110 372 1293 426 κεφαλην
1318 371 1500 414 Ιωάννου
1519 389 1590 414 του
1611 376 1758 414 Βαπτι-

290 434 387 472 στοῦ
403 434 522 471 τοῦτο
541 428 770 482 υπέμεινεν.
821 430 904 471 Καὶ
921 428 1097 485 Ηρῶδης
1117 429 1161 471 δὲ
1179 428 1279 470 noeto?
1297 426 1445 482 ταύτην
1464 428 1658 478 Βασιλευς
1677 446 1758 471 των

272 488 489 527 Ἰουδαίων
514 483 780 557 τετραρχήσας
800 482 1006 528 οἷπέθανεν
1028 483 1350 554 σκωλικὸβρωτος
1371 482 1595 568 γενόμενος.
1626 490 1758 558 Εκλη-

289 539 516 596 ρονόμησεν
553 541 596 583 δὲ
632 541 700 584 τὸν
710 540 934 616 ῬΗριόδην
944 543 966 586 ὃ
996 542 1196 594 Πιλάτος,
1235 539 1424 584 καθότι*
1444 542 1760 615 κατοφθαλμους

289 597 484 658 Ηρωδου·
516 599 582 640 καὶ
612 600 655 640 οἱ
678 598 864 669 τέσσαρες
888 601 974 642 υἱοὶ
1007 598 1156 651 αὐτοῦ,
1185 600 1254 640 καὶ
1287 596 1391 652 αὕτη
1422 599 1452 653 ἦ
1477 597 1687 668 Ηρωδιοῖς,
1717 599 1759 650 ἐξ

287 658 340 709 ἧς
360 656 471 709 ε’σχεν
491 672 663 708 αυτους,
688 654 1005 727 σκωλικὸβρωτοι
1024 655 1231 727 γενόμενοι
1251 656 1461 708 ἕξέψυξαν.
1523 653 1761 725 Προκόπιος

287 714 429 754 τοίνυν
455 713 515 762 τὶς
541 729 612 754 του
636 715 927 768 πρεσβυτερίου
955 711 1209 784 η’ξιῶμενος,
1241 715 1317 770 βίω
1350 729 1391 754 τε
1423 712 1492 754 καὶ
1519 710 1621 770 λόγῳ
1652 709 1758 754 ευσε-

287 771 399 823 βείας
417 769 666 840 διαπρέψας,
696 769 765 811 καὶ
788 770 898 828 πασῃ
924 774 975 842 τῇ
1000 770 1092 825 περὶ
1119 786 1190 818 τας
1219 786 1380 825 γραφας
1407 755 1604 826 ἔμμελεία
1620 785 1662 810 τε
1689 769 1760 811 καὶ

285 827 470 882 ἐμπειρία
503 823 567 867 αεὶ
599 826 860 879 ἐνασκηθεὶς,
887 827 957 868 καὶ
984 825 1210 880 ἕντυχηκώς
1235 832 1321 876 ταῖς
1352 828 1569 881 ἱστορικαῖς
1593 831 1760 894 συγγρα-

285 888 384 935 φαῖς
407 899 478 923 του
502 880 727 938 αγιωτάτου
755 884 824 924 καὶ
858 900 1162 952 μακαριωτατου
1183 880 1425 925 Επισκόπου
1447 883 1516 924 καὶ
1538 880 1762 951 Μαρτυρος

285 939 529 1010 Δωροθέου,
569 954 695 981 ταυτα
723 957 858 981 παντα
891 940 992 994 η’μῖν
1025 937 1237 1010 ἒγγραφως
1271 940 1568 982 καταλέλοιπεν.
1630 937 1762 992 Χαρις

283 998 424 1037 τοίνυν
447 993 576 1038 αὐτοῦ
592 1002 676 1046 τοῖς
704 994 869 1048 πόνοις,
899 997 968 1038 καὶ
1000 1001 1052 1054 τῇ
1073 994 1268 1055 ἄθανατῳ
1297 994 1457 1053 μνήμῃ,
1487 1000 1567 1038 νῦν
1593 996 1663 1038 καὶ
1696 993 1761 1038 ἀεὶ

239 1100 241 1102 ,
283 1053 353 1094 καὶ
373 1054 431 1102 εἰς
448 1069 543 1102 τους
566 1055 719 1103 αἰωνας
737 1057 817 1096 τῶν
839 1052 1024 1105 αἰώνων,
1053 1050 1190 1108 Αμήν.

133 1241 165 1275 V
192 1242 260 1278 351

134 2195 164 2230 P
187 2193 256 2232 437

400 1225 549 1264 Prostat
578 1229 616 1264 in
645 1226 731 1266 Cod.
762 1227 859 1280 Reg.
893 1243 938 1268 11.
967 1241 1164 1267 MDccccx.
1187 1227 1258 1279 fol.
1290 1227 1386 1269 257.
1417 1227 1553 1266 brevior
1579 1226 1762 1265 indiculus

285 1295 382 1321 Lxx.
412 1283 657 1334 Apostolorum
672 1313 683 1333 ,
714 1297 820 1332 cujus
849 1290 974 1324 auctor
993 1286 1230 1337 *Hippolytus
1263 1284 1357 1335 Tyri
1381 1283 1584 1336 Episcopus
1611 1284 1760 1332 dicitur,

285 1340 407 1378 cadem
427 1342 516 1378 serie
537 1353 609 1391 qua
624 1341 725 1391 apud
749 1341 984 1391 Dorotheum,
1014 1355 1058 1380 ex
1075 1356 1142 1393 quo
1162 1343 1345 1379 variantes
1366 1341 1503 1392 aliquot
1522 1341 1684 1378 lectiones
1703 1341 1763 1378 hic

287 1398 519 1448 apponimus,
549 1410 592 1435 ne
610 1398 699 1448 quid
717 1400 754 1435 in
773 1399 866 1438 hisce
886 1400 1017 1438 Lector
1035 1399 1217 1437 desideret.
1258 1400 1322 1439 11.
1354 1400 1584 1444 Επίσκοπος
1605 1393 1759 1437 Σόλων.

292 1455 359 1495 15
389 1456 557 1501 Λουκᾶς
590 1449 914 1508 Ευαγγελιστης·
943 1471 1055 1497 ουτοι
1088 1455 1130 1496 οἱ
1165 1451 1209 1495 ιε’
1236 1454 1280 1494 ἐκ
1311 1456 1390 1493 τῶν
1424 1449 1455 1495 o'
1482 1449 1763 1521 τυγχανόντων

290 1509 686 1576 διασκορπισθέντων
714 1510 780 1552 ἐπὶ
804 1516 861 1568 τῷ
888 1508 1038 1585 ρήματι
1060 1509 1083 1553 ὃ
1114 1508 1224 1581 εἶπεν
1255 1509 1280 1551 o‘
1303 1506 1482 1564 Κυριος,
1500 1508 1604 1551 Εοῖν
1623 1505 1680 1562 μή
1702 1524 1764 1558 τις

290 1581 402 1637 φαγῃ
422 1582 496 1618 την
517 1579 664 1620 σαρκα,
694 1567 764 1608 καὶ
786 1571 869 1610 πίει
889 1585 966 1622 μου
990 1565 1111 1622 αἷμα,
1144 1566 1220 1609 οὔκ
1248 1567 1355 1608 ἔστιν
1385 1583 1464 1635 μου
1486 1565 1609 1616 α’ξιος.
1667 1561 1762 1606 Αλλ’

289 1622 314 1664 ὅ
333 1621 406 1675 μὲν
427 1620 494 1663 δια
513 1622 687 1691 Πέτρου,
717 1623 736 1666 ὁ
760 1624 815 1666 δὲ
825 1624 891 1666 δια
911 1624 1080 1666 Παύλου
1093 1622 1217 1665 πάλιν
1235 1620 1639 1690 ἐπανακαλύψαντες,
1659 1620 1763 1677 προς

290 1676 448 1730 Κύριον
489 1675 811 1733 εὐαγγελίζεσθαι
840 1684 1145 1732 καταξιοῦνται,
1184 1696 1287 1733 υπερ
1324 1683 1372 1722 οὐ
1410 1676 1700 1749 ἐμαρτύρισαν,
1737 1678 1763 1721 o‘

290 1751 364 1788 μεν
383 1736 683 1793 πυρπολυθεὶς,
716 1755 736 1779 ο
758 1737 801 1779 δὲ
822 1739 1071 1792 σταυρωθεὶς
1093 1738 1159 1779 ἐπὶ
1182 1738 1326 1785 ἐλαίας.
1374 1740 1440 1780 18.
1473 1735 1654 1809 Κλήμης.
1677 1739 1760 1804 ’20-

287 1792 437 1832 Επίσκ.
475 1794 715 1842 Παννονίας.
760 1795 828 1838 24.
859 1797 1086 1848 Βαρσαβᾶς.
1137 1797 1206 1836 26.
1237 1793 1492 1847 Ερμογένης,
1523 1790 1642 1842 ουτος
1665 1789 1763 1846 ὀμό-

286 1863 403 1902 φρων
424 1844 551 1889 αὐτοῦ
568 1848 743 1918 γέγονεν.
802 1854 872 1894 28.
897 1852 1089 1904 Απέλλης.
1146 1853 1214 1893 31.
1245 1851 1419 1890 Επίσκ..
1434 1847 1645 1904 .Τάρσου.
1690 1852 1760 1893 32.

286 1904 491 1959 Αγαβοςό
513 1903 750 1974 Προφήτης.
781 1911 848 1951 33.
885 1912 1058 1960 Ροῦφος.
1093 1905 1162 1950 34.
1196 1910 1276 1947 Επ.
1300 1908 1510 1959 Υρκανίας.
1550 1908 1617 1951 35.
1640 1904 1760 1959 Μάρ-

285 1966 390 2002 θων.
448 1964 516 2004 37.
550 1959 794 2017 Πατροκλος.
853 1967 919 2007 38.
951 1968 1031 2006 Επ
1056 1964 1282 2004 Φιλίππων.
1341 1963 1407 2007 43.
1439 1965 1652 2016 Ηρωδίων.
1691 1962 1759 2004 44.

286 2014 478 2066 Λούκιος.
538 2019 605 2062 48.
644 2019 858 2074 Τερέντιος.
918 2020 986 2064 49.
1027 2016 1228 2074 Βηρυτου.
1288 2020 1355 2064 55.
1385 2021 1630 2074 Δυρραχίου.
1689 2022 1757 2063 56.

288 2070 476 2128 Μαρκος.
537 2076 604 2119 57.
638 2079 802 2126 Ιοῦστος
826 2078 976 2119 Επίσκ.
1010 2081 1162 2118 Ελευθ.
1222 2077 1289 2120 58.
1318 2081 1516 2131 Αρτεμᾶς.
1575 2078 1642 2121 59.
1674 2079 1755 2118 Επ.

292 2132 529 2185 Σαρδανίας.
588 2135 653 2176 69
690 2132 895 2186 Σπούδης.

401 2189 568 2228 Habetur
580 2195 765 2240 praeterea
791 2193 870 2230 alia
886 2194 992 2230 series
1014 2191 1199 2229 eorundem
1215 2204 1315 2229 Lxx.
1341 2190 1478 2229 Christi
1493 2190 1758 2241 Discipulorum

287 2248 326 2283 in
349 2245 519 2285 Chronico
547 2246 641 2288 MS
666 2247 851 2300 Symeonis
870 2249 1116 2298 Logothetae‚
1145 2250 1184 2287 in
1213 2261 1286 2299 qua
1310 2249 1418 2286 iidem
1449 2250 1513 2299 qui
1541 2261 1566 2285 a
1580 2247 1758 2285 Dorotheo

287 2306 322 2340 et
339 2302 537 2355 Hippolyto
563 2309 805 2353 recensentur,
837 2306 975 2356 aliquot
1005 2310 1124 2343 tamen
1145 2306 1299 2353 omissis,
1328 2305 1414 2343 aliis
1438 2306 1665 2353 substitutis,
1695 2305 1763 2371 qui

287 2372 360 2397 non
379 2360 554 2398 habentur
573 2362 672 2412 apud
691 2362 914 2402 Dorotheum
952 2363 991 2401 Ii
1005 2366 1112 2411 sunt,
1142 2362 1341 2415 Πρίσκος,
1360 2357 1411 2402 ου
1432 2360 1628 2430 μέμνηται
1643 2355 1759 2401 Από··

290 2418 427 2462 στολος
454 2419 613 2464 Παῦλος
639 2417 681 2458 ἐν
711 2434 760 2475 τη
786 2434 887 2471 προς
922 2415 1137 2485 Τιμόθεον
1155 2414 1189 2471 β’
1212 2415 1461 2474 ἐπιστολῇ,
1453 2416 1494 2466 ὂς
1521 2418 1759 2464 Επίσκοπος

290 2472 491 2520 Χαλκίδος
512 2471 676 2544 ἐγένετο.
736 2460 906 2527 Κηφᾶς,
937 2473 984 2516 ὃν
1007 2475 1031 2516 ὅ
1049 2471 1280 2523 Απὸστολος
1302 2477 1465 2522 Παῦλος
1485 2474 1528 2514 ἐν
1545 2473 1759 2528 Αντιοχεία

288 2526 472 2595 ἤλεγξεν·
505 2545 622 2578 ουτος
653 2532 892 2579 Επίσκοπος
909 2530 1144 2579 Κολωνείας
1171 2530 1335 2584 ἐγένετο.
1395 2527 1578 2599 Ιγνατιος
1606 2529 1630 2572 o‘
1657 2532 1757 2570 Θεο-

290 2581 441 2639 φόρος,
473 2602 493 2627 ο
515 2583 726 2642 γενόμενος
741 2590 975 2658 Αντιοχείας
994 2589 1252 2638 Επίσκοπος,
1273 2586 1320 2636 ὃς
1335 2587 1378 2629 ἐν
1402 2584 1524 2643 Ρωμη
1547 2586 1612 2628 ἐπὶ
1639 2590 1755 2639 Τραϊ-

290 2644 394 2682 ανοῦ
412 2647 662 2697 θηριομαχεῖ.
713 2644 894 2698 Σίμων
875 2662 896 2686 ο
915 2641 1224 2717 αγγαρευθεὶς”
1206 2661 1273 2685 ινα
1293 2642 1371 2700 ὄῖρῃ
1393 2641 1464 2685 τὸν
1484 2640 1657 2697 σταυρόν
1678 2658 1751 2683 του

290 2698 468 2750 Κυρίου,
499 2699 522 2742 ὁ
541 2699 608 2740 καὶ
637 2701 886 2771 σταυρωθεὶς
904 2701 1006 2755 ὑπερ
1032 2703 1210 2754 Χριστοῦ
1238 2704 1382 2742 τελειοῖ
1403 2698 1474 2741 τᾶν
1504 2701 1607 2754 βίον.
1669 2702 1754 2739 Να-

292 2753 454 2807 θαναήλ
474 2754 498 2796 ὁ
519 2760 798 2810 Γραμματευς,
828 2774 850 2799 ο
871 2756 1017 2808 εἰπών,
1045 2762 1108 2798 Εκ
1128 2756 1308 2810 Ναζαρὲτ
1327 2753 1496 2799 δύναταί
1527 2772 1565 2797 τι
1595 2751 1755 2824 αγαθὸν

289 2807 403 2851 εἶναι.
463 2813 601 2852 Deinde
626 2816 708 2854 huic
734 2818 839 2854 seriei
861 2817 946 2854 haec
975 2789 1196 2854 subduntur:
1227 2814 1310 2855 Καὶ
1327 2830 1409 2855 των
1429 2811 1501 2884 μὲν
1522 2810 1555 2855 o'
1570 2808 1754 2854 Αποστό-

288 2869 369 2908 λων
394 2866 442 2909 τοὶ
473 2863 647 2922 ὀνόματα
677 2871 857 2913 ἐνταῦθα
887 2887 1016 2921 ουτως
1047 2867 1295 2927 ἐγράφησαν.
1346 2875 1407 2912 Εν
1437 2867 1481 2912 δὲ
1511 2874 1595 2920 τοῖς
1621 2869 1753 2917 θείοις
