1884 3262
126 1994 156 2028 P
181 1994 250 2031 496

270 219 370 268 246
841 219 1165 262 NOTAE

271 330 637 372 dum1chronicon
676 328 902 380 paschale,
951 329 1020 368 ubi
1059 330 1134 381 leg.
1170 325 1478 380 Αππυλλήσιοι,
1518 330 1740 386 Καλαβροὶ,

270 388 492 430 Λουκανοί.
549 388 607 426 Ita
642 387 760 425 etiam
789 386 1052 439 Hippolytus:
1081 387 1306 438 Apulienses,
1336 386 1493 425 Lucam.

388 445 577 494 Pag.59.
610 447 673 486 12.
734 447 891 497 Αφρῶν
915 443 1044 512 ἔθνη]
1076 443 1142 482 Sic
1170 442 1467 482 emendavimus
1496 456 1547 481 ex
1574 443 1740 496 Hippo-

271 502 379 554 lyto,
411 513 502 538 cum
533 513 657 553 prave
689 499 840 538 editum
871 506 971 539 esset
1001 495 1072 550 ἀφ’
1094 495 1163 540 ὠν.

383 557 477 596 Ibid.
535 559 727 610 Κνῆθοι,
755 555 847 609 etc.]
876 557 1092 610 Hippolyt.
1124 557 1243 607 cinti,
1272 554 1474 605 Numidae,
1508 553 1741 606 Nasamones,

273 613 374 653 Saci.

387 671 480 719 Pag.
510 669 577 712 59.
610 669 676 712 15.
736 669 899 722 Γῆρβα]
931 668 1079 710 Chron.
1111 669 1224 710 Alex.
1256 671 1382 708 Girba.
1413 669 1624 722 Hippolyt.
1652 670 1741 708 Gir—

273 728 345 775 da‚
372 739 464 777 quae
491 730 525 764 et
549 726 723 777 Benigga
754 726 901 766 Cercina
929 730 964 765 et
986 727 1139 766 Galata.
1201 726 1299 766 Vide
1333 727 1529 766 Ortelium
1557 726 1599 764 in
1627 726 1740 775 Loto-

266 785 457 835 phagutes,
488 789 526 821 et
555 793 676 836 supra
706 789 843 822 notata
870 783 923 821 ad
955 796 1044 835 pag.
1074 785 1147 825 301

387 840 676 889 Pag.59.16.
737 839 943 892 Κερκίνα]
975 839 1122 879 Chron.
1140 839 1355 879 Alexandr.
1380 838 1566 887 Cercinia,
1587 839 1740 879 Galata.

272 896 436 935 Cercina
467 902 526 936 est
556 896 682 935 Africi
712 897 831 935 maris
860 896 1001 936 insula.
1062 896 1202 934 Galata
1233 903 1292 934 est
1319 896 1450 934 insula
1478 896 1606 934 Gaulo
1636 896 1741 935 vici-

270 966 345 1003 na,
376 952 503 991 Plinio
534 959 575 992 et
603 953 754 994 Melae:
788 953 830 992 in
860 953 958 992 Cod.
989 949 1302 994 Vatic.1⁷aloiu.
1354 952 1456 991 Vide
1490 953 1741 1005 Anonymum

270 1010 539 1050 Ravennatem
568 1010 639 1051 lib.
668 1024 708 1050 v.
738 1016 835 1048 sect.
864 1023 964 1050 xxv.

386 1067 577 1117 Pag·59·
610 1069 674 1110 17
730 1066 954 1119 Αποικίαι]
994 1066 1207 1106 Αποκείαι.
1265 1065 1331 1104 Sic
1361 1036 1519 1118 semper
1555 1065 1599 1105 in
1640 1066 1741 1106 Cod.
1778 1111 1779 1114 Ἴ

269 1122 397 1163 Vatic.

387 1179 482 1218 1de
547 1178 865 1232 Μουσουδαμοὶ,
888 1178 980 1230 etc.]
1016 1176 1260 1231 Τησπιτανοὶ
1289 1178 1332 1216 in
1361 1178 1457 1217 Cod.
1475 1179 1604 1229 Vatic.
1635 1180 1741 1233 Hip-

271 1236 400 1289 polyt.
431 1234 650 1285 Musulami,
684 1237 896 1286 Tingitani,
928 1235 1187 1274 Caesanienses.
1230 1235 1378 1273 Chron.
1397 1235 1507 1275 Alex.
1528 1226 1741 1286 Masulami,

276 1293 504 1343 Tigzitanii,
535 1297 568 1331 et
602 1293 759 1332 Sarinei.
828 1292 961 1343 Atque
1001 1291 1095 1330 inde
1132 1291 1230 1330 licet
1271 1292 1481 1330 emendare
1510 1293 1743 1333 Chronicon

272 1349 485 1397 Paschale,
522 1347 837 1399 Μουσουλανοὶ,
872 1347 1145 1400 Τηχζητανοὶ,
1183 1347 1252 1388 καὶ.
1274 1350 1478 1401 Σαρίνεοι.
1536 1351 1638 1389 Sunt
1667 1364 1742 1389 au-

272 1413 351 1445 tem
388 1405 587 1444 Musulani
620 1406 832 1445 Numidiae
868 1419 963 1456 gens
1005 1406 1116 1458 apud
1156 1405 1360 1445 Tacitum:
1416 1406 1611 1456 Tingitani
1645 1421 1744 1446 vero

268 1462 529 1502 Mauritaniae
557 1463 716 1514 populi:
751 1463 903 1502 Sarinei
929 1461 1121 1515 denique,
1155 1461 1277 1501 iidem
1305 1462 1412 1502 forte
1440 1476 1531 1501 cum
1562 1463 1746 1504 Sarianae

269 1520 504 1559 Provinciae
533 1519 695 1558 Africae
723 1519 879 1560 incolis.

388 1579 481 1626 Pffg·
512 1577 580 1619 59·
613 1580 681 1619 19
731 1573 1109 1628 Παρακοννησίων]
1140 1574 1286 1614 Chron.
1317 1573 1534 1615 Alexandr.
1566 1579 1744 1616 Pararon-

268 1635 366 1672 nisii.
424 1630 502 1670 Sed
531 1633 606 1684 leg.
636 1633 697 1671 uti
728 1633 946 1679 edidimus,
985 1633 1335 1684 Ταρακοννησίων.
1375 1631 1747 1686 Hippolyt.Hispa-

270 1701 394 1728 norum
410 1693 527 1728 autem
545 1694 667 1739 gentes
691 1694 724 1727 et
748 1690 1028 1728 inhabitationes
1045 1690 1113 1728 hae
1128 1693 1227 1739 sunt,
1261 1689 1422 1765 Tiranni
1439 1693 1473 1728 et
1495 1691 1744 1745 Turrenor-um,

273 1748 336 1797 qui
352 1751 385 1784 et
412 1747 705 1785 Tarraconenses.

387 1805 481 1852 Pag.
512 1806 579 1846 60.
612 1806 648 1845 1.
707 1800 924 1855 Βαυτικοὶ]
975 1802 1066 1851 [eg.
1108 1802 1302 1842 Βαιτικοί.
1361 1802 1572 1855 Hippolyt.
1610 1803 1744 1852 Betiti,

271 1860 486 1907 Autriconi,
515 1863 581 1898 ete.
640 1858 787 1897 Chron.
834 1859 946 1898 Alex.
990 1858 1134 1897 Beticii.
1193 1858 1398 1897 Boeticam
1432 1859 1650 1912 Hispaniae
1679 1874 1744 1900 re-

270 1915 428 1967 gionem
459 1929 543 1954 esse
569 1928 685 1954 nemo
710 1917 882 1966 ignorat.

390 1975 484 2022 Pag.
514 1975 581 2014 60.
622 1976 662 2014 2.
720 1970 977 2022 Καλλιακοὶ]
1022 1971 1184 2009 Rectius
1224 1969 1371 2010 Chron.
1411 1970 1526 2013 Alex.
1574 1972 1743 2022 Callaici,

274 2043 345 2068 seu
377 2030 547 2067 Gallaeci
578 2028 749 2080 Hispani.
806 2028 1019 2079 Hippolyt.
1059 2027 1196 2066 calleci
1233 2031 1297 2079 qui
1329 2032 1363 2066 et
1393 2028 1553 2067 Astures.
1610 2032 1742 2082 'Atque

271 2086 368 2125 hinc
393 2084 638 2124 emendanda
667 2098 750 2124 vox
778 2081 985 2137 ἅσπορας·
1019 2090 1139 2135 atque
1167 2084 1222 2123 ita
1254 2084 1564 2126 emendavimus.

390 2146 483 2192 Pag.
513 2145 579 2185 60.
604 2145 643 2183 3.
701 2140 1043 2195 Κεναρβουσίων]
1085 2141 1174 2192 Leg.
1205 2140 1274 2181 καὶ
1296 2143 1651 2195 Ναρβωνουσίων,
1681 2143 1742 2182 ar-

273 2212 350 2251 que
380 2199 438 2238 sic
467 2197 678 2237 edidimus.

384 2254 481 2305 Pag.
512 2258 578 2298 60.
607 2256 646 2297 4
703 2253 885 2304 Βελικοὶ]
918 2252 1065 2294 Chron.
1098 2253 1210 2292 Alex.
1239 2254 1364 2296 Bilici.

386 2312 480 2350 Ibid.
545 2310 690 2359 Εδνοὶ]
729 2311 851 2350 Ednii
883 2311 925 2348 in
965 2310 1103 2349 eodem
1142 2310 1289 2350 Chron.
1348 2311 1427 2351 Sed
1464 2311 1630 2351 videtur
1665 2312 1741 2363 leg.

273 2367 453 2418 Εδουοὶ,
476 2363 621 2416 Hedai,
661 2367 863 2435 quomodo
893 2367 1102 2407 edidimus.

390 2428 483 2475 Pag-
514 2428 579 2467 60.
612 2423 649 2466 5.
710 2420 1017 2476 Μαρκόμαλοι]
1060 2423 1126 2462 8ἰο
1154 2423 1251 2473 legit
1279 2424 1430 2476 pariter
1460 2423 1608 2462 Chron.
1641 2422 1746 2462 Ale·-

272 2482 418 2520 xandr.
447 2481 701 2530 Marcomallz‘,
729 2481 932 2530 Bardunii,
964 2481 1138 2528 Cuadrii,
1175 2481 1352 2530 Berdilii,
1379 2482 1624 2520 Ermunduri:
1670 2480 1739 2518 ubi

273 2537 486 2589 legendum
515 2538 789 2586 Marcomanni,
830 2511 971 2586 Quadi,
1001 2538 1271 2587 Hermunduri,
1309 2538 1452 2603 populi
1490 2538 1741 2588 Germaniae,

275 2595 326 2633 de
365 2595 510 2647 quibus
549 2595 709 2647 copiose
751 2594 960 2633 Cluverius
998 2595 1039 2633 in
1079 2594 1264 2633 German.
1303 2595 1425 2647 antiq.
1493 2588 1666 2633 Vardulos
1697 2594 1740 2632 in

272 2649 465 2703 Hispania
495 2657 674 2691 statuunt
708 2646 947 2703 Geographi.
1016 2651 1151 2700 Ver-idi,
1181 2651 1252 2703 qui
1281 2652 1381 2702 sint,
1412 2652 1605 2703 ignotum.

390 2711 482 2759 Pag.
514 2713 580 2751 60.
611 2711 649 2749 6.
706 2706 934 2761 Ερμοελοὶ]
964 2708 1062 2746 Cod
1094 2707 1220 2746 vatic.
1250 2709 1487 2761 Ερμοεολοί.

391 2768 483 2815 Pag·
519 2768 680 2808 60.13.
738 2764 981 2816 Αδαβηνοὶ]
1029 2765 1121 2814 Leg.
1154 2765 1404 2818 Αδιαβηνοὶ,
1432 2777 1487 2805 ex
1515 2765 1738 2823 Hippolyto

276 2826 314 2858 et
346 2820 493 2861 Chron.
527 2821 636 2862 Alex.
667 2821 717 2861 de
748 2821 894 2875 quibus
924 2819 1165 2873 Geographi.
