1820 3276
235 211 333 268 4‘04
798 223 1130 265 -NOTAE

232 332 461 371 Theodosio
491 332 545 373 M.
577 345 692 384 quam
720 332 835 371 etiam
860 338 998 371 narrat
1026 333 1271 372 Sozomenus
1301 331 1372 372 lib.
1402 346 1475 372 vn.
1506 346 1594 385 cap.
1614 346 1698 370 xxi.

233 390 330 428 licet
360 391 430 427 vix
457 387 561 427 hanc
592 390 800 438 agnoverit
831 389 1072 428 Graecanica
1103 390 1291 439 Ecclesia,
1322 389 1390 428 sed
1416 390 1578 428 alteram
1599 402 1699 440 quae

234 445 438 484 Marciano
469 445 690 498 imperante
717 445 896 497 contigit,
928 446 978 485 de
1008 461 1086 498 qua
1118 446 1198 498 agit
1225 446 1332 485 idem
1361 446 1543 498 scriptor
1573 444 1702 484 chro-

232 502 313 541 nici
343 516 446 540 anno
472 516 534 542 111.
567 502 742 555 ejusdem
774 503 954 554 Augusti,
985 509 1025 542 et
1057 503 1215 541 tertiam
1242 503 1352 554 quae*
1368 502 1564 551 Comanis,
1594 501 1701 540 unde

89 565 115 599 P
140 567 210 603 570
232 559 274 597 in
304 559 444 596 urbem
475 558 956 611 Constantinopolitan'am
988 560 1220 598 translatum
1252 559 1387 608 aiunt,
1427 565 1546 610 atque
1576 571 1626 596 ex
1655 571 1701 596 ea

231 615 467 654 Ambianum
498 616 702 655 Picardiae
732 616 1007 668 Metropolim,
1051 622 1143 668 post
1173 622 1330 668 captam
1359 630 1381 653 a
1414 614 1560 653 nostris
1591 614 1700 652 Con-

233 672 559 723 stantinopolim,
602 673 670 711 ubi
712 672 913 725 hodieque
952 673 1099 711 colitur
1128 685 1173 710 ac
1205 671 1471 724 conspicitur,
1513 684 1632 709 carne
1661 676 1702 710 et

231 729 335 767 facie
373 729 609 779 nigricanti‚
647 726 983 781 quemadmodum
1024 729 1263 768 describitur
1300 743 1321 766 a
1350 727 1588 777 Theodulo,
1629 739 1700 766 seu

230 785 381 824 Thoma
423 785 633 837 Magium,
672 786 715 824 in
752 786 926 825 Homilia
961 786 1111 824 inedita
1146 785 1191 823 in
1230 785 1397 824 eundem
1435 787 1474 827 S.
1510 785 1700 822 Joannem

230 843 473 894 Baptistam‚
524 843 584 881 uti
630 849 754 895 prout
800 842 963 882 indubie
1001 842 1103 881 illud
1144 841 1486 911 Constantinopoli
1530 840 1743 898 videratsl

228 898 340 937 hisce
369 899 502 938 verbis
541 913 591 938 ex
623 899 718 937 Cod.
755 901 845 951 Reg.
876 900 1099 951 excerptis.
1123 894 1247 967 κόμη
1284 896 1359 952 γοῖρ
1397 894 1510 953 αὐτῷ
1539 897 1701 967 τραχεῖα

228 955 297 996 καὶ
339 953 553 1009 δυσχερης,
593 955 662 996 καὶ
697 952 934 1025 αυχμώδης,
974 956 1043 996 καὶ
1082 951 1215 1006 ῥύπου
1253 955 1375 1007 πλέα,
1415 954 1455 1002 ἒς
1495 952 1566 1006 μὲν
1596 950 1699 994 πολυ

228 1011 419 1065 τεταμένη
459 1009 798 1081 κατασυστᾶδην,
827 1009 909 1053 ἄλλ’
939 1008 989 1053 ου’
1028 1010 1128 1052 κατεὶ
1159 1012 1293 1066 τρίχας
1322 1009 1614 1078 διειλημμένη,
1644 1025 1700 1058 ως

227 1068 297 1109 καὶ
335 1069 504 1134 ῥαδίως
526 1069 716 1110 ἐντεῦθεν
757 1061 1024 1136 ἀριθμεῖσθαι
1053 1066 1270 1109 δύνασθαι.
1332 1065 1559 1120 Πρόσωπον
1588 1063 1697 1107 ἅπαν

227 1124 350 1178 μέλαν
379 1121 594 1173 τοσαύταις
621 1125 814 1166 ἐνιαυτῶν
842 1122 1055 1179 περιόδοις,
1084 1129 1170 1173 ταῖς
1199 1140 1240 1164 τε
1270 1123 1448 1176 συνεχέσι
1475 1126 1550 1164 τοῦ
1577 1122 1697 1176 ηλίου

227 1184 386 1235 βολαῖς,
431 1186 518 1229 ταῖς
546 1197 587 1222 τε
615 1197 699 1222 των
727 1178 858 1235 αέρων
887 1185 1075 1234 χαλεπαῖς
1109 1182 1314 1234 ἐμβολαῖς,
1356 1178 1489 1249 ω’σπερ
1519 1196 1588 1220 και
1615 1189 1698 1231 ’ψυ-

225 1238 348 1291 χθὲν,
390 1238 458 1278 καὶ
488 1250 720 1279 πανταπασι
750 1236 1024 1290 μεταποιηθὲν
1052 1254 1126 1290 της
1154 1239 1330 1289 φυσικῆς
1357 1234 1594 1291 ὑγρότητος,
1625 1252 1698 1276 κα-

223 1295 528 1363 ταναλωθείσης
556 1290 667 1350 αὐτῷ
693 1291 772 1335 υπό
799 1310 841 1335 τε
867 1298 947 1335 τῶν
979 1293 1222 1346 εἰρημένων,
1263 1309 1332 1333 και
1360 1296 1432 1346 τῆς
1457 1292 1698 1346 ’ὑπερφυοῦς

226 1348 445 1404 ατροφίας,
488 1336 648 1418 ἐπειδή
663 1350 790 1404 μηδὲν
829 1351 961 1403 ἕτερον
993 1348 1176 1406 εὕχροία,
1217 1346 1300 1390 αλλ’
1327 1348 1357 1401 ἦ
1383 1353 1540 1402 τροφῆς
1572 1365 1697 1402 μεμα-

226 1407 402 1460 σημένης
444 1403 575 1459 χυλός.
636 1407 780 1447 Verum
826 1408 992 1460 primam
1033 1408 1148 1445 istun
1187 1407 1260 1445 sub
1299 1404 1522 1445 Theodosio
1551 1406 1696 1445 factam

225 1466 265 1502 S.
293 1464 571 1503 Praecmsoris
602 1464 742 1516 capitis
772 1465 1047 1503 Inventionem
1078 1464 1326 1515 aliquatenus
1355 1462 1514 1502 filmare
1537 1463 1698 1502 videtur

225 1521 462 1560 Severianus
494 1521 738 1559 Gabaloru'm
768 1521 1014 1573 Episcopus,
1048 1534 1165 1572 quem
1195 1520 1243 1558 ab
1274 1520 1425 1558 Joanne‘
1455 1519 1697 1572 Chrysosto-

223 1591 315 1628 mo,
355 1584 394 1616 et
426 1577 598 1616 Arcadio
628 1578 728 1629 Imp.
761 1578 810 1616 ad
840 1592 1040 1616 sermones
1078 1576 1284 1615 habendos
1316 1579 1357 1615 in
1385 1577 1565 1616 Ecclesia
1595 1577 1698 1614 Con-

222 1607 579 1686 staritinopolitana
619 1648 737 1686 saepe
772 1635 987 1673 invitatum
1024 1634 1162 1673 scribit
1201 1633 1446 1673 Gennadius.
1513 1633 1553 1672 Is
1592 1633 1695 1672 enim

222 1693 264 1730 in
295 1691 468 1729 Humilia
498 1691 550 1729 in
570 1692 607 1730 S.
638 1693 806 1729 Crucem
831 1692 888 1730 ita
918 1691 1118 1743 loquitur:
1148 1690 1329 1757 ε’λθωμεν
1358 1686 1510 1731 λοιπόν
1530 1689 1596 1730 ἐπὶ
1623 1705 1696 1731 τον

222 1745 364 1801 ἰατρόν
396 1747 601 1814 ἡμετέρων
631 1751 777 1800 ψυχῶν
806 1746 873 1789 τᾶν
911 1747 979 1788 καὶ
1012 1749 1119 1818 θείῳ
1158 1742 1284 1814 λόγῳ
1294 1745 1402 1800 ’ἡμᾶς
1438 1742 1695 1797 παιδεύοντα,

220 1803 290 1844 καὶ
319 1808 402 1852 τοῖς
432 1800 644 1854 λειψανοις
682 1809 766 1853 τοῖς
796 1804 945 1845 ἑαυτοῦ
971 1801 1047 1857 τήν
1085 1789 1206 1844 πόλιν
1235 1798 1312 1855 τήν
1347 1801 1542 1873 ’ἡμετέραν
1550 1803 1695 1872 „1⁸th-

222 1862 365 1909 ζοντα·
414 1856 600 1912 Ιωαννην
629 1859 728 1915 λέγω
756 1876 828 1901 τον
859 1857 1101 1927 Πρόδρομον
1130 1876 1199 1900 και
1227 1857 1456 1912 Βαπτιστην
1494 1863 1568 1900 τοῦ
1598 1862 1694 1913 Χρι-

221 1919 321 1957 στοῦ
357 1913 558 1957 λούσαντα
597 1916 706 1969 ’ἡμᾶς
747 1913 923 1971 σήμερον
960 1920 1016 1973 τῷ
1054 1913 1158 1971 λόγῳ
1195 1919 1266 1967 τῆς
1296 1916 1521 1968 μετανοίας.
1581 1915 1693 1964 Quae

221 1973 383 2025 quidem
414 1979 594 2025 spectare
625 1974 814 2013 videntur
851 1980 975 2025 caput
1012 1974 1050 2012 S.
1080 1973 1241 2011 Joannis
1278 1973 1474 2023 Baptistae
1503 1972 1578 2011 sub
1609 1986 1693 2012 eam

218 2035 496 2081 tempestatem
523 2030 700 2079 allatum,
731 2036 770 2068 et
799 2031 839 2068 in
867 2030 968 2068 urbe
1000 2029 1440 2081 constantinopolitana
1471 2029 1624 2068 cultum
1655 2035 1695 2068 et

219 2092 487 2125 asservatum:
530 2086 685 2131 tametsi
714 2086 756 2124 id
787 2101 837 2125 ex
867 2087 1000 2125 verbis
1030 2086 1230 2125 Severiani
1263 2099 1342 2124 non
1377 2099 1494 2137 posse
1521 2085 1692 2125 omnino

220 2143 358 2193 colligi
395 2143 599 2182 fatendum
641 2143 703 2182 sit.
766 2135 820 2183 De
856 2142 934 2182 hac
974 2157 1099 2196 porro
1129 2143 1281 2195 triplici
1310 2144 1413 2181 sacri
1444 2141 1597 2195 Capitis
1626 2142 1691 2181 In-

219 2199 408 2238 ventione
439 2201 671 2239 Tractatum
702 2200 799 2239 olim
828 2200 1036 2239 edidimus.
1638 2215 1640 2219 ’

336 2256 429 2306 Pag-
461 2255 554 2299 564
589 2259 653 2298 17-
714 2260 778 2297 Εν
814 2260 871 2313 τῷ
905 2255 1103 2327 λεγομένῳ
1133 2253 1334 2324 Εβδόμῳ]
1373 2255 1534 2295 Rectius
1572 2255 1690 2294 Sozo-

218 2325 358 2350 menus
396 2312 466 2352 lib.
496 2326 583 2352 vm.
624 2326 712 2382 cap.
744 2327 799 2355 1v
845 2311 945 2366 πρὸς
983 2330 1038 2354 τω
1079 2310 1279 2368 Εβδόμῳ,
1322 2319 1367 2351 ut
1407 2308 1582 2364 Καμπος
1615 2311 1692 2352 τοῦ

222 2369 515 2421 Τριβουναλίου
559 2366 657 2422 πρὸς
691 2384 771 2424 τω
790 2367 970 2425 Εβδόμῳ
1009 2383 1098 2414 esse
1131 2369 1279 2408 dicitur
1327 2368 1436 2422 apud
1474 2367 1688 2420 Nicephor.

218 2425 319 2464 Call.
347 2424 418 2463 lib.
448 2437 564 2463 xvm.
596 2438 683 2478 cap.
713 2440 794 2465 xm.
823 2426 867 2464 id
907 2434 966 2466 est
995 2427 1111 2479 juxta
1142 2426 1334 2464 Palatium
1372 2424 1592 2473 Hebdomi,
1638 2423 1688 2463 de

218 2494 299 2532 quo
340 2481 490 2531 agimus
531 2481 573 2519 in
606 2482 953 2536 Constantinopoli
983 2482 1127 2523 Christ.
1159 2488 1199 2521 et
1226 2482 1268 2520 in
1295 2482 1469 2533 Discept.
1499 2480 1549 2520 de
1577 2480 1690 2520 Heb-

218 2537 339 2576 domo
371 2537 750 2590 Constantinopolit.
1497 2559 1500 2562 ¹

333 2594 427 2645 Pag.
458 2593 622 2637 565.1.
682 2596 902 2635 Θεοδοσίου
931 2594 975 2637 τὸ
1005 2592 1067 2649 y'.]
1098 2595 1158 2633 Ita
1182 2594 1289 2632 Fasti
1313 2599 1351 2632 et
1372 2593 1551 2632 canones
1574 2592 1690 2633 Afri-

219 2650 309 2689 cani
338 2651 731 2703 c.33.Perpe1·am
760 2652 927 2690 Idatiani
957 2651 1065 2691 Fasti
1094 2651 1199 2689 MSS.
1228 2653 1355 2690 iterum
1384 2651 1629 2703 pxmaeserunt

332 2707 428 2746 Ibzxd
488 2706 570 2747 Καὶ
598 2708 930 2759 Αβουνδαντίου]
961 2708 1016 2746 De
1044 2707 1123 2746 hoc
1153 2707 1371 2745 Consulatu
1400 2708 1482 2759 agit
1509 2707 1686 2746 Sirmon-

218 2762 294 2802 dus
327 2763 379 2801 ad
408 2762 544 2803 Sidon.
570 2763 613 2802 in
645 2764 888 2816 Panegyrico
916 2764 1134 2812 Anthemii,
1165 2763 1292 2802 initio.

330 2820 424 2870 Pag.
454 2819 548 2862 565
578 2823 617 2863 2.
677 2818 884 2875 Πρόκλος]
923 2821 1117 2871 Proculus,
1154 2819 1258 2859 filius
1297 2819 1451 2860 Tatiani
1487 2818 1686 2859 Praefecti

216 2876 444 2925 Praetorio,
484 2877 553 2929 qui
591 2877 883 2918 Praefecturam
921 2878 1012 2918 urbi
1041 2877 1160 2931 gessit
1189 2891 1291 2916 anno
1322 2890 1527 2917 cccxxmx.
1557 2882 1604 2916 ut
1631 2889 1683 2916 ex
