1884 3262
290 708 684 758 ANALYSIS
724 706 1391 758 CHRONOLOGICA

99 800 1574 954 CHRONICOiVDPASCHALE

376 1003 468 1038 Ex
523 1003 1297 1039 OBSERVATIONIBUS

134 1065 517 1129 JOANNIS
558 1071 1092 1131 BAPTISTAE
1133 1071 1536 1143 HAUTINI‚

237 1173 419 1213 REGII
457 1175 521 1213 IN
559 1174 1025 1216 PRAEFECTURA
1064 1174 1437 1214 PARISIENSI

199 1251 620 1305 CONSILIARII,
656 1255 798 1295 VIRI
839 1254 1052 1294 LONGE
1086 1254 1479 1305 DOCTISSIMI,

151 1328 231 1368 Ac
268 1332 330 1370 IN
367 1334 442 1373 RE
472 1334 981 1373 CHRONOLOGICA
1016 1333 1176 1373 PRAE
1208 1334 1520 1373 CAETERIS

97 1408 570 1464 VERSATISSIMI,
613 1413 780 1462 QUAS
816 1412 1039 1452 MECUM
1080 1413 1578 1454 COMMUNICAVIT

499 1492 545 1532 V.
577 1493 620 1532 C.
650 1493 735 1532 EX
762 1493 935 1532 FILIO
961 1492 1180 1533 NEPOS.

97 1682 154 1753 In
179 1714 265 1754 -hoc
296 1716 498 1756 Chronico
524 1732 605 1757 non
639 1718 778 1759 eadem
809 1732 966 1771 semper
984 1725 1025 1760 et
1051 1718 1202 1771 ubique
1222 1718 1460 1759 observatur
1481 1734 1580 1773 sup-

3 1806 9 1813 .
95 1773 254 1824 putatio
284 1788 478 1814 annorum
508 1775 657 1816 mundi.
715 1777 816 1814 Nam
845 1777 960 1816 verbi
986 1777 1113 1828 gratia
1138 1777 1310 1827 Augusti
1337 1791 1467 1828 mors,
1497 1778 1581 1816 sive

97 1829 184 1867 finis
212 1833 282 1873 56.
314 1831 399 1883 ejus
431 1846 624 1871 annorum
635 1862 646 1882 ,
683 1833 826 1872 inferri
849 1834 1012 1872 videtur
1038 1847 1142 1872 anno
1172 1833 1311 1872 mundi
1332 1836 1457 1877 5521.
1484 1849 1580 1888 pag.

101 1889 193 1929 189.
215 1885 256 1927 d.
289 1882 366 1942 (ecl.
388 1886 509 1942 Reg.)
538 1896 676 1941 postea
694 1897 827 1929 tamen
845 1890 1023 1943 ejusdem
1043 1891 1211 1941 Augusti
1230 1904 1358 1929 annus
1374 1893 1443 1934 39.
1464 1905 1578 1929 com-

96 1949 266 1995 paratur
287 1957 377 1982 cum
396 1959 500 1983 anno
517 1946 569 1984 M.
590 1947 714 1990 5506.
741 1963 783 2000 p.
803 1946 899 1990 534.
928 1962 963 1989 c.
994 1961 1075 1999 quo
1103 1947 1148 1985 fit
1179 1955 1224 1986 ut
1252 1961 1379 1986 annus
1398 1948 1578 2000 ejusdem

98 2000 167 2042 56.
186 2001 271 2039 sive
290 2001 466 2052 ultimus,
486 2002 603 2041 finem
630 2002 776 2043 habeat
800 2004 840 2042 in
870 2018 974 2042 anno
998 2005 1052 2044 M.
1071 2010 1155 2042 tum
1175 2005 1300 2046 5523·
1319 2018 1399 2042 non
1419 2006 1513 2047 521.
1540 2011 1580 2042 et

98 2058 156 2094 sic
175 2057 324 2108 ubique
341 2071 496 2110 semper
521 2059 561 2096 in
590 2060 701 2098 annis
728 2061 906 2099 collectis
938 2067 998 2099 est
1026 2060 1386 2100 metachronismus
1414 2060 1579 2110 biennii,

100 2127 191 2151 cum
222 2114 263 2151 in
293 2117 406 2153 annis
436 2116 620 2168 expansis
650 2118 702 2155 sit
734 2116 1068 2169 prochronismus
1098 2117 1288 2156 eiusdem.
1347 2117 1578 2156 Notandum

99 2176 232 2208 autem
252 2171 364 2222 quod
379 2172 428 2210 ab
449 2173 588 2212 eodem
619 2186 722 2211 anno
739 2174 863 2216 5523.
887 2175 930 2212 in
949 2188 1029 2225 quo
1045 2181 1210 2213 mortem
1229 2173 1399 2224 Augusti
1421 2174 1577 2212 consti-

98 2227 198 2276 tuit,
229 2228 300 2266 etsi
322 2228 357 2266 is
380 2229 502 2280 vulgo
523 2235 691 2281 putetur
710 2232 747 2271 6.
766 2243 918 2270 menses
937 2236 1095 2282 praeter
1112 2232 1179 2274 56.
1199 2244 1325 2269 annos
1344 2230 1578 2282 imperasse,

100 2283 249 2323 Tiberii
267 2290 351 2323 tum
371 2286 545 2337 primum
566 2285 682 2324 etiam
699 2286 874 2328 inchoat.
921 2288 1022 2325 Nam
1043 2301 1189 2325 annum
1211 2287 1359 2325 Tiberii
1381 2287 1445 2330 15.
1467 2302 1580 2326 com-

99 2347 213 2392 parat
234 2355 326 2379 cum
347 2356 450 2381 anno
470 2344 525 2382 Μ.
544 2343 668 2386 5537.
686 2358 726 2396 p.
745 2347 842 2387 209.
875 2343 984 2395 quod
1006 2349 1052 2382 ut
1079 2344 1149 2382 fiat
1167 2357 1327 2382 necesse
1346 2344 1471 2383 fuerit
1490 2345 1579 2397 pri-

99 2411 208 2436 mum
229 2398 379 2437 Tiberii
406 2413 552 2438 annum
584 2413 817 2451 comparare
838 2414 928 2439 cum
960 2414 1063 2438 anno
1082 2401 1133 2439 M.
1153 2402 1262 2443 5523
1296 2401 1375 2439 imo
1406 2415 1580 2453 compa-

100 2460 165 2493 rat
187 2458 250 2497 18.
272 2462 310 2494 et
327 2471 365 2508 p.
386 2461 482 2500 211.
500 2471 538 2495 a.
567 2469 657 2495 cum
684 2471 788 2495 anno
809 2458 860 2495 M.
881 2459 1005 2500 5536.
1063 2458 1150 2496 ,lam
1169 2457 1384 2496 dicendum
1414 2464 1475 2496 est
1491 2460 1579 2496 Au-

101 2512 207 2561 gusti
227 2519 396 2552 mortem
422 2527 510 2552 eum
533 2514 775 2552 constituere
801 2514 842 2552 in
863 2514 935 2552 illo
958 2514 1086 2565 primo
1106 2528 1209 2552 anno
1233 2515 1301 2566 qui
1319 2520 1478 2553 notatus
1496 2521 1581 2553 erat

103 2567 226 2611 5521.
259 2575 298 2608 et
326 2570 476 2609 Tiberii
498 2572 656 2609 initium
685 2571 728 2609 in
756 2571 879 2614 5522.
920 2570 1059 2622 sicque
1085 2571 1221 2610 nullus
1249 2571 1326 2610 erit
1348 2570 1579 2610 metachro-

102 2625 254 2663 nismus
279 2626 490 2679 deinceps,
524 2630 594 2680 qui
623 2626 895 2680 deprehensus
922 2634 983 2666 est
1011 2634 1097 2666 tum
1124 2627 1167 2665 in
1185 2626 1333 2666 Christi
1353 2628 1506 2674 Natali,
1539 2634 1582 2666 ut

105 2680 206 2721 dixi.
264 2683 316 2722 Et
332 2697 429 2722 vero
448 2684 654 2736 legendum
684 2698 767 2723 esse
791 2685 915 2728 5536.
947 2698 1028 2723 non
1053 2685 1178 2727 5537.
1209 2690 1377 2737 apparet
1404 2698 1455 2723 ex
1479 2698 1581 2736 sup-

104 2740 313 2789 putatione
345 2754 539 2780 annorum
567 2742 669 2779 infra
698 2757 738 2793 p.
765 2741 861 2784 215.
895 2756 931 2782 α.
970 2741 1114 2780 deinde
1152 2741 1373 2779 secundum
1413 2741 1578 2779 eandem

105 2796 430 2847 supputationem
465 2805 674 2850 comparat
703 2812 848 2836 annum
878 2801 943 2841 19.
964 2799 1112 2837 Tiberii
1137 2812 1226 2836 cum
1256 2812 1361 2836 anno
1384 2797 1434 2836 M.
1456 2798 1579 2840 5540.

103 2867 143 2904 p.
162 2856 258 2895 220.
282 2852 321 2892 ἄ.
340 2860 378 2893 et
396 2858 492 2898 221.
521 2862 559 2894 et
583 2855 615 2893 si
636 2855 679 2894 id
697 2855 845 2894 referat
876 2855 950 2894 sub
975 2869 1078 2895 anno
1105 2860 1190 2894 ium
1220 2858 1288 2899 18.
1308 2854 1485 2908 ejusdem
1509 2854 1579 2894 Ti-

1602 729 1702 765 v38
