1820 3276
247 185 347 234 384
521 227 529 230 ,
656 198 659 200 ’
806 185 1127 230 NOTAE

249 312 330 349 ger.
387 296 488 336 Vide
519 302 720 348 praeterea
752 295 960 335 Libanium
989 296 1030 335 in
1060 296 1169 337 Orat.
1205 295 1379 335 Funebri
1418 296 1459 336 in
1497 296 1707 344 lulianum,

249 353 555 404 Philostorgium
585 353 652 394 lib.
685 366 741 392 v1.
772 367 857 405 cap.
881 367 920 393 v.
951 355 1157 392 Socratem
1188 353 1253 391 lib.
1285 367 1330 392 11.
1362 367 1448 406 cap.
1478 354 1549 393 ult.
1588 356 1709 392 Sozo-

251 425 353 451 men.
384 411 453 452 lib.
481 423 508 448 1.
540 424 627 462 cap.
658 423 694 447 v.
732 408 965 450 Theodorit.
995 410 1065 449 lib.
1092 424 1137 450 11.
1177 423 1263 463 cap.
1294 410 1366 449 ult.
1403 410 1506 450 Idat.
1536 410 1577 448 in
1605 410 1709 447 Fast.

249 466 477 520 Theophan.
508 481 569 506 an.
598 480 712 505 xxiv.
743 473 819 505 etc.
1510 504 1514 506 .

364 527 456 574 Pag.
485 523 580 566 545.
614 526 678 565 12.
736 523 856 576 Μηνὶ
885 522 996 579 Δίῳ]
1042 523 1102 562 lta
1137 524 1342 571 Socrates,
1378 522 1552 572 matius,
1582 520 1710 561 Theo-

251 580 423 633 phanes,
454 580 681 627 Cedrenus‚
711 586 785 618 etc.
847 580 1073 619 Ammianus
1101 593 1199 618 vero
1234 594 1296 618 111.
1327 579 1493 619 Octobr.

364 635 459 688 Pag.
490 637 586 680 545.
619 639 681 678 13.
741 633 923 690 Εἰρήνης
950 640 1029 677 τῶν
1049 635 1314 688 Εκκλησιῶν]
1352 637 1407 674 De
1438 648 1516 687 qua
1544 630 1736 673 Lactan-'

250 693 328 732 tius
358 694 399 732 in
430 693 496 733 lib.
529 693 577 731 de
614 693 772 732 Mortib.
803 695 1045 732 persecutor.
1075 708 1112 731 n.
1131 707 1159 731 1.
1190 693 1376 731 Restituta
1397 706 1460 744 per
1480 693 1591 729 orbem
1608 696 1711 730 tran-

251 751 454 801 quillitate,
482 751 688 802 profligata
719 764 828 802 nuper
856 751 1023 790 Ecclesia
1046 752 1227 800 resurgit,
1267 754 1300 787 et
1329 750 1460 802 majore
1478 749 1596 799 gloria
1622 752 1709 786 tem-

245 808 346 859 plum
369 807 463 856 Dei,
495 808 587 859 quod
608 807 652 845 ab
671 809 790 858 impiis
810 807 935 859 fuerat
964 820 1114 845 eversum
1129 836 1140 856 ‚
1169 807 1409 844 misericordia
1426 806 1571 844 Domini
1587 804 1711 856 sabri-

249 868 365 902 catur.
422 864 552 902 Infra:
595 865 676 903 Jam
709 867 815 914 quasi
849 865 1006 903 discusso
1032 865 1210 902 transacti
1235 865 1398 914 temporis
1421 862 1562 910 nubilo,
1603 859 1714 900 PAX

243 921 410 969 jucunda
448 926 481 959 et
513 933 635 959 serena
671 920 855 973 laetificat.
915 921 1013 959 Cum
1051 920 1174 971 igitur
1202 919 1568 970 quinquagesimum
1598 916 1710 956 Pacis

247 977 516 1016 Ecclesiarum
547 976 655 1014 hunc
684 990 830 1015 annum
866 977 987 1015 fuisse
1027 977 1082 1016 ait
1122 977 1271 1015 Auctor
1296 975 1509 1020 chronici,
1551 974 1620 1026 qui
1649 979 1711 1012 est

247 1032 591 1072 Antiochenorum
623 1047 712 1072 cnx.
754 1033 905 1072 Christi
943 1033 1120 1083 vulgaris
1164 1046 1319 1071 cchX1.
1362 1032 1458 1071 satis
1498 1031 1631 1070 innuit
1660 1030 1710 1068 ab

249 1090 472 1129 Indictione
513 1090 882 1138 Constantffiianea,
934 1103 1038 1127 anno
1078 1088 1326 1128 Antiocheno
1358 1102 1513 1133 cccnx1.
1563 1086 1710 1126 Christi

250 1160 408 1186 cocxm.
450 1154 535 1185 tum
572 1146 748 1198 primum
788 1160 926 1199 pacem
971 1145 1286 1184 Christianorum
1326 1145 1514 1184 Ecclesiis
1561 1144 1710 1191 datam,

248 1202 450 1255 quomodo
481 1203 529 1241 ad
560 1202 600 1240 id
631 1204 823 1254 temporis
852 1202 969 1241 finem
1008 1202 1299 1241 persecutionis
1337 1202 1477 1240 statuit
1514 1200 1711 1253 Sulpitius

248 1262 443 1308 Severus,
488 1259 556 1311 qui
596 1259 797 1298 scribebat
838 1273 940 1297 anno
982 1272 1087 1297 cccc.
1146 1257 1322 1307 Iccirco‚
1368 1258 1498 1310 inquit
1534 1257 1712 1308 Scaliger

246 1316 317 1358 lib.
348 1330 407 1356 111.
439 1316 641 1354 Canonum
668 1315 860 1366 Isagogic.
890 1321 1045 1353 veteres
1076 1314 1199 1353 Codd.
1230 1315 1401 1353 Canonis
1426 1313 1637 1353 Eusebiani
1654 1313 1710 1352 -ad

248 1373 361 1412 illum
393 1386 538 1411 annum
571 1372 840 1411 Constantini
861 1371 929 1423 qui
968 1371 1044 1410 fuit
1074 1371 1226 1423 primus
1255 1371 1487 1410 Indictionis
1518 1371 1712 1409 Constan-

248 1428 471 1476 tinianeae,
505 1429 605 1467 haec
635 1422 863 1481 apponunt.
903 1428 1010 1466 PAX
1038 1428 1254 1466 NOSTRIS
1287 1428 1319 1466 A
1351 1426 1710 1466 CONSTANTINO

249 1486 487 1525 REDDITA.
547 1486 659 1534 Quae
689 1486 850 1538 quidem
880 1485 1051 1538 Prosper
1081 1484 1122 1522 in
1154 1483 1349 1523 Chronico
1380 1485 1529 1537 pariter
1558 1482 1713 1524 adscri-

249 1542 342 1595 psit.
400 1542 549 1581 Paulus
588 1542 755 1581 Orosius
785 1542 855 1581 lib.
887 1554 960 1580 vn.
1001 1555 1087 1593 cap.
1117 1555 1266 1580 xxvxn.
1312 1541 1560 1581 Constantinus
1587 1553 1713 1592 pacem

98 1602 143 1647 ¹V
158 1599 227 1639 492
249 1600 436 1639 Ecclesiae
453 1603 535 1651 post
550 1599 662 1637 decem
680 1613 812 1647 annos,
845 1612 950 1650 quam
966 1612 989 1636 a
1003 1599 1280 1652 persecutoribus
1302 1599 1522 1647 vexabatur,
1549 1597 1712 1637 indulsit.

249 1656 349 1697 Vide
381 1657 545 1707 Gregor.
575 1656 723 1695 Turon.
753 1655 822 1694 lib.
852 1669 878 1694 1.
908 1655 1010 1695 Hist.
1041 1669 1128 1706 cap.
1158 1668 1303 1694 xxxxv.
1366 1665 1367 1670 ¹
1409 1693 1411 1698 ,
1781 1694 1786 1697 Α

365 1712 584 1763 Pag.545.
618 1715 681 1754 18.
740 1711 1040 1766 Μαμέρτίνου]
1088 1710 1208 1751 Istius
1248 1710 1487 1750 Consulatus
1529 1709 1713 1750 meminit

248 1768 479 1808 Ammianus
507 1769 575 1807 lib.
605 1782 693 1810 xxr.

366 1829 458 1876 Pag
488 1825 582 1868 545
615 1828 680 1867 19
740 1822 903 1879 Εἰρήνη
932 1827 1012 1865 τῶν
1034 1825 1300 1877 Εκκλησιῶν.]
1331 1824 1388 1863 De
1419 1837 1495 1876 qua
1525 1791 1711 1875 superius

248 1881 420 1934 egimus:
451 1888 532 1920 tum
564 1881 690 1930 enim,
719 1888 765 1920 ut
797 1889 856 1921 est
889 1882 994 1934 apud
1025 1881 1310 1933 Hieronymum
1343 1886 1381 1919 et
1403 1881 1639 1933 Prosperum
1668 1879 1711 1918 in

250 1938 397 1977 Chron.
428 1938 572 1978 Juliano
598 1938 646 1976 ad
663 1939 844 1977 Idolorum
865 1939 998 1977 cultum
1024 1950 1206 1986 converso,
1239 1937 1374 1975 blanda
1397 1939 1595 1989 persecutio
1613 1936 1710 1989 fuit,

248 1996 400 2034 illiciens
418 1997 537 2045 magis
555 2007 659 2046 quam
678 1995 856 2046 impellens
871 1995 920 2033 ad
942 1995 1236 2046 sacrificandum,
1251 1996 1290 2032 in
1311 2007 1382 2045 qua
1398 1994 1562 2032 multi‘esc
1582 1995 1713 2033 nostris

249 2053 430 2092 voluntate
451 2053 598 2103 propria
630 2056 845 2090 corruerant.
904 2051 1139 2103 Eutropius:
1175 2050 1379 2101 Religionis
1408 2050 1632 2089 Christianae
1657 2052 1712 2091 in—

250 2113 422 2156 sectator,
448 2108 592 2159 perinde
618 2112 734 2147 tamen
758 2112 801 2146 ut
830 2122 854 2146 a
887 2118 1006 2147 cruore
1030 2109 1228 2147 abstineret.
1287 2106 1396 2154 Quae
1425 2107 1483 2145 sic
1513 2107 1712 2159 expressit

248 2166 416 2204 Joannes
451 2163 741 2203 Antiochenus.
771 2163 1009 2217 Εβέβλαπτο
1034 2163 1078 2205 δὲ
1108 2159 1235 2217 μόνον
1262 2163 1354 2216 περὶ
1380 2178 1455 2216 την
1478 2166 1551 2205 τοῦ
1566 2166 1710 2216 Σωτῆ-

250 2237 322 2275 ρος
343 2224 522 2274 Χριστου
551 2216 669 2270 δόξαν
700 2221 922 2270 ἔναντίως’
903 2220 1029 2290 ἔχων,
1058 2221 1127 2261 καὶ
1151 2217 1408 2289 ἐνιστάμενος
1435 2224 1520 2268 τοῖς
1541 2236 1590 2261 τα
1613 2222 1710 2287 Χρι-

249 2281 422 2319 στιανῶν
442 2290 620 2344 μετιουσι
639 2274 833 2332 δόγματα,
864 2274 914 2319 οὕ
935 2275 1017 2331 μήν
1041 2274 1139 2319 ὥστε
1164 2272 1272 2330 ω’μόν
1293 2273 1324 2329 ἢ
1343 2292 1511 2329 φονικον
1539 2293 1577 2318 τι
1594 2272 1711 2332 ἐργά-

249 2338 400 2376 σασθαι
416 2329 586 2374 πώποτε.

366 2393 458 2440 Pag.
484 2390 577 2432 546.
618 2393 658 2432 2.
717 2387 1014 2457 Διατᾶγματα.]
1060 2390 1300 2442 Philostorg.
1349 2389 1418 2429 lib.
1449 2402 1522 2430 vn.
1565 2402 1650 2441 cap.
1679 2403 1708 2428 1.
1775 2424 1779 2432 ,

254 2450 348 2496 Τοῖς
365 2449 516 2498 Ελλησι
541 2443 607 2486 δια
626 2444 948 2514 προγραμμοῖτων
970 2451 1104 2489 πᾶσαν
1127 2446 1269 2489 ἄδειαν
1291 2444 1547 2499 εἰσενεγκών,
1577 2451 1652 2485 etc.

367 2505 459 2553 Pag.
489 2501 583 2545 546
614 2506 652 2545 6.
715 2506 753 2543 Γ
749 2519 914 2557 εωργιον
922 2504 1195 2569 Ἐπίσκοπον]
1219 2503 1307 2552 'Qui
1330 2503 1497 2555 expulso
1521 2503 1562 2540 S.
1579 2500 1708 2540 Atha-

251 2559 388 2607 nasio,
431 2572 477 2598 ac
516 2558 657 2598 deinde
689 2559 883 2611 Gregorio
918 2563 962 2600 in
999 2561 1285 2614 Episcopatum
1324 2558 1592 2598 Alexandriae
1620 2571 1710 2598 suc-

255 2621 449 2663 cesserat,
476 2621 522 2654 ut
552 2622 611 2654 est
643 2616 750 2668 apud
780 2618 978 2656 Socratem
1011 2617 1079 2656 lib.
1108 2631 1153 2659 11.
1184 2630 1269 2668 cap.
1298 2629 1385 2654 x1v.
1414 2629 1562 2654 xxvm.
1593 2629 1708 2654 xxxx.

252 2680 292 2713 et
321 2673 439 2712 alios·
488 2671 536 2710 de
564 2671 677 2724 cujus
707 2673 827 2712 caede
866 2673 947 2724 agit
988 2673 1092 2712 idem
1130 2673 1310 2725 Scriptor
1346 2672 1415 2712 lib.
1444 2686 1508 2714 111.
1545 2685 1633 2724 cap.
1661 2685 1707 2711 11.

252 2736 299 2767 ut
326 2736 365 2768 et
396 2731 634 2768 Sozomenus
662 2729 732 2769 lib.
763 2742 802 2768 v.
832 2743 919 2781 cap.
951 2743 1024 2769 vn.
1062 2729 1298 2780 Philostorg.
1325 2729 1393 2769 lib.
1430 2742 1500 2775 vn.
1543 2742 1631 2782 cap.
1660 2742 1704 2768 11.

251 2785 480 2838 Hieronym.
508 2785 548 2824 in
580 2785 723 2825 Chron.
751 2785 1011 2846 Theophanes
1048 2800 1151 2826 anno
1181 2800 1209 2827 1.
1241 2792 1314 2827 etc.
1373 2786 1474 2825 Vide
1502 2791 1707 2839 praeterea
1778 2841 1781 2843 μ

250 2841 829 2895 Epiphan.Haer.1,xxv1.n.
863 2857 891 2884 1.
