1884 3262
624 184 1035 230 PRAEFATIO.
1496 191 1561 238 47

100 301 173 337 bus
193 298 445 350 Olympiadis
469 311 689 339 chxxxix.
718 313 844 338 annus
870 314 926 339 ιν.
956 301 1024 352 qui
1045 314 1106 340 111.
1140 301 1218 340 suit
1238 301 1435 354 Iphiteae,
1465 314 1563 342 con-

100 354 254 404 ficitur,
291 354 486 394 Proculus
514 369 586 394 suo
614 356 831 395 Consulatu
863 358 1087 408 proximam
1118 358 1245 408 signet
1265 359 1565 411 Olympiadem:

99 425 203 449 anno
232 411 335 449 enim
367 425 421 453 ιν.
455 412 703 464 Olympiadis
735 413 931 450 Ausonius
961 414 1110 452 Consul
1138 415 1228 454 suit.
1287 416 1401 454 Unde
1434 416 1476 454 in
1499 431 1564 455 se-

99 467 234 518 quenti
254 469 545 519 Epigrammate
562 469 820 508 Consulatum
845 482 961 507 suum
991 484 1076 509 esse
1105 472 1160 509 ait
1190 481 1368 525 quartum
1400 471 1450 510 ab
1470 474 1562 522 imo,

98 524 168 561 ubi
189 524 372 575 quamvis
393 525 490 563 satis
511 525 680 564 obscure
707 532 776 564 aut
803 526 1022 577 improprie
1048 527 1257 578 loquatur,
1283 529 1417 580 inquit
1439 529 1563 567 Scali-

99 593 190 629 ger,
226 581 323 618 satis
360 581 533 620 ostendit
564 595 665 620 anno
700 595 756 623 Ν.
790 582 1038 634 Olympiadis
1081 597 1122 622 se
1159 583 1282 623 fuisse
1316 585 1563 635 designatum

99 636 334 686 Consulem,
363 644 409 676 ut
427 644 487 676 est
506 638 546 676 in
566 637 693 676 Fastis
717 637 916 677 Chronici.
973 639 1106 690 Longe
1133 640 1283 691 quippe
1311 643 1565 682 verisimilior

98 693 285 743 Scaligeri
322 693 481 732 videtur
513 694 789 746 interpretatio
825 696 1040 734 Ausoniani
1073 696 1394 747 Epigrammatis‚
1444 712 1564 749 quam

96 749 249 787 Petavii
268 748 332 800 1).
400 749 603 802 Quicquid
631 751 735 789 enim
766 752 799 790 is
834 758 971 790 contra
995 752 1112 801 velit,
1140 753 1326 791 Lustrum
1358 760 1397 792 et
1422 755 1566 807 Olym-

95 805 182 856 pias
212 805 253 842 in
283 818 329 842 eo
360 805 647 857 Epigrammate
665 808 771 846 idem
798 814 951 846 sonant.
1009 809 1088 847 Sed
1114 809 1241 862 major
1270 816 1330 848 est
1349 810 1563 850 difficultas

95 861 138 899 in
167 861 425 900 conciliandis
456 863 764 916 Olympiadibus
792 878 883 903 cum
902 865 1040 903 lustris
1073 865 1154 903 illis
1173 866 1336 904 Julianis
1363 868 1468 919 apud
1490 871 1566 907 So-

98 925 268 967 cratem,
308 918 422 971 cujus
449 920 561 958 locos
595 926 761 972 uterque
794 921 1007 972 expendit,
1050 929 1091 961 et
1128 921 1178 960 de
1217 923 1361 974 quibus
1391 924 1564 963 invicem

96 973 383 1025 digladiantur:
413 976 556 1027 quibus
576 977 739 1028 quidem
772 978 1054 1016 controversiis
1077 979 1183 1016 inter
1202 992 1365 1030 magnos
1391 980 1480 1019 illos
1498 982 1564 1019 vi-

95 1044 163 1068 ros
186 1031 439 1081 dirimendis,
469 1046 598 1085 neque
614 1033 809 1086 judiciuin
831 1048 962 1073 meum
986 1035 1237 1086 interponere
1255 1037 1404 1087 ausim,
1433 1051 1563 1089 neque

95 1086 129 1124 si
156 1087 278 1125 velim
309 1088 351 1126 id
382 1089 514 1139 quoad
540 1103 623 1127 rem
651 1097 898 1141 praesentem
926 1090 1037 1130 haud
1067 1092 1197 1143 magni
1221 1093 1398 1132 interest.
1455 1094 1563 1132 Illud

95 1142 290 1182 duntaxat
310 1144 521 1183 observare
542 1145 714 1184 sufficiat
736 1161 782 1185 co
803 1155 1000 1199 spectasse
1024 1149 1236 1199 Georgium
1256 1148 1561 1206 Syncellum2)‚

94 1198 188 1237 dum
221 1200 278 1239 ait
307 1214 388 1238 non
423 1203 597 1240 omnium
629 1203 736 1255 apud
762 1218 896 1243 omnes
927 1205 1090 1244 eandem
1121 1205 1247 1244 fuisse
1278 1206 1562 1259 Olympiadum

92 1256 311 1295 rationem:
343 1253 464 1308 Ιὅθεν,
494 1258 646 1311 inquit,
676 1259 744 1300 καὶ
773 1264 856 1309 τοῖς
882 1264 1237 1312 Εκκλησιαστικοῖς
1269 1262 1484 1317 ἱστορικοῖς
1513 1260 1564 1304 ου’

93 1309 433 1365 συμπεφώνηται,
474 1311 529 1362 ὥς
569 1314 650 1355 ἐστι
677 1321 827 1368 μαθεῖν
866 1322 950 1365 τοῖς
988 1317 1250 1370 βουλομένοις
1282 1324 1367 1368 τοῖς
1398 1320 1564 1361 ἐκείνων

92 1364 321 1422 γράμμασιν
352 1367 686 1423 ἐντυγχάνοντας,
731 1373 860 1424 quod,
892 1380 938 1412 ut
962 1374 1057 1412 ahbi
1079 1374 1209 1424 addit,
1239 1389 1320 1414 non
1347 1390 1483 1416 earum
1513 1377 1564 1416 sit

92 1426 166 1478 μία
196 1425 266 1466 καὶ
293 1421 394 1477 αὕτη
423 1426 551 1474 θέσις.
613 1428 658 1467 In
688 1443 733 1467 eo
763 1435 895 1467 tamen
928 1430 1105 1481 Scaliger
1136 1437 1175 1469 et
1200 1431 1384 1470 Petavius
1415 1446 1564 1472 conve-

91 1482 230 1532 niunt,
261 1482 370 1533 quod
394 1482 634 1522 Consulatus
661 1498 734 1536 per
765 1486 1024 1536 quadriennia
1044 1488 1230 1539 componi
1247 1488 1386 1527 solitos
1409 1489 1450 1527 in
1473 1490 1566 1528 citi·

91 1552 178 1577 mae
198 1539 408 1577 vetustatis
429 1540 635 1579 annalibus
663 1541 826 1581 tradant
851 1549 1019 1595 propter
1042 1543 1237 1581 Julianam
1254 1546 1562 1594 tetraeteridem,

24 1605 37 1612 ⁴
92 1594 141 1633 de
168 1608 246 1646 qua
274 1595 302 1632 ii
332 1595 514 1648 pluribus
548 1604 670 1647 agunt
691 1596 761 1650 ³),
801 1599 908 1649 quod
941 1606 1025 1638 tum
1056 1599 1231 1652 primum
1263 1602 1442 1653 coepisse
1478 1603 1564 1641 fieri

89 1663 188 1689 vero
208 1651 334 1690 simile
367 1658 448 1703 est,
478 1653 636 1704 quando
666 1653 877 1693 Paschales
903 1656 968 1694 isti
999 1657 1111 1707 Cycli
1144 1670 1234 1695 cum
1260 1659 1563 1698 nomenclatura

92 1707 308 1746 Consulum
330 1715 422 1747 sunt
452 1710 658 1759 adornati,
695 1710 735 1748 in
764 1712 907 1763 quibus
936 1713 1063 1751 notati
1091 1720 1184 1752 sunt
1214 1713 1385 1753 Bissexti
1419 1717 1563 1767 quovis

14 1803 21 1817 ,-.
91 1764 353 1815 quadriennio
389 1765 514 1804 instar
549 1766 833 1818 Olympiadum
871 1776 1133 1807 recurrentes.
1206 1770 1354 1809 Scribit
1391 1774 1563 1823 Symeon

89 1818 378 1873 Logotheta4)
418 1822 676 1874 Olympiades
714 1830 799 1863 tum
836 1825 1009 1878 primum
1043 1826 1207 1865 desiisse
1247 1829 1448 1867 numerari
1487 1830 1562 1868 sub

90 1875 304 1915 Theodosii
343 1877 472 1929 Magni
509 1879 644 1929 initia,
686 1881 830 1932 quibus
864 1881 996 1933 inquit
1032 1896 1259 1922 successere
1297 1883 1562 1926 Indictiones:

92 1931 301 1986 Ολυμπιοές
325 1936 510 1986 σημαίνει
530 1934 606 1989 τήν
626 1939 866 1990 τετραετίαν·
895 1937 1045 1991 ἤρξατο
1065 1938 1096 1992 ἦ
1125 1937 1289 1992 τοιαύτη
1319 1938 1560 1996 πανήγυρις,

91 1986 157 2030 ὅτε
170 1993 404 2042 Μανασσῆς
431 1995 512 2031 τῶν
542 1993 739 2036 Ιουδαίων
758 1995 1010 2046 ἐβασίλευσε,
1041 1995 1111 2036 καὶ
1129 1994 1367 2047 ἐφυλάττετο
1395 1998 1467 2047 ἕως
1487 2002 1561 2050 τῆς

90 2041 215 2098 ἀρχῆς
241 2049 316 2086 τοῦ
337 2048 576 2098 Θεοδοσίου,
609 2046 692 2089 εἶτα
715 2048 862 2103 ἤρξατο
896 2047 1212 2104 οἷναριθμεῖσθαι
1238 2051 1431 2103 Ῑνδικτος.
1489 2055 1559 2094 At-

12 2140 20 2152 :
90 2103 156 2154 qui
185 2103 316 2155 palam
343 2110 403 2141 est
429 2105 546 2154 longe
574 2111 665 2144 ante
683 2105 950 2147 Theodosium
986 2109 1202 2148 obtinuisse
1232 2109 1476 2149 Indictiones
1497 2110 1557 2165 ⁶).

88 2159 299 2198 Enimvero
337 2160 443 2210 quod
470 2161 664 2200 Eusebius
702 2170 795 2213 post
820 2178 902 2206 cen.
934 2165 1211 2217 Olympiadem
1246 2164 1318 2203 has
1349 2180 1560 2207 numerare

89 2215 275 2265 desierit,
327 2216 367 2254 id
404 2217 503 2255 fecit
542 2218 650 2269 quod
689 2219 732 2257 in
766 2220 881 2259 istam
920 2221 1117 2260 desineret
1158 2221 1336 2260 Africani
1371 2223 1560 2273 Historia,

89 2285 206 2324 quam
229 2279 353 2310 totam
374 2273 599 2325 descripsit.
657 2275 755 2313 Nam
786 2277 973 2329 deinceps
1000 2280 1117 2317 etiam
1142 2285 1368 2317 numeratas
1384 2280 1450 2319 vel
1468 2281 1561 2320 inde

89 2329 308 2379 colligitur,
348 2330 458 2380 quod
489 2331 694 2382 Dexippus
730 2347 872 2372 chxn.
912 2334 1186 2387 Olympiadis,
1227 2348 1305 2387 qua
1341 2335 1562 2376 Historiam

89 2397 199 2422 suam
228 2386 428 2425 scribebat
455 2387 528 2425 sub
563 2388 750 2438 Claudio,
781 2391 1028 2429 nieminerit=
1065 2405 1109 2429 ac
1134 2391 1312 2429 Julianus
1338 2393 1561 2446 Imperator

88 2441 131 2479 in
165 2441 414 2495 Olympiadis
451 2457 651 2484 cccxxxv.
685 2446 884 2486 ludicrum
918 2453 1100 2500 sumptus
1139 2448 1355 2489 contulisse
1395 2450 1560 2502 legatur.

134 2620 368 2703 ¹)418’Ztay4ri35l.
393 2625 427 2660 9.
452 2623 496 2658 de
519 2623 640 2659 Doctr.
662 2629 766 2669 temp.
792 2636 868 2671 cap.
892 2624 950 2661 40.
1009 2625 1139 2671 Scalig.
1164 2626 1208 2661 de
1231 2627 1372 2662 Emend.
1396 2632 1498 2674 temp.
1525 2640 1560 2673 p.

135 2712 153 2731 2

133 2713 181 2801 ³))
197 2713 291 2793 ξέᾗῖ
314 2715 552 2804 {ii-132&
575 2760 657 2798 384.
682 2760 762 2799 405.
808 2762 931 2796 Petav.
955 2762 1014 2798 ub.
1039 2763 1093 2798 ιο.
1118 2767 1155 2797 et
1178 2764 1236 2798 20.

133 2803 179 2846 ⁴)
203 2804 241 2837 In
265 2805 391 2840 Cliton.
421 2807 502 2841 MS.

134 2849 174 2892 ⁶)
199 2849 288 2884 Vide
310 2851 474 2888 Gothofr.
499 2853 543 2888 ad
567 2853 590 2887 l.
610 2855 643 2890 3.
690 2853 776 2890 Cod.
801 2853 935 2888 Theod.
961 2854 1005 2889 de
1027 2853 1161 2899 Indulg.
1185 2853 1291 2888 debit.

1588 635 1690 673 Ρ33

1590 1544 1693 1580 V30
