1884 3262
635 191 1047 234 PRAEFATIO.
1503 197 1568 241 33

108 305 181 344 sub
206 304 321 344 finem
348 305 533 344 mutilum
558 305 680 345 fuerit
707 306 934 357 exemplar,
965 305 1076 358 quod
1094 312 1228 345 monet
1251 307 1393 346 editor.
1454 310 1570 352 Certe

109 362 325 414 optandum
352 362 474 412 soret,
502 368 549 400 ut
575 361 674 400 haec
703 363 972 400 Romanorum
992 363 1224 402 Pontificum
1252 372 1475 416 superesset
1496 382 1569 406 se-

106 418 208 468 ries,
239 431 328 456 cum
347 419 390 456 in
422 418 543 456 dubio
575 419 627 457 sit
657 432 706 456 an
735 425 824 457 ante
847 418 955 457 hunc
979 419 1216 471 scriptorem
1245 420 1346 459 alius
1367 421 1569 473 antiquior

105 472 248 512 horum
269 475 491 525 catalogum
510 489 556 513 ac
580 481 757 528 tempora
777 475 1042 526 descripserit.
1101 476 1181 514 Sed
1196 476 1383 516 damnum
1402 476 1482 517 hoc
1498 494 1570 520 re-

105 530 285 569 sarciisse
313 531 527 582 Georgium
561 531 790 582 syncellum
818 538 932 583 putat
960 531 1154 570 Henricus
1180 532 1408 572 Dodwellus
1426 533 1492 586 ¹),
1522 543 1570 576 ut

106 586 175 638 qui
193 587 298 626 inter
318 588 416 626 alios
438 601 537 639 quos
561 594 721 626 secutus
749 594 807 626 est
833 589 875 626 in
903 588 1092 626 universa
1114 587 1377 640 chronologia
1395 604 1466 629 sua
1489 607 1572 631 au-

104 648 256 692 ctores,
286 644 550 695 Hippolytum
578 644 724 696 (quem
747 650 882 682 tamen
899 645 1018 683 semel
1033 658 1080 683 ac
1095 645 1238 683 iterum
1259 645 1452 685 duntaxat
1474 649 1571 688 lau-

105 697 195 748 dat,
233 700 292 738 uti
325 700 673 751 observavimus,)
710 707 911 750 recenset3
950 714 997 739 eo
1033 701 1242 750 nimirum,
1279 701 1411 753 inquit
1442 705 1489 743 V.
1524 707 1568 746 C.

103 755 349 805 traditionis,
384 762 427 794 ut
447 756 625 803 videtur,
656 756 819 804 ordine,
847 764 894 795 ut
917 757 1180 809 Hippolytum
1199 760 1457 809 exscripserit
1483 762 1571 799 An-

103 811 267 862 nianus,
306 812 530 850 Annianum
555 812 750 851 Maximus
782 814 1017 859 consessor,
1054 827 1189 852 omnes
1225 814 1312 866 ipse
1340 816 1569 866 Syncellus:

34 874 36 878 '
105 880 205 918 quos
242 868 404 919 quidem
436 869 527 920 quia
562 869 641 922 ipsi
668 869 840 908 invicem
869 870 1111 919 sentiebant,
1150 871 1334 922 nuspiam
1359 873 1571 913 manifesto

8 2759 28 2794 μ,

102 923 260 962 refellit.
324 924 500 976 Indeque
531 925 703 976 colligit,
732 926 765 964 si
796 939 914 978 quem
942 926 1138 978 repererit
1167 926 1277 978 apud
1304 927 1569 980 Hippolytum

102 980 340 1018 Pontificum
367 982 636 1019 Romanorum
667 982 919 1032 Catalogum‚
947 982 1061 1021 illum
1088 983 1228 1035 procul
1245 983 1367 1021 dubio
1386 992 1567 1025 secutum

102 1036 220 1074 fuisse
241 1037 489 1088 Syncellum:
522 1051 597 1075 nec
624 1037 794 1090 proinde
825 1039 947 1076 alium
975 1038 1025 1077 ab
1050 1039 1272 1091 Hippolyto
1300 1042 1567 1091 quaerendum

102 1105 187 1131 esse
217 1093 456 1144 Syncelliani
490 1094 663 1145 Catalogi
698 1101 920 1142 auctorem,
961 1108 1049 1133 cum
1079 1096 1209 1134 minus
1239 1103 1442 1147 praeterea
1471 1112 1566 1137 vero

102 1161 319 1187 consonum
349 1150 538 1188 videatur
565 1157 712 1189 temere
744 1157 782 1190 et
808 1165 884 1203 pro
921 1151 1115 1190 arbitratu
1151 1152 1272 1190 fuisse
1318 1167 1340 1190 a
1379 1155 1565 1205 Syncello

102 1204 338 1253 confictum,
384 1220 501 1257 quem
536 1206 654 1257 longe
686 1207 734 1245 ab
778 1207 1004 1246 Eusebiano
1031 1222 1116 1247 esse
1156 1209 1360 1247 diversum
1399 1218 1566 1251 constat.

99 1261 289 1313 Superest
316 1268 468 1311 tamen,
507 1269 554 1301 ut
582 1263 617 1301 is
646 1264 741 1302 alibi
772 1261 997 1316 subdit2),
1039 1265 1182 1317 capitis
1219 1265 1361 1303 lemma
1390 1267 1566 1306 lemmati

99 1316 350 1356 Bucheriano
368 1318 465 1356 adeo
482 1319 620 1368 simile,
651 1326 696 1358 ut
715 1321 787 1358 vix
804 1319 1009 1358 dubitandi
1038 1321 1152 1359 locus
1173 1321 1435 1372 relinquatur,
1469 1325 1564 1375 quin

98 1373 192 1412 inde
219 1387 289 1412 sua
309 1381 511 1413 mutuatus
532 1375 653 1413 fuerit
678 1376 753 1415 iste
778 1374 1068 1427 Bucherianus,
1098 1377 1211 1429 cujus
1234 1378 1377 1416 lemma
1393 1379 1446 1417 ita
1464 1394 1565 1418 con-

97 1430 266 1481 cipitur:
294 1429 365 1468 Ex
385 1445 461 1484 quo
480 1440 646 1483 tempore
662 1447 733 1484 per
749 1433 1027 1470 successionem
1063 1431 1292 1486 dispositum
1305 1463 1316 1481 ,
1352 1436 1439 1487 quis
1457 1434 1564 1488 Epi-

96 1500 261 1539 scopus,
292 1496 328 1524 ετ
348 1496 441 1540 quot
461 1489 575 1525 annis
588 1486 788 1543 praefuit,
818 1486 881 1526 vel
906 1503 982 1540 quo
1014 1489 1235 1541 imperante.
1295 1490 1344 1528 At
1370 1504 1465 1529 vero
1492 1506 1565 1531 cur

98 1542 160 1580 vir
190 1543 480 1581 eruditissimus
510 1542 732 1581 Chronicon
761 1544 870 1582 istud
899 1544 1170 1592 canisianum,
1200 1559 1271 1584 seu
1299 1546 1564 1597 Labbeanum‚

32 1626 35 1628 -
95 1598 254 1650 ipsimet
274 1599 494 1651 Hippolyto
514 1613 592 1637 non
611 1600 747 1651 potius
776 1599 1051 1651 adscripserit,
1084 1615 1201 1652 quam
1220 1601 1392 1652 ejusdem
1414 1611 1562 1642 aucto-

94 1668 179 1693 rem
217 1656 382 1706 vestigia
424 1655 616 1707 pressisse
653 1656 778 1707 ipsius
810 1656 1021 1708 Hippolyti
1062 1657 1190 1695 videri
1227 1659 1411 1708 senserit,
1452 1662 1563 1699 nulla

96 1711 173 1749 alia
204 1711 246 1748 in
275 1726 461 1764 praesens
489 1711 586 1750 mihi
619 1712 802 1751 oboritur
840 1713 964 1762 ratio,
1007 1727 1124 1764 quam
1165 1714 1273 1765 quod
1298 1714 1563 1767 Hippolytum

96 1767 285 1819 martyrio
315 1769 436 1808 vitam
466 1767 611 1806 finiisse
646 1769 875 1807 Alexandro
912 1771 1132 1821 imperante
1162 1770 1275 1821 juxta
1310 1773 1562 1822 quorundam

96 1825 327 1862 sententiam
349 1824 659 1874 existimaverit,
688 1827 862 1878 scriptor
887 1839 983 1864 vero
1017 1826 1204 1865 Chronici
1227 1827 1354 1867 eidem
1379 1830 1561 1881 Augusto

97 1887 299 1933 superstes
318 1881 512 1932 extiterit,
541 1888 586 1920 ut
603 1881 670 1933 qui
697 1881 783 1935 ejus
803 1890 967 1921 mortem
983 1883 1143 1922 referat.

206 1995 350 2035 XXVI.
409 1994 618 2033 Enimvero
638 1995 829 2048 ejusmodi
852 1997 1153 2049 computisticae
1174 1996 1270 2035 artis
1298 1996 1406 2048 apud
1430 1997 1559 2036 Grae-

95 2064 162 2088 cos
191 2057 230 2089 et
260 2051 420 2091 Latinos
452 2052 642 2101 artifices,
679 2059 725 2091 ut
752 2053 908 2092 tandem
936 2068 981 2092 eo
1014 2055 1244 2102 redeamus,
1282 2053 1388 2092 unde
1423 2068 1559 2093 sumus

1588 1318 1694 1356 1³22

1583 2010 1764 2051 Paschalia

1593 2059 1636 2091 ab
1669 2061 1746 2106 ipso

94 2106 283 2158 digressi,
314 2114 441 2146 certas
469 2114 693 2161 temporum
725 2108 916 2160 epochas,
948 2110 996 2148 de
1017 2111 1156 2162 quibus
1185 2111 1283 2147 citra
1304 2110 1424 2147 ullam
1447 2124 1554 2149 con-
1578 2128 1610 2161 v
1638 2134 1686 2169 20

93 2165 324 2202 troversiam
351 2171 530 2202 constans
559 2171 657 2202 esset
688 2172 919 2214 auctorum,
951 2167 1015 2204 vel
1050 2167 1247 2215 omnium,
1289 2167 1353 2204 vel
1382 2167 1556 2217 plurium

95 2226 222 2269 certe,
259 2221 537 2272 potiorumque
568 2235 805 2270 consensus,
846 2229 1092 2271 statuerunt,
1134 2236 1235 2274 quae
1277 2230 1404 2260 essent
1431 2224 1557 2262 velun

93 2273 296 2329 κριτήρια,
336 2284 375 2315 et
405 2278 504 2328 lydii
538 2278 709 2329 lapides,
748 2291 919 2328 quorum
956 2279 1172 2328 beneficio,
1210 2293 1290 2316 non
1330 2285 1556 2330 temporum

93 2332 233 2382 mod0‚
264 2333 333 2372 sed
355 2340 393 2371 et
415 2335 607 2372 festorum
634 2334 900 2384 paschalium,
929 2335 1183 2374 Judaicorum
1204 2349 1343 2386 nempe
1370 2343 1407 2374 et
1432 2335 1556 2375 Chri-

93 2388 333 2439 stianorum,
363 2391 554 2428 rationem
579 2391 845 2442 explorarent.
918 2391 1037 2439 Quod
1053 2392 1212 2443 quidem
1240 2398 1284 2430 ut
1313 2392 1494 2429 amussim
1520 2401 1558 2431 et

94 2458 183 2499 cum
217 2447 470 2485 accuratione
499 2454 752 2498 peragerent,
793 2460 948 2485 necesse
979 2454 1084 2496 erat,
1126 2454 1170 2486 ut
1212 2447 1260 2485 ab
1294 2447 1384 2500 ipso
1417 2450 1557 2487 mundi

95 2501 259 2540 conditu
287 2510 520 2554 repeterent.
587 2504 643 2541 lta
671 2504 873 2542 Victorius
892 2502 959 2557 3):
1003 2502 1148 2542 Videre
1173 2503 1271 2542 mihi
1300 2503 1456 2554 videor,
1488 2506 1556 2542 in-

95 2558 202 2609 quit,
241 2557 463 2600 istiusmodi
493 2557 725 2613 disciplinae
751 2570 934 2599 secretum
968 2558 1268 2600 luculentissime
1290 2574 1404 2613 posse
1432 2575 1555 2598 enar-

1546 2226 1554 2232 .
1567 2201 1680 2235 mundi
1706 2217 1767 2239 ρχ-

1570 2255 1666 2280 ormo
1686 2262 1766 2285 coe-

1624 2298 1696 2338 pta.

137 2712 181 2758 1)
215 2713 255 2747 In
286 2713 433 2749 Dissert.
466 2714 510 2749 de
542 2714 716 2761 primaeva
747 2715 904 2753 Pontific.
935 2716 1033 2751 Rom.
1066 2726 1194 2750 succes.
1226 2726 1301 2761 cap.
1338 2714 1391 2751 14.
1434 2716 1462 2759 §.
1502 2705 1568 2750 19.Δ
1598 2716 1601 2721 “

183 2764 218 2793 et
239 2762 297 2796 20.

138 2805 183 2848 2)
217 2805 302 2850 eap.
327 2806 357 2839 5.
383 2806 411 2849 §-
436 2807 469 2841 5.

139 2850 182 2893 ει)
215 2851 268 2883 Ex
294 2851 378 2885 cod.
403 2851 480 2887 MS.

151 2902 341 2937 Chronicon
374 2903 542 2938 paschale
570 2906 637 2938 vol.
668 2906 715 2940 11.
1251 2901 1277 2941 3
