1884 3262
328 225 394 271 36
864 215 1269 260 PRAEFATIO.

329 340 470 373 auctor
491 341 536 373 ut
554 333 676 372 idiota
697 331 924 370 traducitur
942 345 964 369 a
981 330 1199 381 Scaligero:
1226 342 1299 368 nec
1319 328 1481 381 injuria,
1512 341 1600 366 cum
1619 326 1790 379 plurima

331 397 448 442 atque
468 391 567 428 adeo
587 390 667 427 fere
690 388 818 425 omnia
841 387 945 438 stylo
964 386 1177 426 admodum
1200 385 1352 435 vulgari
1370 393 1408 422 et
1427 385 1576 439 χυδαίῳ
1596 397 1789 423 exarave-

330 447 395 485 rit.
457 446 555 484 Huc
585 444 760 490 accedit,
799 443 907 494 quod
935 457 1025 482 cum
1049 443 1197 495 triplex
1227 442 1278 479 sit
1302 440 1410 493 apud
1442 441 1614 479 Graecos
1645 453 1735 478 aera
1765 453 1789 477 a

331 501 469 540 mundi
495 500 676 548 conditu,
709 500 760 537 ad
789 499 968 538 Natalem
987 498 1154 548 Christi,
1185 503 1223 536 et
1251 496 1394 536 exinde
1421 496 1566 535 secutis
1589 495 1791 547 tempori·
1871 519 1879 547 μ

330 559 426 606 bus,
457 563 502 594 ut
530 569 626 607 prae
647 555 811 593 caeteris
840 555 956 594 docet
982 555 1163 594 Petavius
1182 554 1272 592 loco
1298 559 1390 604 post
1412 551 1635 590 Chronicon
1656 552 1791 599 allate,

331 614 447 651 aliam
468 614 633 650 Sanctus
652 611 868 660 Maximus,
897 612 1013 650 aliam
1037 617 1177 649 auctor
1198 609 1397 647 Paschalis
1423 608 1575 648 ineunt.
1632 607 1792 659 Quippe

331 671 368 709 S.
387 668 583 706 Maximus
616 674 848 720 computum
874 681 988 706 suum
1011 666 1328 705 Ecclesiasticum
1349 678 1452 703 anno
1474 678 1588 704 xxxr.
1618 662 1792 702 Heraclii

329 725 435 776 (quo
464 723 498 762 is
525 723 723 762 extinctus
751 729 810 761 est
835 737 892 762 XI.
921 723 1051 761 Martii
1084 723 1170 760 Ind.
1188 719 1302 776 xw.)
1333 734 1373 759 se
1403 719 1686 771 conscripsisse
1713 732 1793 757 non
1860 723 1862 725 ’

329 793 409 818 uno
442 780 532 818 loco
563 776 812 832 testaturl),
849 780 937 830 qui,
977 779 1128 829 inquit,
1159 790 1283 816 annus
1309 783 1368 816 est
1400 791 1421 815 a
1450 776 1598 815 mundo
1629 774 1792 814 condito

328 850 385 874 w.
413 849 625 876 mcxxxm.
682 834 807 886 Atqui
837 836 959 873 ducto
985 835 1099 873 initio
1131 849 1151 872 a
1173 833 1303 872 Natali
1325 832 1492 881 Christi,
1523 846 1639 883 quem
1655 832 1697 870 in
1717 844 1793 870 au-
1872 851 1884 896 ἦ

330 905 426 931 num
454 891 590 930 mundi
619 904 658 929 v.
686 904 776 930 MDI.
808 891 986 943 conjicit,
1017 891 1122 928 idem
1144 903 1268 928 annus
1300 903 1419 928 xxxl.
1457 888 1633 927 Heraclii
1658 887 1702 926 in
1719 900 1793 926 an-
1860 894 1884 908 '⁵

331 961 425 986 num
447 947 592 986 Christi
614 947 896 998 Dionysianum
927 947 1039 998 juxta
1061 947 1169 984 illius
1191 946 1397 984 calculum
1413 958 1617 984 ncxxxln.
1635 943 1794 987 incide-
1873 925 1884 990 i

331 1005 405 1042 rit:
441 1004 585 1055 quibus
605 1004 639 1041 si
659 1016 749 1041 vin.
778 1003 890 1052 anni,
922 1010 1021 1054 quot
1051 1001 1218 1054 proinde
1248 1002 1425 1040 Natalem
1446 1000 1590 1038 Christi
1612 1006 1796 1039 antever-
1875 995 1884 1069 Ξ

331 1060 393 1107 tit,
420 1059 536 1112 juxta
551 1058 816 1108 Panodorum,
845 1065 890 1097 ut
910 1065 948 1097 et
965 1060 1005 1097 in
1018 1058 1283 1107 Chronologia
1301 1057 1475 1110 ejusdem
1494 1063 1684 1107 computo
1701 1055 1797 1094 sub·
1867 1056 1879 1102 ’Ἰ

333 1117 439 1164 dita,
478 1115 697 1164 addantur,
737 1115 805 1153 fiet
836 1129 960 1154 annus
986 1128 1120 1156 nexu.
1151 1114 1431 1165 Dionysianus‚
1477 1126 1555 1164 quo
1586 1111 1797 1151 Heraclius
1863 1117 1884 1160 j

333 1172 445 1211 obiit.
506 1173 556 1210 At
572 1171 789 1209 secundum
805 1170 1005 1210 Paschalis
1034 1170 1292 1219 scriptorem,
1323 1169 1388 1208 cui
1407 1182 1532 1207 annus
1554 1168 1700 1207 Christi
1721 1169 1799 1207 Na-
1876 1168 1884 1226 ξ

329 1225 421 1265 talis
455 1227 656 1266 interdum
686 1233 746 1265 est
775 1240 813 1266 v.
837 1241 971 1266 MDVII.
990 1226 1188 1265 interdum
1217 1239 1256 1264 v.
1274 1239 1393 1264 me.
1424 1238 1549 1263 annus
1565 1238 1685 1263 xxxn
1715 1224 1799 1264 He—
1866 1225 1878 1238 '

329 1283 445 1322 r-aclii
467 1283 648 1335 Imperii,
679 1289 837 1334 sumpto
861 1283 974 1321 initio
999 1297 1021 1320 a
1036 1296 1077 1322 v.
1103 1282 1309 1331 Octobris,
1339 1295 1417 1333 quo
1443 1281 1508 1320 die
1526 1295 1640 1320 caeso
1661 1280 1797 1319 Phoca
1867 1274 1884 1317 't‘

329 1346 523 1390 tyranno,
554 1338 696 1379 Indict.
721 1351 806 1375 xw.
836 1338 1050 1390 Imperium
1070 1337 1177 1386 iniit,
1208 1337 1286 1376 erit
1306 1351 1439 1375 nexu.
1459 1350 1548 1375 nam
1569 1350 1694 1375 annus
1709 1337 1798 1389 pri-
1874 1331 1884 1379 f

330 1408 418 1432 mus
441 1395 613 1432 Heraclii
640 1394 683 1431 in
709 1406 856 1431 annum
886 1393 1025 1432 mundi
1053 1393 1202 1431 conditi
1229 1406 1287 1433 VI.
1318 1406 1462 1434 mcx1x.
1497 1393 1720 1446 seulpotius
1740 1407 1797 1432 VI.
1867 1390 1884 1419 ⁵¹

330 1463 507 1488 mcxvut.
528 1463 607 1501 quo
623 1449 787 1487 indictio
807 1463 892 1490 xw.
912 1463 1045 1488 mense
1058 1449 1279 1501 Septembri
1296 1449 1453 1487 initium
1472 1448 1601 1499 duxit,
1631 1449 1797 1500 confert,
1866 1459 1875 1488 .’

331 1506 399 1558 qui
418 1506 496 1544 fuit
512 1519 642 1543 annus
662 1504 807 1543 Christi
828 1506 1092 1557 Dionysianus
1116 1518 1208 1543 nex.
1231 1505 1295 1543 cui
1313 1505 1345 1543 si
1363 1504 1562 1544 addantur
1579 1519 1696 1544 xxxl.
1721 1505 1798 1544 Im-

207 1574 242 1607 v
262 1574 309 1610 22
331 1562 431 1614 perii
462 1561 641 1614 ejusdem
668 1562 836 1611 Augusti
867 1562 982 1610 anni,
1033 1561 1100 1600 [iet
1129 1575 1255 1600 annus
1283 1560 1432 1599 Christi
1463 1561 1635 1613 vulgaris
1662 1575 1798 1600 nexu.

333 1632 413 1670 quo
438 1617 511 1655 ille
542 1617 742 1655 extinctus
771 1623 840 1657 est.
895 1618 1076 1656 Jamvero
1105 1617 1213 1669 quod
1241 1619 1281 1657 S.
1302 1618 1517 1667 Maximus,
1559 1618 1723 1670 perinde
1750 1631 1799 1657 ac

334 1679 476 1713 auctor
506 1672 703 1711 Paschalis
735 1672 941 1723 Chronici,
986 1674 1143 1725 cyclum
1175 1687 1335 1712 Dxxxu.
1370 1686 1560 1712 annorum
1595 1675 1776 1713 admittat
1786 1689 1799 1724 ;

331 1736 537 1780 receptum
559 1743 605 1767 ea
629 1735 860 1780 tempestate
879 1729 984 1782 apud
1005 1730 1177 1768 Graecos
1207 1730 1300 1768 satis
1325 1730 1418 1768 inde
1440 1730 1659 1780 evincitur,
1690 1729 1800 1782 quod.

335 1785 454 1824 etiam
483 1784 654 1823 advertit
671 1784 902 1827 Bucherius.
960 1785 1110 1824 Deinde
1130 1786 1163 1824 si
1181 1788 1216 1825 S.
1238 1786 1431 1824 Maximus
1448 1792 1587 1825 auctor
1607 1792 1708 1825 esset
1725 1787 1798 1825 Pa-

335 1840 482 1879 schalis
510 1840 715 1888 Chronici,
745 1842 877 1892 ejusce
907 1842 1038 1893 operis
1064 1856 1087 1879 a
1110 1855 1152 1880 se
1182 1841 1278 1880 editi
1312 1842 1550 1880 meminisset
1570 1843 1734 1881 indubie
1755 1842 1797 1882 in

334 1902 521 1948 computo
553 1897 855 1946 Ecclesiastico,
907 1910 1023 1948 quem
1051 1911 1153 1936 anno
1183 1898 1342 1936 demum
1375 1898 1547 1937 Heraclii
1567 1913 1681 1939 xxxx.
1701 1911 1796 1938 con·
1871 1942 1873 1946 Α

334 1954 482 1991 fectum
513 1959 692 1992 testatur.
750 1953 828 1991 Sed
859 1967 902 1991 ea
929 1953 1097 2004 ipsamet
1126 1960 1381 2005 tempestate,
1420 1954 1462 1993 id
1497 1961 1555 1994 est
1578 1955 1798 2007 imperante
1867 1994 1870 1998 ,

334 2008 531 2057 Heraclio,
560 2009 726 2048 Joannes
747 2008 989 2061 Philoponus
1010 2009 1315 2062 disputationem
1338 2010 1388 2048 de
1403 2010 1593 2049 Paschate
1610 2011 1798 2061 instituit,

336 2065 404 2115 qui
427 2064 565 2103 eadem
584 2066 736 2103 ratione
756 2072 896 2103 auctor
916 2065 1103 2105 Chronici
1124 2066 1201 2104 dici
1220 2068 1411 2118 potuerit,
1439 2081 1518 2118 qua
1537 2067 1701 2116 scilicet,
1730 2067 1798 2106 de·

337 2121 438 2158 eima
453 2122 572 2159 -tertia
592 2122 725 2159 Lunae
757 2121 885 2174 pridie
906 2123 1058 2173 Legalis
1082 2122 1284 2161 Paseliatis
1302 2123 1509 2174 mysticam
1530 2124 1684 2162 Domini
1704 2137 1800 2162 coe-
1860 2128 1868 2167 ζ

334 2190 445 2224 nam,
475 2190 603 2227 neque
628 2176 827 2216 Christum
851 2184 948 2216 tunc
972 2192 1062 2217 cum
1081 2178 1292 2231 Discipulis
1311 2192 1451 2229 agnum
1470 2180 1688 2218 comedisse
1705 2193 1801 2232 pro-
1868 2223 1869 2226 Ἰ

335 2233 424 2270 bat:
456 2245 546 2270 cum
572 2240 700 2271 essent
723 2235 920 2283 nonnulli,
952 2234 1019 2285 qui
1046 2235 1185 2283 simul,
1210 2235 1342 2284 inquit
1366 2236 1454 2285 ille,
1482 2242 1566 2274 tum
1587 2243 1799 2287 utrumque

337 2287 548 2337 contigisse
567 2290 870 2339 contenderent,
902 2291 957 2328 ita
975 2298 1020 2329 ut
1038 2292 1222 2330 nimirum
1247 2290 1426 2330 Christus
1447 2292 1618 2344 primum
1639 2292 1799 2343 quidem

333 2343 460 2394 legale
481 2344 632 2382 Pascha
663 2346 957 2398 adimpleverit,
989 2345 1235 2400 (Quoniam,
1267 2347 1340 2394 ait,
1370 2362 1447 2386 non
1474 2349 1559 2386 veni
1583 2347 1728 2387 soluere
1746 2345 1798 2387 le·

333 2414 438 2451 gem,
481 2397 548 2436 sed
576 2399 788 2452 adimplere
807 2399 880 2456 Ὅ)
920 2402 1015 2441 huic
1044 2410 1174 2441 autem
1203 2416 1342 2442 verum
1364 2403 1494 2442 statim
1527 2410 1565 2442 et
1587 2404 1799 2456 mysticum

340 2454 610 2506 subjunxerit,
639 2457 749 2507 cujus
779 2458 880 2496 illud
904 2465 987 2497 erat
1005 2465 1139 2511 typus.
1200 2459 1320 2506 Quod
1340 2459 1497 2510 quidem
1518 2460 1802 2509 Argumentum

337 2510 453 2560 longe
483 2517 570 2549 ante
599 2511 864 2563 Philoponum
893 2516 1063 2565 aggressi
1100 2515 1259 2553 fuera-nt
1284 2515 1528 2566 Hippolytus
1560 2516 1799 2563 Portuensis,
1860 2527 1862 2531 ’

334 2579 384 2605 eo
402 2566 444 2604 in
470 2580 589 2618 opere
613 2568 677 2605 cui
699 2569 858 2606 titulum
881 2571 1083 2621 praefixit,
1124 2573 1194 2611 Οτι
1213 2570 1237 2611 o‘
1255 2567 1405 2622 Κύριος
1426 2571 1468 2611 ἐν
1495 2566 1527 2626 ᾧ
1549 2571 1699 2621 ἔπαθε,
1727 2569 1799 2612 τόν

335 2620 501 2664 τωπικόν
530 2619 605 2664 οὔκ
632 2623 802 2678 ἔφαγεν,
832 2626 1081 2678 Apollinaris⁴
1098 2626 1417 2679 Hierapolitanus
1435 2627 1676 2680 Episcopus,
1708 2627 1801 2666 Cle-

382 2811 426 2900 3
449 2811 648 2893 inffittiff'vc'
660 2813 728 2893 1177.
751 2814 806 2849 ³2
