1820 3276
266 165 365 215 488
830 166 1152 211 NOTAE

267 276 490 332 cephorus,
526 273 703 314 sciibens
731 273 962 314 Heraclium
1003 274 1056 314 ad
1082 273 1296 328 Imperium
1325 274 1611 327 capessendum
1639 275 1732 315 Cn-

264 347 383 387 spum
412 331 687 381 cohortatum,
727 344 819 370 cum
847 345 930 371 non
958 344 1000 370 se
1026 331 1135 371 illius
1165 331 1388 386 usurpandi
1416 333 1545 384 gratia
1577 335 1733 372 venisse

264 390 442 438 diceret,
482 387 552 428 sed
582 393 627 427 ut
654 401 677 426 a
706 387 812 427 Foca
840 394 1012 441 tyranno
1051 401 1190 428 eorum
1219 401 1321 441 quae
1348 388 1391 427 in
1419 388 1656 428 Mam-icium
1685 401 1735 428 ac

265 445 450 486 Mauricii
477 444 627 485 liberos
655 443 927 495 commiserat,
957 444 1180 485 facinorum
1209 457 1359 498 poenas
1387 451 1605 498 repeteretz
1643 444 1736 483 Cri-

268 516 423 556 spoque
462 501 691 550 abnuente,
733 500 893 540 tandem
930 501 1215 555 Imperatorem
1255 500 1488 541 Heraclium
1526 516 1550 540 a
1588 502 1736 541 Senatu

266 558 504 612 populoque
534 557 826 611 proclamatum
856 571 965 608 esse,
994 565 1035 599 et
1064 573 1087 597 a
1119 556 1350 597 Patriarcha
1373 563 1622 598 coronatum.

382 618 475 665 Pag
504 615 696 658 708.15.
754 613 1044 668 Αρχιβασιλέα]
1087 613 1249 667 Quippe
1291 614 1378 653 Rex
1413 614 1621 654 Persarum
1648 613 1738 652 Rex

269 671 419 722 Regum
449 669 765 720 inscribebatur,
797 670 907 723 quod
934 684 1025 710 cum
1053 670 1387 721 Provinciam,
1427 670 1493 709 vel
1522 670 1640 710 etiam
1668 668 1737 708 ci-

268 728 438 768 vitatum
468 727 662 780 majorum
693 727 884 766 Rectores
913 730 1095 775 Βασιλεῖς
1122 727 1272 780 pariter
1301 726 1549 775 dicerentur,
1588 726 1660 779 qui
1687 725 1738 765 iis

267 784 453 824 omnibus
489 784 714 838 imperabat
750 783 959 824 Persarum
988 785 1096 833 Rex,
1135 797 1181 823 ea
1211 783 1261 822 de
1293 796 1411 822 causa
1439 783 1556 835 Regis
1584 783 1737 834 Regum

265 841 387 880 tituto
422 841 546 892 vulgo
587 839 841 890 donabatur,
891 846 935 880 ut
981 846 1040 880 est
1082 840 1192 893 apud
1231 839 1476 878 Brissonium
1512 840 1564 880 de
1601 839 1737 892 Regno

267 898 501 948 Persarum,
532 903 573 937 et
601 897 643 936 in
675 897 879 937 Dissertat.
909 903 1044 937 nostra
1075 896 1126 935 ad
1153 895 1380 936 Joinvillam
1409 910 1539 937 xxvu.

383 956 602 1004 Pag·709·
637 957 700 996 17.
766 955 894 994 Τοῦτο
901 950 1017 1023 γάρ]
1058 953 1238 994 Holsten.
1263 955 1401 994 ταῦτα.

384 1012 603 1060 Pag.710.
637 1012 703 1053 10
762 1007 842 1050 Διὰ
870 1006 914 1051 τὸ
935 1008 1041 1062 νῦν]
1071 1009 1138 1048 Sic
1167 1009 1465 1049 emendavimus
1493 1022 1545 1048 ex
1572 1007 1747 1074 Holst:e-⁴

270 1066 362 1117 nio,
393 1080 485 1105 cum
514 1079 639 1119 prave
668 1072 773 1106 esset
800 1066 970 1116 editum,
1000 1062 1068 1107 διᾶ
1091 1065 1243 1106 τοίνυν.

383 1126 477 1174 Pag.
507 1125 604 1166 710
639 1125 703 1164 13
761 1121 994 1176 Εἶσέρχεται
1029 1121 1074 1164 ἐν
1115 1120 1302 1177 δευτέρα]
1349 1120 1440 1160 Hoc
1476 1133 1582 1160 anno
1620 1119 1738 1160 litera
1785 1130 1790 1142 ’

268 1178 522 1219 Dominicalis
551 1184 637 1218 erat
668 1178 745 1218 DC.

332 1247 336 1251 “
383 1239 476 1286 Pag.
506 1239 602 1278 710-
635 1237 699 1277 16.
758 1229 824 1275 ια’.
856 1228 984 1275 οὖσαν
1010 1232 1271 1286 Ινδικτιωνα]
1299 1233 1345 1273 Id
1377 1238 1437 1273 est
1466 1233 1632 1286 Cyclum
1660 1233 1742 1272 Lu-

266 1305 423 1331 narem:
463 1305 556 1330 nam
586 1304 675 1329 cum
708 1303 848 1344 passus
879 1297 938 1330 est
968 1290 1173 1340 Christus,
1210 1296 1297 1330 erat
1326 1290 1474 1342 Cyclus
1497 1304 1556 1332 xx.
1585 1295 1632 1329 ut
1658 1289 1740 1331 Au-

269 1354 359 1388 ctor
386 1361 508 1400 supra
537 1347 720 1400 scripsit,
750 1347 845 1386 licet
872 1361 1014 1387 revera
1043 1353 1145 1387 esset
1172 1353 1259 1386 tum
1288 1361 1328 1389 x.
1363 1346 1567 1386 Hautinus.
1750 1375 1753 1381 «

125 1414 156 1448 Ρ
177 1415 247 1451 612
384 1407 478 1455 Pag.
508 1407 604 1447 711.
634 1407 674 1448 6.
731 1400 936 1456 Γράφεται
964 1407 1037 1458 τῆς
1065 1402 1296 1456 Βασιλείας]
1337 1403 1457 1442 Nulla
1485 1402 1664 1453 scilicet,
1691 1417 1740 1443 ac

268 1460 486 1515 deinceps,
525 1460 726 1514 adscripta
758 1461 998 1500 Consulatus
1027 1466 1121 1499 nota
1147 1460 1369 1510 numerali,
1400 1473 1518 1513 quem
1541 1459 1621 1499 hoc
1648 1459 1740 1513 ipso

269 1531 397 1569 anno,
435 1516 612 1555 Januarii
640 1531 669 1556 1.
700 1516 789 1567 die,
833 1517 979 1557 Indict.
1008 1531 1047 1557 v.
1075 1516 1212 1557 iniisse
1243 1517 1406 1556 Novum
1435 1515 1741 1556 Constantinum

123 1574 151 1609 V
177 1575 247 1612 556
268 1574 408 1614 scribit
432 1573 718 1626 Theophanes,
763 1579 804 1612 et
833 1587 886 1613 ex
919 1588 967 1614 eo
998 1573 1200 1614 Cedrenus
1237 1579 1276 1613 et
1305 1575 1480 1627 Symeon
1510 1572 1741 1625 Logotheta.

269 1632 323 1672 At
359 1631 456 1670 licet
493 1632 623 1669 minus
661 1630 874 1684 probabile
910 1629 1041 1671 videri
1080 1630 1210 1684 possit
1248 1631 1517 1683 Scriptorem,
1557 1630 1628 1683 qui
1664 1629 1743 1670 hac

270 1688 359 1741 ipsa
386 1693 621 1739 tempestate
649 1687 778 1737 vixit,
816 1688 931 1727 silere
960 1687 1169 1733 debuisse,
1213 1686 1412 1739 siquidem
1437 1700 1575 1726 verum
1605 1687 1742 1737 suerit,

272 1746 576 1783 Constantinum
611 1743 820 1783 Consulem
850 1742 928 1782 hoc
958 1758 1061 1783 anno
1092 1743 1263 1783 dictum.
1299 1743 1404 1783 illud
1437 1750 1572 1783 tamen
1608 1743 1742 1797 ipsum

271 1801 479 1840 adstruere
510 1799 673 1839 videtur
698 1799 896 1852 adscripta
930 1801 1125 1854 temporis
1153 1807 1248 1839 nota
1279 1794 1449 1840 Hono‘rii
1477 1802 1607 1854 Papae
1635 1800 1745 1858 Epi-

271 1857 400 1896 stolae
429 1857 482 1896 ad
511 1856 731 1896 Honorium
769 1857 1013 1909 Episcopum
1051 1858 1416 1908 Dorovernensem‚
1453 1857 1562 1910 apud
1594 1844 1743 1898 Bedam

271 1913 314 1952 in
345 1913 445 1951 Hist
480 1912 594 1963 Angl.
627 1912 696 1954 lib.
728 1927 773 1951 11.
805 1927 896 1965 cap.
924 1927 1041 1952 xvm.
1071 1914 1165 1954 edit.
1193 1912 1479 1963 chiffletianae,
1509 1927 1612 1965 quae
1630 1913 1744 1955 bisce

275 1970 411 2009 verbis
441 1975 633 2021 concepta
662 1970 823 2020 legitur.
858 1970 960 2008 Data
989 1970 1047 2009 die
1074 1973 1182 2008 tertia
1210 1969 1344 2008 Iduum
1369 1971 1651 2020 Ianuariarum,
1677 1973 1744 2010 im-

269 2028 481 2078 perantibus
507 2025 669 2064 Dominis
690 2029 819 2065 nostris
842 2028 1017 2078 piissivm's
1043 2028 1237 2077 Augustis,
1266 2027 1437 2066 Heraclio
1464 2041 1556 2066 anno
1583 2029 1747 2067 vicesimo,

274 2088 425 2134 quarto,
461 2086 543 2134 post
573 2083 802 2122 Consulatum
830 2082 985 2131 ejusdem
1018 2085 1180 2123 vicesimo
1209 2086 1331 2131 tertio,
1377 2087 1483 2135 atque
1512 2083 1745 2124 Constantina
1786 2128 1788 2131 ,

264 2140 351 2191 filio
379 2141 493 2191 ipsius
521 2153 615 2178 anno
641 2140 803 2178 vicesimo
832 2141 954 2188 tertio,
983 2143 1018 2177 et
1047 2139 1262 2179 Consulatus
1294 2140 1373 2189 ejus
1401 2153 1494 2178 anno
1522 2142 1645 2180 tertio.-
1681 2142 1744 2182 sed

275 2200 310 2234 et
338 2196 509 2234 Heraclio
536 2194 753 2234 Felicissimo
781 2195 929 2234 Caesare
957 2199 1038 2235 item
1055 2196 1142 2249 filio
1168 2197 1246 2245 ejus
1274 2210 1367 2235 anno
1394 2199 1515 2246 tertio,
1545 2197 1746 2238 Indictione

275 2254 447 2302 septima,
485 2252 525 2290 id
553 2256 625 2301 est,
654 2267 747 2291 anno
775 2252 982 2291 Dominicae
1009 2252 1277 2292 Incarnationis
1304 2256 1545 2301 sexcentesimo
1572 2256 1746 2294 tricesimo

278 2312 430 2359 quarto.-
459 2321 561 2358 quae
592 2307 752 2360 quidem
782 2309 874 2347 anni
904 2315 996 2347 nota
1026 2315 1087 2348 est
1115 2309 1240 2361 ipsius
1270 2309 1411 2349 Bedae.
1467 2310 1528 2349 Ex
1556 2309 1634 2350 hac
1661 2311 1743 2362 igi-

278 2370 344 2403 tur
373 2363 549 2416 Epistola
578 2370 663 2403 tum
694 2364 850 2403 demum
883 2365 1093 2404 Consulem
1123 2366 1273 2405 sactum
1303 2365 1627 2417 Constantinum,
1654 2367 1743 2406 He-

277 2420 444 2460 raclium
481 2434 579 2459 vero
616 2434 687 2460 seu
717 2421 1018 2471 Heracleonam‚
1053 2422 1180 2461 filium
1215 2423 1406 2472 alterum,
1446 2436 1526 2461 una
1563 2429 1604 2462 et
1643 2424 1745 2463 Cae-

278 2491 408 2516 sarem
438 2477 609 2526 dictum,
638 2491 742 2516 anno
775 2477 901 2530 patris
929 2478 1104 2518 Heraclii
1132 2492 1223 2518 xx1.
1255 2479 1443 2530 colligere
1469 2479 1579 2518 licet.
1636 2480 1744 2520 Anni

281 2534 435 2587 quippe
473 2533 636 2586 Imperii
674 2534 917 2573 Constantini
957 2549 979 2573 a
1014 2550 1116 2577 xxu.
1147 2535 1323 2574 Januarii
1362 2535 1497 2587 putari
1525 2535 1744 2589 incipiunt:

281 2604 328 2628 ac
356 2589 527 2643 proinde
553 2604 594 2630 x.
621 2589 686 2630 die
715 2590 890 2643 ejusdem
920 2592 1064 2631 mensis
1094 2591 1273 2631 nondum
1309 2597 1476 2644 quartus
1514 2592 1745 2635 advenerat.

281 2647 338 2685 De
366 2646 558 2686 Caesarea
586 2659 682 2686 vero
716 2646 983 2686 Heracleonae
1013 2647 1223 2699 dignitate,
1254 2653 1293 2687 et
1320 2648 1482 2699 quando
1511 2648 1617 2688 illam
1640 2663 1743 2689 con-

284 2709 447 2742 secutus
484 2703 627 2752 suerit,
667 2708 713 2742 ut
750 2709 790 2742 et
827 2704 1107 2755 Consularem,
1147 2710 1267 2756 atque
1296 2704 1396 2742 adeo
1430 2705 1746 2758 Imperatoriam‚

285 2772 366 2797 non
394 2759 512 2811 plane
539 2759 668 2811 liquet
694 2773 743 2799 ex
771 2759 820 2798 iis
851 2773 951 2811 quae
979 2774 1002 2798 a
1031 2759 1255 2813 Nicephoro
1287 2760 1634 2815 Constantinopol.
1661 2770 1745 2803 tra-
1799 2781 1808 2787 ·

285 2814 461 2867 duntur,
488 2817 644 2857 tametsi
675 2815 807 2871 primo
837 2817 1056 2869 Caesarem,
1087 2816 1231 2858 deinde
1261 2817 1562 2871 lanpeiatoreng
1592 2833 1640 2859 ac
1668 2818 1745 2861 de-
