1820 3276
268 219 368 271 484
845 190 1224 264 NOTAE*

267 336 347 372 set:
382 330 452 370 sed
480 329 535 368 ita
565 328 763 382 scriptum
791 328 888 369 fuit:
924 329 1059 370 Indict.
1086 342 1156 370 xv,
1183 327 1353 368 Heraclii
1377 341 1422 368 11.
1449 332 1531 381 post
1561 327 1732 368 conada-

206 396 209 397 ’
269 392 344 426 tum
372 386 539 426 Heraclii
564 386 662 437 Aug.
699 392 742 425 et
774 387 834 425 sic
863 391 1153 438 consequenter
1181 398 1285 424 anno
1315 398 1375 423 ιιι.
1405 391 1480 425 etc.
1538 383 1618 423 Sed
1651 396 1734 423 non

215 470 219 475 »
267 444 385 496 plane
416 442 535 482 video
566 455 639 481 cur
667 448 819 482 mutata
847 443 895 482 ab
924 442 1110 482 Heraclio
1140 441 1326 480 dicantur
1355 440 1628 480 Indictionum
1654 439 1735 479 ini—

119 1124 149 1160 1³
171 1125 242 1162 610

267 500 348 539 tia:
383 499 483 537 haec
513 498 640 547 enim,
670 500 711 537 ni
740 499 882 549 fallor,
914 505 1022 539 recte
1051 497 1284 546 cohaerent,
1315 497 1347 535 si
1376 496 1511 549 paullo
1541 496 1735 536 attentius

269 556 561 608 expendantur.
621 555 832 595 Heraclius
862 556 1013 609 quippe
1042 555 1083 593 in
1113 554 1401 606 Imperatorem
1431 558 1644 592 coronatus
1677 557 1738 590 est

269 624 343 652 vn.
375 611 563 650 Octobris
604 611 690 662 die,
729 611 844 651 Feria
870 626 915 653 11.
956 611 1096 651 indict.
1118 612 1203 651 'x1v,
1245 623 1349 648 anno
1394 609 1542 648 Christi
1576 607 1737 659 vulgari

269 682 361 707 nox.
391 683 415 707 a
445 682 525 720 quo
550 668 712 707 initium
741 668 853 707 ducit
883 669 1033 721 primus
1056 667 1234 706 Heraclii
1266 679 1405 706 annus.
1462 664 1521 704 Ab
1543 664 1623 704 hoc
1643 664 1737 717 ipso

270 725 335 763 die
363 739 442 776 quo
473 725 687 776 Imperium
719 726 946 778 auspicatus
978 731 1036 763 est
1059 723 1267 763 Heraclius
1290 736 1417 775 usque
1440 721 1492 760 ad
1518 734 1602 761 x1v.
1631 721 1736 761 diem

268 781 444 819 Januarii
475 781 654 834 ejusdem
684 781 918 821 Indictionis
949 778 1093 834 (xxv.)
1126 780 1320 832 scriptum
1357 785 1418 818 est
1446 778 1490 816 in
1518 778 1629 818 Actis
1657 789 1736 830 pu-

267 837 405 887 blicis,
444 838 644 889 Imperante
681 837 877 887 Heraclio,
914 838 981 877 vel
1017 851 1110 876 anno
1146 851 1174 876 1.
1215 836 1367 888 Imperii
1402 835 1579 875 Heraclii.
1634 833 1686 872 Et
1714 847 1738 872 a

269 907 355 933 xiv.
394 893 574 947 ejusdem
607 894 752 933 mensis
786 894 989 948 (Januarii
1015 893 1192 946 ejusdem
1221 891 1456 932 Indictionis
1482 889 1598 937 mv.)
1639 889 1738 929 scri-

270 957 386 1002 ptum
419 957 481 989 est
513 951 555 989 in
583 951 781 1002 reliquum
811 957 969 1004 tempus
998 963 1125 1002 usque
1155 949 1204 988 ad
1248 949 1453 1002 expletum
1483 947 1740 987 Decembrem

267 1006 501 1045 indictionis
530 1021 599 1046 xv.
638 1007 694 1045 Et
732 1007 947 1055 Consulatu,
985 1011 1050 1046 etc.
1106 1006 1245 1058 Neque
1284 1005 1408 1054 enim,
1451 1004 1507 1043 ait
1542 1003 1740 1056 Scripta,

270 1063 381 1114 quod
408 1064 551 1102 volunt
578 1063 659 1102 viri
688 1063 964 1113 eruditissimi,
1005 1069 1045 1101 et
1072 1068 1168 1115 post
1195 1063 1287 1101 illos
1315 1062 1363 1101 V.
1394 1061 1436 1100 C.
1463 1060 1507 1099 in
1534 1059 1740 1099 Disserta-

270 1120 380 1158 tione
411 1119 608 1172 Hypatica
637 1133 680 1172 p.
709 1120 806 1162 358.
835 1119 1034 1172 scriptum
1063 1119 1210 1168 fuisse,
1239 1131 1307 1157 xv.
1335 1118 1558 1166 Indictiaeme,
1587 1121 1621 1155 et
1649 1116 1741 1156 con-

269 1178 414 1224 sulatu,
442 1180 507 1215 etc.
545 1189 635 1214 cum
673 1175 844 1216 Indictio
883 1176 953 1214 illa
982 1189 1051 1216 xv.
1080 1187 1252 1213 mensem
1291 1173 1546 1213 Decembrem
1573 1176 1739 1226 spectet.

268 1232 349 1272 Sed
380 1246 430 1270 an
461 1231 525 1270 hic
554 1245 680 1270 annus
707 1245 818 1272 nexu
845 1245 989 1275 revera
1016 1230 1140 1270 fuerit
1171 1231 1324 1283 primus
1353 1243 1479 1269 annus
1500 1229 1741 1268 Consulatus

268 1288 467 1333 Heraclii,
496 1289 587 1340 jure
618 1289 867 1328 controverti
891 1295 1047 1342 potest,
1077 1287 1175 1344 licet
1202 1286 1310 1326 Fasti
1338 1286 1523 1326 Vossiani
1551 1284 1603 1324 ad
1629 1284 1742 1325 hunc

271 1358 417 1384 annum
451 1344 564 1383 illum
603 1345 799 1395 referant,
845 1358 937 1384 cum
974 1343 1083 1397 apud
1122 1344 1365 1396 scriptorem
1397 1341 1585 1382 chronici
1619 1342 1741 1381 Post-

269 1401 502 1440 consulatus
531 1401 704 1440 Heraclii
735 1401 783 1439 ab
814 1415 920 1440 anno
952 1414 1077 1440 ncxn.
1107 1400 1305 1439 duntaxat
1333 1399 1550 1453 prodeant,
1586 1404 1634 1437 ut
1662 1411 1742 1438 ex·-

273 1464 359 1497 erte
389 1457 588 1496 indicatur
617 1457 669 1496 ad
698 1471 845 1497 annum
875 1472 935 1500 111.
965 1457 1144 1511 ejusdem
1174 1457 1374 1506 Heraclii,
1414 1462 1455 1496 et
1482 1455 1646 1495 omnino
1674 1453 1741 1494 fir.

272 1520 407 1553 matur
449 1528 499 1552 ex
538 1514 805 1567 Inscriptione
832 1514 949 1553 allata
980 1513 1033 1553 ad
1061 1526 1207 1552 annum
1237 1527 1294 1552 xx.
1324 1513 1427 1552 adeo
1454 1518 1501 1551 ut
1527 1511 1609 1551 hoc
1636 1525 1742 1551 anno
1786 1550 1789 1552 ,

271 1584 397 1612 nexu.
447 1577 531 1609 tum
578 1571 755 1624 primum
795 1566 1006 1611 Consulem
1045 1569 1289 1624 processisse
1327 1568 1636 1610 existimandum
1674 1567 1742 1618 sit,

271 1641 377 1666 anno
410 1627 545 1679 elapso
575 1642 596 1665 a
627 1641 714 1666 mv.
743 1627 922 1666 lanuarii
954 1640 1085 1679 usque
1111 1626 1162 1665 ad
1193 1620 1654 1666 mensemsoectmbrem
1682 1623 1744 1663 il-

268 1683 347 1723 lius
385 1683 621 1722 Consulatui
658 1683 883 1736 adscripto,
927 1683 1022 1723 licet
1061 1682 1243 1722 nondum
1284 1683 1434 1722 Consul
1474 1680 1742 1735 processisset.

271 1740 328 1778 De
360 1740 471 1778 annis
509 1754 633 1793 porro
663 1740 839 1780 Heraclii
869 1740 1136 1780 consulendus
1165 1739 1350 1780 Petavius
1378 1738 1446 1778 lib.
1473 1752 1532 1778 11.
1572 1737 1623 1778 de
1652 1737 1744 1777 Do-

265 1796 397 1835 ctrina
429 1796 566 1849 Temp.
596 1810 686 1849 cap.
714 1810 830 1836 xmx.

384 1851 480 1902 Pag·
509 1856 607 1896 702.
640 1856 703 1896 11.
764 1850 926 1904 Ετὲχθη
963 1851 1232 1905 Επιφανεία]
1278 1853 1336 1891 De
1372 1850 1511 1890 liberis
1548 1848 1744 1899 Heraclii,

266 1914 311 1947 et
339 1921 478 1948 eorum
508 1908 572 1947 die
601 1908 725 1947 natali
752 1909 903 1959 egimus
931 1909 975 1947 in
1004 1909 1179 1949 Familiis
1209 1907 1448 1961 Byzantinis.

384 1965 477 2015 Pag·
507 1968 603 2008 702.
637 1969 702 2008 12.
758 1968 823 2006 Εν
851 1963 1060 2020 προκέσσῳ
1088 1968 1162 2018 τῆς
1191 1963 1365 2019 Ιερείας]
1397 1961 1743 2016 Constantinopol.

267 2018 418 2060 Christ.
447 2019 518 2062 lib.
549 2034 605 2061 1v.
642 2027 738 2060 sect.
767 2034 860 2061 xm.
891 2035 931 2059 n.
963 2034 1011 2061 11.

386 2077 480 2128 Pag·
510 2081 608 2121 702.
641 2080 706 2121 17.
764 2077 843 2126 Εἰς
869 2073 1094 2131 πρόκεσσον
1123 2077 1370 2128 Σοφιανῶν]
1409 2075 1513 2115 lbid.
1542 2081 1638 2116 sect.
1667 2087 1743 2115 111.

268 2146 311 2174 n.
339 2147 366 2172 ι.
1054 2147 1061 2155 ·

385 2188 482 2239 Pag·
512 2191 608 2232 702.
641 2192 705 2233 19.
766 2188 848 2230 Καὶ
891 2191 944 2245 τῇ
993 2185 1041 2243 ιγ’
1079 2191 1154 2230 τοῦ
1194 2183 1469 2243 Αὐγούστου]
1517 2181 1751 2240 'nimphe-¹

268 2258 363 2294 nes,
398 2242 462 2285 ιδ’.

384 2302 479 2351 Pag.
507 2303 603 2344 702.
635 2304 702 2344 20.
759 2297 1055 2354 Ετελεύτησεν]
1105 2296 1231 2357 Νόσῳ
1271 2300 1490 2354 ἐπιληψίας
1524 2303 1743 2353 ληφθεῖσα,

270 2357 405 2410 inquit
434 2355 682 2408 Nicephorus
712 2356 755 2395 in
783 2357 901 2397 Brev.

385 2413 481 2464 Pag.
511 2415 608 2455 702.
636 2415 704 2456 21.
761 2415 810 2453 Η
830 2412 899 2454 καὶ
931 2413 1094 2466 Φαβία]
1134 2413 1302 2454 Flavium
1340 2414 1489 2453 dictam
1528 2412 1586 2452 ait
1614 2411 1742 2452 [sido-

268 2482 339 2509 rus
368 2469 553 2522 Pacensis
582 2468 624 2507 in
655 2467 855 2508 Chronico
891 2483 996 2509 anno
1024 2483 1186 2509 ncxcvr.

385 2526 481 2577 Pag.
512 2527 606 2569 703.
635 2522 676 2566 4·
736 2526 994 2574 Ινδικτιαῖνος
1027 2521 1105 2579 α’.]
1145 2526 1236 2575 Qua
1277 2525 1437 2579 quidem
1477 2525 1640 2565 ineunte
1677 2524 1742 2564 In-

270 2582 446 2622 dictione
485 2587 578 2635 post
623 2580 728 2620 diem
766 2595 829 2621 111.
867 2582 1029 2622 Octobr.
1071 2582 1250 2635 incoepit
1287 2595 1412 2621 annus
1448 2596 1509 2623 111.
1548 2580 1741 2632 Heraclii,

270 2639 342 2691 qui
372 2639 469 2687 fuit,
508 2645 555 2678 ut
581 2637 623 2677 in
652 2637 854 2690 Computo
883 2653 907 2677 a
937 2639 995 2678 Cl.
1027 2638 1234 2678 Dodwello
1264 2639 1373 2678 edito
1399 2638 1507 2678 idem
1537 2638 1741 2690 Augustus

272 2696 434 2746 scribit,
464 2708 590 2734 annus
618 2708 640 2733 a
670 2693 820 2734 mundo
848 2694 1015 2734 condito
1050 2707 1107 2733 v1.
1134 2708 1261 2736 mcxx,

386 2752 481 2802 Pag.
512 2754 608 2795 708.
639 2750 678 2794 6.
735 2750 814 2799 Εἰς
849 2747 919 2793 τᾶν
957 2748 1074 2805 ἅγιον
1111 2750 1349 2804 Στέφανον]
1394 2749 1737 2803 Constantinopol.

272 2806 419 2848 Christ.
447 2808 518 2847 lib.
547 2821 604 2847 iv.
638 2812 736 2847 sect.
765 2820 822 2848 vt.
848 2820 889 2847 n.
917 2819 1060 2848 Lxxxx.

382 2864 477 2917 Pag.
505 2867 601 2908 703.
633 2866 700 2908 10.
759 2862 904 2919 Ιὲγονε
930 2861 1116 2919 κληρικὸς
1146 2862 1353 2919 Πρίσκος]
1391 2864 1508 2905 Hunc
1535 2861 1737 2917 Nicepho-
