1884 3262
612 208 1023 253 PRAEFATIO.
1491 211 1556 259 25

0 320 5 370 i
90 324 252 363 Christi:
284 322 393 376 quod
414 329 621 376 utcunque
646 323 807 363 haurire
834 326 929 364 licet
956 339 1006 364 ex
1040 325 1192 377 Cyrillo
1213 323 1558 377 Scythopolitano,

0 377 14 408 ³¹·
91 381 160 432 qui
186 379 410 418 justiniano
438 381 660 433 imperante
688 383 813 432 vixit,
853 389 938 420 tum
968 382 1012 420 in
1041 383 1125 420 vita
1155 384 1195 422 S.
1221 381 1443 433 Euthymii,
1472 389 1558 420 tum

9 455 14 460 ’
90 440 131 475 in
152 437 234 475 vita
257 439 296 475 S.
317 437 462 487 Sabae,
492 438 542 475 iis
559 438 657 476 locis
675 439 819 491 quibus
841 445 1069 477 sanctorum
1095 439 1262 477 istorum
1283 437 1559 478 Anachoreta-

0 415 11 549 i
89 507 179 532 rum
203 493 356 532 obitum
379 501 672 533 commemorat.
732 496 863 548 Atque
888 502 934 534 ut
962 510 983 532 a
1008 497 1045 532 S.
1067 495 1285 547 Euthymio
1305 495 1461 533 initium
1483 495 1560 533 du-

91 556 223 599 catur,
262 550 459 601 ipsissima
488 551 627 602 Cyrilli
655 552 775 590 verba
801 553 933 604 placet
961 551 1188 600 adducere,
1218 558 1340 603 prout
1360 551 1560 590 habentur

90 608 132 644 in
155 606 301 644 Codice
324 607 553 646 Colberteo:
582 622 672 647 nam
700 622 802 660 quae
822 609 927 647 edita
954 615 1013 646 est
1035 608 1243 659 Euthymii
1261 608 1345 646 vita
1370 623 1391 646 a
1410 609 1560 647 Cotele-

89 665 174 710 rio,
207 676 257 701 ex
281 663 567 716 Interpolatore
584 665 855 717 Metaphraste
887 666 1096 716 desumpta
1113 671 1192 714 est,
1221 665 1380 703 tametsi
1401 665 1560 704 eosdem

91 733 285 758 annorum
315 719 639 759 characterismos
655 723 890 790 praeferat.
957 722 1013 759 Ea
1043 728 1171 759 autem
1202 728 1311 759 sunt.
1359 725 1407 761 H
1429 720 1472 762 δὲ
1495 736 1559 762 τε-

90 777 246 823 λείωσις
265 771 391 816 αυτοῦ
406 776 542 831 γέγονε
564 793 664 818 κατα
680 795 767 831 την
793 777 933 819 εἰκάδα
951 781 1025 830 τῆς
1046 779 1325 848 Ιαννουαρίου
1338 794 1464 830 μηνος
1489 781 1562 830 τῆς

91 829 304 884 ἑνδεκάτης
333 833 532 883 ἰνδίκτου,
563 829 645 875 nino*
674 833 747 887 μὲν
780 837 944 884 κτίσεως
969 832 1141 886 κόσμου,
1170 830 1246 885 ἐφ’
1275 836 1398 886 οὑπερ
1423 831 1563 888 χρόνος

88 886 255 941 ἤρξατο,
292 892 342 943 τῇ
366 893 439 930 τοῦ
463 889 582 942 ηλίου
607 895 718 947 φορᾷ
747 897 977 962 μετρεῖσθαι
1013 891 1124 940 ε’τους
1143 890 1323 943 πέμπτου
1344 891 1565 942 ἑξηκοστοῦ

90 945 399 986 ἐννακοσιοστοῦ
415 951 822 1000 πεντακισχιλιοστου·
852 946 935 989 α’πό
962 946 1005 989 δὲ
1031 951 1102 1000 τῆς
1130 952 1203 988 τοῦ
1223 950 1330 989 Θεοῦ
1353 944 1494 1002 Λόγου
1520 948 1563 989 ἔκ

92 1001 313 1054 Παρθένου
333 1001 692 1071 ἐνανθρωπήσεως
723 1005 834 1054 ε’τους
866 1005 1045 1058 πέμπτου
1074 1005 1294 1056 ἕξηκοστου
1308 1018 1563 1058 τετρακοσιο-

92 1062 210 1108 στοῦ,
246 1056 348 1098 κατὰ
372 1075 468 1107 τους
495 1061 794 1114 συγγραφέντας
821 1059 987 1115 χρόνους
1017 1059 1099 1102 ’ὑπὸ
1129 1064 1208 1102 τῶν
1225 1061 1356 1129 αγίων
1381 1062 1564 1114 πατέρων

92 1113 320 1156 Ιππολύτου
339 1119 411 1156 τοῦ
430 1120 624 1167 παλαιοῦ,
655 1118 722 1159 καὶ
745 1121 950 1172 γνωρίμου
970 1121 1050 1158 τῶν
1070 1116 1337 1167 Αποστόλων,
1366 1118 1434 1159 καὶ
1455 1122 1563 1159 Επι-

92 1173 244 1222 φανίου
269 1174 345 1212 τοῦ
365 1173 630 1224 Κυπριώτου,
663 1175 730 1216 καὶ
755 1179 923 1229 Ηρωνος
955 1179 1029 1216 τοῦ
1048 1173 1283 1226 Φιλοσόφου
1315 1175 1384 1216 καὶ
1406 1178 1564 1227 Ομολο-

90 1244 230 1281 γητου.
288 1229 349 1266 Ex
371 1230 516 1280 quibus
546 1231 768 1282 colligimus
792 1233 936 1271 obiisse
967 1234 1008 1272 S.
1030 1232 1289 1284 Euthymium
1312 1246 1383 1271 xx.
1411 1233 1566 1271 Janua-

91 1285 160 1334 rii,
199 1285 420 1324 Indictione
454 1301 512 1326 XI.
551 1302 655 1325 anno
687 1290 825 1328 mundi
851 1304 891 1328 v.
920 1303 1174 1329 Mnccoeva.
1207 1288 1354 1327 Christi
1372 1289 1565 1328 Incarna-

91 1341 213 1379 tionis
234 1355 376 1382 anxv.
411 1357 481 1392 ac,
514 1351 559 1382 ut
576 1344 681 1382 infra
702 1345 781 1394 ait,
811 1347 951 1384 Leonis
975 1346 1106 1396 Magni
1128 1359 1231 1384 anno
1251 1359 1342 1385 xvl.
1392 1347 1567 1386 Rursum

91 1398 197 1436 idem
219 1399 390 1449 Cyrillus
417 1399 459 1436 in
481 1400 562 1438 vita
583 1401 621 1438 S.
643 1401 767 1439 Sabae
784 1401 830 1455 1)
841 1431 855 1448 ,
887 1401 1027 1440 scribit
1049 1403 1217 1440 eundem
1241 1403 1429 1440 Sanctum
1454 1403 1568 1441 Ana-

93 1454 294 1493 choretam
311 1461 510 1494 mortuum
538 1470 574 1497 v.
606 1457 856 1508 Decembris,
886 1458 1027 1497 Indict.
1056 1472 1099 1497 x.
1138 1472 1240 1496 anno
1263 1458 1443 1497 amundi
1467 1473 1567 1497 con-

94 1511 181 1549 ditu
211 1525 265 1550 v.1
294 1525 442 1551 mxxiv.
475 1512 621 1551 Christi
653 1514 943 1553 Incarnationis
969 1515 1034 1553 vel
1064 1515 1291 1553 Nativitatis
1322 1528 1461 1556 Dxxw.
1491 1516 1570 1554 Ju-

0 1594 3 1598 »
94 1568 252 1606 stiniani
272 1582 374 1606 anno
395 1582 452 1606 vl.
481 1570 524 1607 P.
557 1570 599 1609 C.
633 1570 784 1610 Orestis
813 1585 855 1609 11.
886 1572 957 1610 ubi
986 1571 1121 1610 eadem
1148 1571 1320 1609 formula
1341 1572 1390 1610 de
1409 1572 1570 1625 Hippo—

0 1623 30 1636 “’
92 1625 188 1677 lyti,
220 1624 432 1677 Epiphanii
450 1631 489 1664 et
510 1625 682 1665 Heronis
698 1641 894 1667 annorum
915 1628 1232 1667 characterismis
1254 1628 1445 1679 loquitur.

208 1764 299 1801 XX.
359 1763 458 1811 Quis
477 1770 605 1802 autem
626 1765 748 1803 suerit
765 1764 832 1803 bic
850 1764 988 1803 Heron
1010 1764 1221 1804 confessor
1244 1770 1282 1802 et
1301 1764 1569 1828 Philosophus
1594 1767 1626 1800 V
1652 1766 1695 1802 14

95 1817 169 1872 (ut
195 1825 234 1857 et
265 1819 343 1858 hoc
368 1820 499 1858 obiter
530 1819 740 1875 moneam)
775 1822 845 1873 qui
876 1829 1053 1874 tempora
1094 1821 1356 1871 consignarit,
1393 1813 1634 1893 ignorariDe
1652 1814 1792 1848 H0f⁰¹¹0

93 1875 213 1914 video
242 1890 265 1913 a
297 1876 557 1918 doctioribus.
629 1878 728 1926 Quis
755 1879 857 1917 enim
883 1892 1060 1918 asserere
1091 1878 1237 1917 audeat
1270 1891 1359 1916 eum
1388 1892 1471 1917 esse
1500 1859 1634 1930 quiCh
1637 1860 1773 1895 ‘⁰⁰⁰¹0‘

95 1932 278 1982 O'rigenis
298 1933 521 1984 discipulus
544 1940 581 1972 et
607 1941 801 1984 sectator,
834 1941 874 1973 et
891 1935 938 1973 ab
958 1949 1004 1974 eo
1032 1935 1126 1973 fidei
1145 1935 1382 1973 rudimentis
1401 1935 1571 1974 institu-

0 1999 2 2062 ἱ
93 1995 178 2037 tus,
209 1990 375 2042 ejusque
393 1989 691 2042 Philosophiam
721 1992 947 2043 amplexus,
974 2005 1054 2030 una
1085 2006 1176 2030 cum
1206 1992 1440 2039 Heraclide,
1472 1993 1571 2031 dum

0 2069 2 2094 [
95 2043 228 2083 adhuc
250 2053 352 2084 esset
371 2046 621 2098 neophytus,
651 2055 804 2100 martyr
823 2051 952 2100 capite
971 2050 1116 2100 plexus
1140 2055 1222 2097 est,
1251 2054 1297 2086 ut
1317 2048 1458 2088 scribit
1481 2050 1571 2087 Eu-

96 2101 311 2153 sebius2),
343 2109 380 2140 et
409 2116 459 2140 ex
490 2117 536 2141 eo
564 2104 818 2156 Nicephorus
846 2104 1090 2156 Callisti-³5?
1131 2105 1219 2153 Qua
1251 2117 1349 2143 vero
1379 2105 1571 2155 flagrante

94 2159 372 2211 persecutione
399 2161 634 2211 martyrium
669 2162 737 2199 ille
765 2161 929 2210 obierit,
960 2175 1040 2199 nou
1069 2162 1192 2200 tradit
1220 2161 1437 2199 Eusebius:
1476 2162 1572 2200 licet

98 2229 192 2254 vero
220 2216 346 2253 simile
374 2216 425 2254 sit
452 2217 492 2255 id
524 2218 713 2256 accidisse
745 2219 817 2255 sub
847 2219 1036 2267 Deciana,
1065 2219 1106 2256 in
1143 2232 1240 2269 qua,
1283 2225 1329 2256 ut
1353 2217 1570 2268 attigimuS,

96 2271 359 2324 Hippolytum
381 2272 581 2312 interiisse
615 2275 800 2326 plerique
828 2275 993 2323 volunt,
1027 2289 1072 2312 ac
1101 2281 1315 2324 utrumque
1343 2274 1572 2324 vigentibus

97 2342 142 2366 ea
159 2335 392 2381 tempestate
413 2330 461 2368 de
491 2330 694 2369 Paschalis
715 2331 957 2369 Festivitatis
988 2331 1247 2369 celebrandae
1269 2337 1450 2382 tempore
1471 2345 1573 2369 con-

24 2414 28 2421 .
96 2386 329 2435 troversiis,
362 2386 410 2423 de
435 2387 580 2438 quibus
597 2388 702 2426 idem
731 2388 811 2437 agit
839 2387 1125 2438 Eusebius4)‚
1155 2387 1462 2425 commentarios
1485 2388 1573 2426 edi-

99 2441 222 2491 disse,
263 2442 305 2480 in
336 2443 483 2493 quibus
517 2444 663 2482 Christi
697 2444 973 2483 Natalitiorum
1007 2458 1151 2483 annum
1189 2457 1235 2482 ac
1268 2444 1371 2481 diem
1403 2450 1573 2494 uterque

100 2499 334 2537 observarit.
392 2501 626 2550 Enimvero,
658 2515 747 2539 cum
775 2500 1024 2552 neophytum
1055 2501 1211 2548 adhuc,
1240 2502 1477 2551 martyrium
1497 2514 1571 2538 ex-

100 2555 228 2607 plesse
256 2555 435 2606 dicatur,
463 2558 597 2596 nescio
630 2572 679 2597 an
707 2558 740 2596 is
765 2558 925 2596 Marcus
953 2558 1139 2597 Aurelius
1165 2558 1300 2597 Heron
1330 2557 1474 2607 fuerit,
1503 2557 1571 2608 qui
