1884 3262
298 227 400 285 324
874 237 1197 281 NOTAE

415 346 509 398 Pag.
539 344 635 391 470.
665 347 707 390 4.
764 346 1011 401 Εἰρηναῖος]
1040 347 1126 388 Lib.
1144 360 1202 388 lv.
1229 361 1315 401 cap.
1332 362 1395 387 111.
1423 361 1474 388 ex
1507 347 1655 388 Chron.
1689 348 1768 388 Eu-

301 405 385 445 seb.
407 417 456 442 ex
474 416 554 456 quo
575 403 784 456 Syncellus
804 418 843 456 p.
865 402 961 448 345.

417 459 512 510 Pag·
541 460 634 504 470.
665 463 704 504 8.
766 459 848 501 Καὶ
867 459 1101 513 νεανίσκος]
1134 461 1190 499 Ex
1214 461 1413 499 Clemente
1437 459 1706 500 Alexandrino
1725 460 1768 499 in

296 517 367 558 lib.
394 517 454 565 τίς
483 515 507 558 ὁ
535 513 752 569 σωζόμενος
780 516 995 567 πλούσιος,
1026 520 1066 557 et
1093 531 1143 555 ex
1175 517 1331 555 Eusebii
1359 515 1459 554 Hist.
1489 517 1595 558 Eccl.
1616 517 1684 557 lib.
1701 531 1765 556 111.

151 579 181 613 V
208 579 278 616 452
302 588 390 627 cap.
421 587 543 614 xxm.
602 574 663 613 Ex
702 573 751 612 iis
790 573 1009 614 Historiam
1045 575 1162 613 etiam
1199 579 1338 612 narrat
1370 573 1566 624 Georgius
1591 573 1766 627 Syncell.

296 645 324 684 p
413 686 508 736 Pag.
539 685 633 728 470.
669 689 735 729 11.
793 685 1025 739 Συριανοῦ]
1050 686 1177 729 Ἑεεῐί
1221 684 1340 725 Idatii
1372 685 1481 725 MSS.
1516 686 1708 726 Severiano
1734 690 1768 725 et

301 743 422 796 Syrio.
479 742 703 790 Victorius,
733 743 904 795 Prosper
920 749 964 787 >et
985 744 1175 791 Senator,
1209 743 1394 781 Senecione
1415 746 1449 780 et
1470 741 1581 782 Sura.
1640 744 1768 796 Spar-

301 801 434 838 tianus
456 797 500 837 in
518 799 743 849 Hadriano,
770 799 873 838 Sura
891 801 964 849 bie,
993 804 1026 839 et
1050 799 1228 838 Serviano
1247 802 1373 837 iterum
1397 798 1490 837 Coss.
1651 799 1655 802 ’

414 855 511 906 Pag·
541 856 636 898 470.
668 857 732 898 13.
791 858 998 910 Συριανοῠ
1016 853 1061 897 τό
1079 852 1151 909 β’.]
1182 856 1278 894 Idat.
1308 856 1499 894 Suburano
1516 868 1561 892 11.
1589 858 1624 892 et
1651 853 1767 892 Mar—

301 913 398 952 cello.
456 912 681 962 Victorius,
710 913 883 965 Prosper
911 918 949 951 et
976 914 1165 963 Senator,
1201 912 1346 951 Urbano
1374 917 1407 951 et
1429 911 1618 951 Marcello.
1676 909 1767 958 Alii,

303 970 468 1018 Surano,
498 969 566 1007 vel
590 969 772 1019 Suriam,
801 975 849 1008 ut
867 968 908 1007 in
930 968 1077 1008 Chron.

415 1025 509 1076 Pag·
540 1025 637 1068 470.
671 1025 735 1067 14.
795 1022 1019 1079 Διήρκεσεν
1051 1023 1073 1067 ὁ
1104 1020 1323 1079 Θεολόγος]
1353 1025 1410 1064 De
1438 1024 1598 1063 Ioannis
1627 1024 1767 1062 Evan-

300 1081 481 1133 gelistae,
513 1082 751 1133 Clementis,
781 1082 951 1121 Simonis
975 1082 1211 1131 amanitae,
1241 1082 1384 1132 Marci,
1417 1081 1660 1130 Crescentis,
1691 1086 1767 1119 etc.

299 1138 524 1191 Martyriis‚
552 1138 819 1178 consulendus
835 1138 877 1177 in
896 1139 1036 1191 primis
1051 1137 1258 1178 Batonius.

414 1195 509 1245 Pag.
539 1194 635 1237 470.
666 1198 732 1238 16.
790 1192 971 1249 Διωγμὸς
1000 1195 1277 1247 Χριστιανῶν]
1321 1194 1381 1233 Ex
1414 1193 1560 1233 Chron.
1594 1191 1767 1240 Eusebii,

299 1252 369 1290 ubi
390 1252 578 1302 Scaliger.
618 1250 721 1290 Vide
744 1258 901 1304 praeter
920 1251 1136 1300 Baronium
1159 1257 1198 1290 et
1216 1251 1326 1300 alios,
1357 1250 1555 1289 Norisium
1577 1249 1617 1288 in
1640 1249 1764 1301 Epist.

301 1308 459 1347 Consul.
476 1321 568 1360 pag.
587 1309 654 1350 68.
669 1314 745 1348 etc.

413 1364 507 1415 Pag·
537 1364 632 1406 471.
661 1367 700 1407 6.
761 1362 1018 1416 Βουκολίων]
1057 1363 1192 1402 Editio
1218 1362 1429 1415 scaligeri,
1458 1358 1539 1403 οἷπό
1555 1364 1637 1402 τοῖν
1657 1364 1765 1414 λεγο-

299 1419 432 1473 μένων
475 1421 772 1472 Ταβουκολιῶν.
833 1422 910 1460 Sed
945 1421 1157 1472 legendum
1186 1417 1235 1460 τοὶ
1263 1420 1506 1460 Βουκολίων.
1565 1418 1630 1457 Sic
1659 1414 1773 1457 enim'

298 1478 435 1516 dicere
464 1477 670 1527 amabant,
701 1484 746 1517 ut
769 1477 811 1517 in
841 1478 988 1517 Chron.
1011 1491 1074 1517 an.
1097 1491 1144 1519 11.
1170 1476 1352 1516 Arcadii:
1383 1476 1508 1518 ἔκτισε
1532 1471 1688 1516 καὶτὸν
1707 1471 1768 1515 οἴ-

297 1536 475 1575 κον.τοῧ
502 1533 619 1588 ἁγίου
643 1533 826 1587 Ανδρέου
856 1534 1041 1586 ἐπίκλην,
1078 1531 1126 1573 τοὶ
1160 1533 1377 1586 Αρκαδίας.
1439 1533 1525 1571 Alia
1540 1531 1665 1570 jstius
1684 1531 1767 1579 forr

289 1591 430 1630 mulae
465 1591 648 1643 exempla
680 1592 855 1642 suggerit
881 1590 1245 1642 Constantinopolis
1275 1589 1496 1629 Christiana
1521 1602 1601 1628 non
1628 1588 1762 1637 semel,
1808 1638 1813 1642 ἱ

298 1647 370 1686 ubi
398 1646 708 1701 subintelligitur
738 1645 942 1703 λεγόμενα.
1001 1646 1171 1687 Michael
1200 1646 1419 1686 Monachus
1451 1646 1495 1685 in
1517 1645 1601 1684 vita
1619 1645 1695 1683 MS.
1721 1646 1761 1685 S.

296 1702 500 1743 ,Theodori
523 1704 705 1744 studitae
730 1719 780 1744 ex
807 1704 904 1744 cod.
924 1705 1017 1756 neg.
1041 1707 1124 1753 τοῖς
1142 1702 1335 1757 ὅμοροῦσι
1353 1702 1485 1758 μέρεσι
1503 1700 1550 1743 τοὶ
1573 1698 1765 1756 λεγόμενοι

299 1757 467 1801 Λάκκου
488 1757 643 1813 μιτοὶτα.
701 1763 753 1801 Et
767 1762 904 1814 paullo
922 1762 1050 1800 infra:
1079 1760 1147 1802 καὶ
1166 1764 1410 1812 κατασκηνεῐ
1429 1760 1485 1807 εἰς
1504 1757 1553 1800 τοὶ
1571 1755 1763 1812 λεγόμενα

298 1818 573 1869 Κρισκεντίου.
631 1818 689 1857 De
713 1818 889 1857 Bucoliis
907 1831 1005 1857 vero
1025 1817 1248 1870 Aegyptiis,
1260 1829 1267 1834 ’
1279 1823 1318 1856 et
1336 1817 1496 1856 Bucolis
1515 1815 1707 1855 militibus
1724 1820 1763 1853 et

297 1873 519 1912 latronibus
552 1881 718 1924 egerunt
744 1875 1000 1913 Casaubonus
1029 1874 1079 1912 ad
1107 1873 1375 1927 Capitolinum
1403 1886 1492 1926 pag.
1514 1877 1583 1916 72.
1607 1876 1645 1915 2.
1665 1870 1760 1911 edit.

299 1935 338 1968 et
354 1929 641 1969 Bourdelotius
662 1931 715 1969 ad
730 1931 800 1972 lib.
819 1945 845 1969 1.
870 1930 1077 1970 Heliodori
1095 1944 1184 1983 pag.
1210 1929 1274 1973 14.

411 1986 506 2036 Pag·
537 1988 635 2029 471.
669 1990 734 2030 12.
791 1983 1082 2041 Κουαδροὲτου]
1113 1987 1247 2026 Iterum
1262 1985 1374 2025 addit
1393 1985 1637 2037 Spartianus.

412 2042 506 2093 Pag.
536 2042 633 2084 471.
664 2044 729 2086 13.
791 2045 824 2083 Ο
841 2046 914 2084 τοῦ
933 2039 1130 2096 Κλεῶπα]
1163 2043 1284 2096 Cujus
1313 2042 1581 2093 genealogiam
1600 2041 1675 2090 hie,
1693 2040 1761 2080 da-

292 2112 387 2138 mus
417 2105 645 2151 excerptam
671 2113 723 2138 ex
751 2099 847 2140 cod.
869 2100 950 2141 MS.
970 2101 1060 2151 Reg.
1080 2114 1210 2153 nuper
1229 2114 1277 2138 ex
1300 2099 1398 2137 Chio
1419 2098 1550 2137 insula
1567 2098 1759 2138 advecto:

299 2169 446 2195 verane
473 2155 542 2194 illa
568 2156 620 2194 sit
646 2170 695 2194 an
722 2156 998 2209 supposititia,
1027 2170 1108 2195 non
1127 2157 1193 2196 hic
1213 2155 1481 2208 disquirimus.
1539 2154 1642 2206 Περὶ
1663 2158 1760 2195 Μα-

299 2213 388 2282 ρίας
410 2214 482 2264 τῆς
501 2215 577 2253 τοῦ
599 2215 764 2253 Κλωπᾶ.
825 2212 917 2267 Χρή
944 2212 1100 2254 εἰδέναιΧ
1119 2211 1179 2255 ὅτι
1209 2206 1428 2261 ὅῚΚλωπᾶς
1450 2206 1568 2272 οὗτος
1589 2209 1760 2262 ἀδελφὸς

299 2284 354 2320 ην
379 2268 549 2321 Ιωακεὶμ
565 2271 640 2309 τοῦ
657 2267 806 2323 πατρός
825 2273 896 2321 τῆς
914 2267 1124 2314 Θεοτόκου.
1181 2273 1320 2323 Εγημε
1344 2267 1388 2309 δὲ
1405 2273 1575 2324 γυναῖκα
1594 2264 1759 2321 ὀνόματι

295 2327 456 2365 Ανναν·
487 2324 553 2366 καὶ
580 2321 826 2378 ἐτελεύτησεν
846 2325 867 2368 ὁ
887 2329 1062 2374 Κλωπᾶς
1078 2323 1252 2380 ἄτεκνός.
1313 2328 1346 2366 Ο
1365 2328 1466 2378 γοῦν
1486 2325 1658 2377 Ιωακεὶμ.
1678 2320 1757 2377 εἶχε

296 2379 367 2421 καὶ
397 2376 518 2429 αὔτὸς
545 2387 718 2435 γυναῖκα
743 2379 902 2435 ὀνόματι
927 2380 1151 2436 Σαλώμην,
1183 2383 1222 2432 ἐξ
1241 2378 1291 2436 ἧς
1311 2381 1518 2438 ἐγέννησεν
1535 2382 1608 2423 δύο
1629 2386 1756 2434 θυγα-
1814 2393 1823 2398 ”

297 2435 437 2490 τέρας,
464 2435 538 2489 τήν
568 2436 716 2491 Εσθήρ
744 2439 810 2480 καὶ
847 2437 922 2492 τήν
953 2436 1118 2493 Θάμαρ·
1150 2439 1218 2480 καὶ
1245 2435 1492 2491 ἐτελεύτησεν
1511 2437 1541 2491 ἦ
1562 2433 1752 2490 Σαλώμη,

295 2491 367 2534 καὶ
387 2490 475 2534 ἰδοὺ
503 2490 694 2547 ἔχήρασεν
714 2497 908 2547 Ιωακείμ·
940 2493 983 2544 ὃς
999 2493 1194 2550 χηρεύσας
1212 2492 1379 2549 ἠγάγετο
1399 2492 1496 2547 πρὸς
1512 2492 1655 2536 ἔαυτόν
1671 2498 1754 2535 Αν-

297 2564 374 2591 ναν
400 2547 475 2602 τὴν
501 2555 672 2604 γυναῖκα
698 2554 770 2592 τοῦ
800 2548 981 2605 ἀδελφοῦ
1001 2550 1126 2594 αὐτοῦ
1149 2554 1322 2602 Κλωπᾶ,
1352 2550 1391 2600 ἕξ
1408 2547 1459 2603 ἦς
1480 2550 1662 2604 ἐγέννησε
1677 2547 1754 2603 τήν

298 2599 469 2659 Μαρίαν
479 2634 503 2657 f
529 2604 597 2659 ἣν
615 2604 857 2660 μνημονεύει
884 2607 906 2650 ὅ
933 2604 1246 2663 Εὕαγγελιστὴς,
1289 2606 1437 2663 λέγων,
1476 2609 1645 2661 Μαρίαν
1679 2610 1754 2648 τοῦ

294 2666 465 2704 Κλωπᾶ.
527 2665 560 2703 Ο
585 2661 627 2704 δὲ
649 2664 820 2716 Ιωακεὶμ
839 2664 875 2705 εἰ
890 2664 954 2705 καὶ
971 2662 1079 2724 εἶχεν
1098 2669 1238 2705 Ανναν
1254 2662 1328 2716 τὴν
1344 2666 1417 2704 τοῦ
1430 2659 1608 2716 οἷδελφοῦ
1625 2659 1753 2705 αὐτοῦ’

299 2722 465 2769 Κλωπᾶ,
495 2714 577 2760 ἄλλ’
593 2715 668 2761 οὖν
682 2718 792 2774 παροῖ
808 2723 865 2776 τῷ
882 2716 1007 2776 νόμῳ,
1039 2720 1094 2769 αῖς
1109 2717 1289 2774 χηρεύων
1305 2721 1580 2793 κατελογίζετο.
1640 2723 1751 2762 Οθεν

251 2820 254 2821 ⁷
297 2774 484 2829 δευτέραν
499 2772 605 2832 νόμῳ
625 2772 795 2831 η’γᾶγετο
813 2781 984 2831 γυναῖκα
1003 2773 1164 2829 ὀνόματι
1184 2781 1346 2827 Ανναν,
1377 2777 1423 2830 ἐξ,
1436 2794 1487 2829 ης
1501 2777 1569 2818 καὶ
1585 2776 1750 2831 ἐγέννη-

296 2843 366 2872 σεν
385 2829 459 2882 τήν
479 2832 699 2887 ὖπεραγίαν
721 2829 916 2883 Θεοτόκον
939 2831 1014 2887 τήν
1039 2834 1219 2888 Μαρίαν.
1276 2837 1399 2889 γεννᾷ
1425 2832 1566 2875 λοιπὸν
1585 2829 1704 2882 οὗτος
1727 2831 1750 2874 ὅ

278 2940 279 2943 ¹
296 2887 468 2942 Ιωακεὶμ
494 2888 538 2931 ἐκ
566 2888 639 2943 μὲν
666 2893 739 2944 τῆς
757 2886 918 2945 πρώτης
935 2888 1122 2944 γυναικὸς
1143 2886 1269 2932 αὐτοῦ
1285 2887 1484 2944 Σαλώμης
1505 2888 1580 2944 τήν
1599 2887 1748 2944 Εσθήρ
