1820 3276
495 203 554 246 IN
587 202 915 248 CHRONICON
946 201 1230 251 PASCHALE.
1497 199 1598 255 373
1660 215 1662 217 '

134 313 307 361 Paulini,
337 312 406 365 qui
433 311 502 350 hic
529 312 776 360 nominatur,
808 318 847 351 et
879 313 1031 364 optati,
1062 317 1102 351 et
1131 323 1339 364 perperam
1360 322 1451 348 cum
1471 309 1598 349 altero

132 371 366 422 copulatur,
395 369 436 407 in
468 383 613 407 annum
646 376 875 421 sequentem
900 370 1029 417 cadit,
1060 368 1127 421 qui
1149 367 1311 420 quidem
1335 368 1376 405 in
1399 366 1599 406 Chronico

132 427 351 466 omittitur:
396 422 512 480 cujus
543 439 641 478 prae
671 426 840 464 caeteris
872 426 1048 465 meminit
1083 424 1207 463 Julius
1239 424 1435 468 Firmicus
1468 423 1540 463 lib.
1570 439 1600 462 1.

131 497 216 536 cap.
235 499 276 521 11.
304 482 377 521 sub
398 496 479 534 quo
500 482 650 521 accidit
666 483 827 533 insignis
846 483 950 520 Solis
972 482 1147 534 eclipsis.

247 543 338 590 Pag.
371 538 465 582 531.
495 541 533 582 9.
599 535 763 587 Τούτοις
790 542 872 586 τοῖς
903 534 1106 590 Τπάτοις]
1137 538 1261 576 Error
1285 542 1343 575 est
1367 543 1449 575 tam
1467 535 1511 574 in
1531 534 1596 574 die

131 609 249 647 quam
265 597 304 634 in
326 596 498 635 Consule
521 609 602 647 quo
620 595 720 634 haec
740 602 847 646 gesta
868 602 982 644 sunt,
1015 609 1106 632 cum
1126 594 1175 632 ad
1200 606 1346 631 annum
1367 599 1599 644 sequentem

129 653 272 691 referri
297 652 490 702 debeant,
523 665 604 704 quo
631 652 731 691 haec
757 652 954 691 Encaenia
979 651 1173 690 celebrata
1192 650 1356 688 fuerunt
1376 649 1479 688 Idib.
1500 650 1598 701 Sep-

128 709 271 749 tembr.
294 708 567 761 praesentibus
587 709 814 761 Episcopis‚
843 711 910 760 qui
930 710 1043 760 jussu
1063 707 1320 760 Imperatoris
1351 705 1603 744 Constantini
1625 705 1655 740 P
1681 706 1751 742 558

131 765 414 817 Hierosolymis
437 773 706 804 convenerant
729 772 820 817 post
840 766 1048 817 Synodum
1072 763 1168 816 Tyri
1190 763 1327 801 eodem
1358 777 1460 801 anno
1486 761 1602 800 habi-

129 828 233 871 tam,
265 829 308 861 ut
333 828 502 861 testatur
532 823 571 860 S.
602 822 841 861 Athanasius
863 822 901 860 in
926 822 1097 874 Apolog.
1155 820 1291 871 Neque
1311 826 1444 858 tamen
1466 818 1602 871 quoad

129 892 275 917 annum
301 879 462 917 omnino
481 880 629 917 erravit
645 879 798 917 Auctor
827 878 1037 929 Chronici,
1069 876 1265 928 siquidem
1291 875 1390 915 haec
1419 875 1470 914 ad
1499 877 1600 914 con-

95 931 99 938 ’
130 936 302 975 sulatum
324 935 480 975 Paulini
500 935 661 974 videtur
679 937 840 974 referre.

246 995 338 1043 Pag·
368 993 463 1035 531.
498 996 562 1035 11.
622 992 742 1044 Μηνὶ
762 991 1021 1045 Σεπτεμβρίῳ
1041 986 1133 1040 ιζ’.]
1164 988 1327 1027 Rectius
1347 985 1601 1039 Nicephorus

127 1049 199 1089 lib.
218 1062 310 1087 vm.
329 1063 414 1101 cap.
434 1062 536 1090 xxx,
562 1044 621 1102 ιγ’.
655 1063 744 1088 nam
773 1046 966 1087 Encaenia
1001 1046 1203 1086 Ecclesiae
1222 1047 1261 1084 S.
1280 1044 1601 1083 Resurrectionis

127 1106 192 1144 die
219 1120 314 1144 x111.
343 1106 588 1158 Septembris
609 1106 825 1158 quotannis
848 1104 1045 1145 celebrari
1066 1119 1086 1143 a
1110 1102 1274 1141 Graecis
1298 1107 1440 1140 notant
1461 1101 1600 1140 Menea

127 1169 168 1202 et
186 1162 382 1215 Typicum
405 1164 442 1201 S.
466 1163 604 1202 Sabae.

244 1222 336 1270 Pag·
366 1221 462 1261 531.
496 1222 559 1262 13.
620 1216 931 1269 Κωνσταντίου]
963 1217 1028 1255 Sic
1057 1216 1312 1267 reposuimus
1341 1228 1392 1253 ex
1409 1214 1601 1264 Scaligeri

128 1275 222 1315 edit.
259 1282 298 1313 et
330 1275 455 1313 Fastis
486 1275 690 1323 omnibus,
721 1289 812 1313 cum
848 1274 1157 1313 Κωνσταντίνου
1190 1272 1382 1310 edidisset
1408 1270 1600 1309 Raderus.

126 1333 166 1371 Is
194 1346 319 1384 porro
349 1331 428 1369 fuit
455 1331 711 1369 Constantius
741 1330 988 1368 Constantini
1018 1329 1069 1366 M.
1089 1329 1234 1377 frater,
1266 1334 1309 1366 ut
1329 1327 1479 1365 indicat
1500 1325 1601 1364 sub-

127 1389 292 1440 scriptio
331 1388 526 1440 Epistolae
553 1387 881 1439 Presbyterorum
922 1391 961 1424 et
995 1385 1259 1423 Diaconorum
1292 1383 1602 1423 Mareoticus-um

126 1447 168 1484 in
190 1444 355 1497 Synodo
375 1444 470 1496 Tyri
492 1443 624 1482 habita
657 1458 702 1482 eo
725 1456 852 1482 anno:
884 1443 978 1482 Coss.
1005 1443 1103 1480 Julio
1132 1442 1338 1480 Constantio
1363 1441 1604 1479 illustrissimo

130 1504 308 1550 Patricio,
344 1501 469 1553 fratre
497 1502 758 1551 religiosissimi
783 1500 1010 1539 Constantini
1034 1500 1214 1549 Augusti,
1252 1502 1286 1538 et
1313 1498 1448 1548 Rufino
1473 1497 1603 1535 Albino

127 1560 334 1598 clarissimis
354 1563 387 1596 et
405 1558 479 1596 Deo
494 1560 714 1608 gratissimis
729 1560 832 1596 viris.
890 1556 966 1594 Ubi
988 1555 1151 1594 Caesaris
1170 1567 1313 1593 nomen
1334 1554 1495 1592 minime
1523 1554 1603 1591 tri-

127 1616 268 1654 buitur
289 1615 546 1664 Constantio,
578 1615 646 1666 qui
669 1613 947 1652 Nobilissimus
964 1612 1157 1650 duntaxat
1181 1626 1202 1649 a
1223 1612 1349 1650 fratre
1369 1610 1602 1659 designatus

129 1679 212 1721 est,
243 1678 289 1710 ut
307 1672 448 1709 scribit
465 1672 646 1710 Zosimus
662 1670 728 1708 lib.
753 1685 798 1709 11.
854 1671 905 1709 Et
925 1682 1019 1708 sane
1038 1669 1145 1707 Fasti
1170 1681 1304 1706 omnes
1321 1666 1431 1705 hunc
1449 1667 1602 1705 Consu-

127 1729 253 1767 latum
283 1729 337 1766 ita
371 1728 629 1779 consignant,
662 1728 888 1766 Constantino
907 1726 1083 1764 etAlbino
1104 1725 1197 1764 Coss.
1228 1730 1384 1776 praeter
1413 1724 1602 1762 Latercu·

126 1786 209 1824 lum
231 1785 420 1823 Praefect.
442 1785 537 1824 Urb.
555 1785 625 1823 ubi
644 1798 717 1838 pro
735 1783 884 1822 Albino
903 1782 1093 1821 Paulinus
1110 1781 1314 1822 scribitur.

246 1844 339 1892 Pag-
369 1842 464 1884 531.
498 1840 562 1883 14.
620 1841 932 1881 Κωνσταντίνου
963 1841 1037 1879 τοῦ
1065 1834 1286 1891 εὐσεβοῦς]
1327 1834 1429 1876 Vide
1469 1835 1602 1874 Euse-

128 1898 238 1938 bium
258 1898 326 1936 lib.
345 1911 402 1938 1v.
427 1897 477 1936 de
500 1897 591 1937 Vita
612 1899 815 1936 Constant.
837 1896 1032 1944 Matium,
1062 1901 1137 1936 etc.

240 1954 333 1993 Ibid.
391 1957 454 1994 Ev
475 1949 902 1995 Κωνσταντινουπόλει
925 1948 1075 2008 Ρῶμῃ]
1107 1951 1163 1990 tta
1194 1949 1302 2002 apud
1340 1947 1601 1997 Priscianum,

127 2012 278 2051 Romam
298 2011 717 2064 constantinopolitanam
739 2010 887 2050 dictam
912 2009 1172 2048 observamus
1191 2008 1230 2046 in
1254 2005 1602 2057 Constantinopoli

129 2068 275 2108 Christ.
293 2068 363 2107 lib.
382 2083 408 2105 1.
429 2082 470 2120 p.
490 2069 558 2111 35.

244 2128 337 2175 Pag.
368 2124 462 2167 531.
493 2127 558 2167 16.
619 2123 702 2165 Καὶ
738 2120 1008 2173 Κώνσταντα]
1052 2121 1107 2159 De
1139 2133 1243 2158 anno
1284 2131 1365 2170 quo
1402 2117 1600 2155 Constans

130 2183 274 2220 Caesar
305 2182 436 2219 dictus
468 2186 528 2219 est
556 2180 668 2220 varie
696 2180 878 2218 scribunt
898 2177 1105 2217 Historici.
1162 2174 1356 2214 Eusebius
1378 2173 1448 2213 lib.
1471 2187 1527 2212 1v.
1550 2173 1602 2212 de

130 2239 222 2278 Vita
238 2239 444 2276 Constant.
466 2250 632 2289 cap.xt..
653 2236 695 2275 id
714 2238 863 2276 factum
883 2235 938 2274 ait
954 2230 1062 2285 ἀμφὶ
1079 2229 1154 2284 τήν
1173 2233 1311 2284 τρίτην
1329 2226 1479 2270 δεκάδα
1496 2229 1603 2282 ejus-

131 2295 223 2335 dem
259 2293 448 2346 Augusti,
495 2306 568 2332 seu
593 2294 696 2332 circa
724 2307 823 2332 xxx.
853 2290 1016 2344 Imperii
1047 2301 1208 2327 annum.
1266 2286 1534 2339 Hieronymus
1564 2291 1603 2325 et

129 2352 319 2404 Prosper,
351 2351 566 2389 Pacatiana
589 2355 630 2388 et
646 2349 852 2388 Hilariano
873 2349 980 2386 Coss.
1000 2359 1063 2384 an.
1083 2357 1287 2383 cccxxxn.
1310 2343 1481 2386 Constans
1492 2343 1601 2395 filius

133 2409 357 2447 Constantini
380 2407 585 2459 provehitur
611 2407 662 2445 ad
686 2406 862 2456 Regnum.
919 2404 965 2442 Id
988 2403 1028 2440 in
1054 2414 1200 2440 annum
1219 2407 1449 2452 sequentem
1469 2399 1602 2452 rejicit

131 2464 283 2503 Idatius
309 2464 371 2502 die
391 2477 481 2502 v111.
503 2463 592 2501 Kal.
614 2463 700 2502 Jan.
722 2463 862 2501 Victor
885 2458 1064 2509 Schotti,
1095 2464 1187 2510 post
1220 2457 1369 2495 bellum
1404 2455 1603 2496 Sarmati-

134 2534 223 2560 cum
242 2522 449 2559 Caesarem
467 2519 622 2559 dictum
644 2520 720 2569 ait,
751 2518 860 2570 quod
879 2523 1034 2569 gestum
1058 2521 1117 2553 est
1134 2527 1238 2552 anno
1258 2526 1461 2552 cccxxxu.
1520 2510 1601 2550 Sed

135 2590 224 2616 cum
251 2577 357 2616 infra
386 2577 534 2615 scribat
561 2578 712 2615 Auctor
742 2575 932 2613 Chronici
961 2580 1043 2611 tres
1070 2570 1268 2609 duntaxat
1288 2583 1412 2608 annos
1436 2574 1601 2621 parente

135 2635 347 2687 superstite
387 2634 613 2673 Caesaream
659 2633 889 2684 dignitatem
930 2627 1148 2668 obtinuisse
1190 2627 1468 2664 Constantem:
1507 2624 1600 2663 inde

138 2692 297 2729 omnino
329 2690 469 2729 confici
489 2690 653 2729 videtur
672 2685 824 2728 dictum
845 2689 1046 2726 Caesarem
1068 2697 1170 2723 anno
1189 2696 1411 2722 cccxxqu.
1469 2681 1599 2733 Atque

137 2745 236 2784 adeo
263 2746 527 2799 expungenda
550 2746 650 2785 haec
675 2747 799 2785 verba
827 2746 869 2784 in
894 2742 1093 2783 Chronico
1109 2770 1119 2789 ,
1148 2739 1216 2780 καὶ
1238 2735 1483 2779 Κώνσταντα
1506 2735 1599 2778 υἵόν

137 2798 264 2843 αὐτοῦ
295 2798 530 2856 Αὕγοῡστον
556 2799 776 2852 ἐνέδειξεν·
815 2804 953 2854 sicque
981 2797 1247 2845 emendanda,
1275 2795 1340 2836 καὶ
1372 2790 1600 2849 Δαλμᾶτιον

1627 2510 1658 2544 V
1680 2510 1750 2548 485
