1884 3262
490 169 550 211 IN
584 169 917 220 CHRONICON
947 131 1236 212 PASCHALE.
1495 167 1599 216 295

125 278 180 318 mi
209 276 278 316 alii
306 277 359 316 de
387 277 534 329 quibus
562 277 644 329 egit
672 278 738 317 vir
768 278 1026 318 doctissimus
1061 279 1230 318 Joannes
1270 276 1518 328 narduinus,
1557 279 1599 318 in

124 333 269 387 quibus
324 334 561 386 Ομονοιῶν,
606 348 678 374 seu
724 335 932 374 foederum
970 336 1164 376 initorum
1205 349 1297 374 cum
1333 335 1600 386 Pergamenis,

122 389 329 444 Ephesiis,
369 391 678 443 Smyrnensibus
712 398 752 431 et
784 392 1156 432 Nicomediensibus
1196 392 1243 431 fit
1283 392 1457 442 mentio,
1498 405 1601 444 quae

123 454 233 487 certa
263 453 357 486 sunt
383 449 566 488 indultae
594 463 641 488 ac
669 455 850 487 servatae
878 449 1076 488 libertatis
1105 453 1349 501 argumenta.
1406 447 1497 487 Hoc
1525 462 1599 488 au·-

122 510 202 543 tem
230 505 323 543 loco
350 505 547 544 Laodicea
577 504 607 559 ἦ
627 500 854 558 παράλιος,
897 519 970 544 seu
999 522 1104 560 προς
1131 503 1368 554 θάλασσαν,
1411 504 1599 557 intelligi·

121 566 213 610 tur,
245 574 365 614 quam
391 562 561 601 liberam
589 568 710 602 vocat
738 562 891 601 Plinius
919 562 990 602 lib.
1005 575 1045 603 v.
1074 569 1169 602 sect.
1188 577 1306 603 xvm.
1365 561 1468 602 Vide
1495 562 1598 602 Her-

120 624 296 657 wartum
324 618 365 656 in
396 618 637 670 Chronolog.
668 632 755 672 cap.
788 632 976 658 ccxxxv.

234 675 332 725 Pag-
361 677 457 718 356.
487 676 526 718 4
586 673 769 727 Πόλεμος
787 673 1021 730 Ισαυρικὸς]
1050 674 1203 713 Idatius
1224 674 1304 714 hoc
1328 688 1448 714 anno.

235 731 332 781 Pag·
362 733 457 775 856.
489 737 527 776 6·
584 729 821 785 Αντῶνιος]
851 732 1070 782 Eusebius,
1099 732 1331 784 syncellus,
1362 738 1402 771 et
1423 731 1505 771 alii.

235 788 331 838 Pag·
359 790 458 833 356·
490 792 576 832 10-
614 789 826 842 Αλβίνου]
870 788 1026 829 Schott.
1067 789 1290 841 Καλβίνου.
1302 787 1318 841 ]
1375 788 1479 828 Idat.
1514 787 1596 827 MS.

122 845 277 883 Galbina
298 858 343 884 11.
364 849 399 897 et
422 846 633 888 Pollinione.
692 845 1234 898 8031ἰ3.καὶΠουλλὶωνος.
1292 845 1597 891 υὶο,1(αλουΐ-

119 916 196 942 νου
211 900 281 941 καὶ
299 891 520 951 Πωλὶονος.
578 903 674 941 Post
697 902 806 941 hunc
830 902 1104 951 Consulatum,
1132 901 1331 954 scriptum
1349 907 1434 940 erat
1452 901 1493 940 in
1514 901 1598 940 edi-

118 958 228 1008 tione
259 957 504 1009 Raderiana,
533 956 624 1013 (τπδ’
657 957 889 1012 Ολυμπιας,
921 958 1031 1011 quod
1065 959 1176 998 deest
1206 959 1247 997 in
1267 959 1375 998 Edit.
1393 957 1598 1010 Scaligeri,

119 1020 160 1053 et
190 1016 233 1053 in
265 1014 364 1055 Cod.
394 1015 614 1055 Holstenii.
641 1016 750 1056 unde
779 1016 885 1055 illud
914 1016 1184 1069 expunximus
1210 1021 1258 1054 ut
1289 1027 1503 1068 perperam
1529 1013 1597 1054 hie

118 1070 328 1113 insertum.
405 1072 520 1112 Hanc
556 1086 682 1127 porro
723 1073 1006 1126 Olympiadem
1054 1086 1129 1112 suo
1168 1078 1311 1125 postea
1350 1072 1443 1111 loco
1479 1071 1599 1110 inse-

117 1141 285 1171 ruimus.

232 1185 328 1236 Pag
357 1185 552 1228 356-12.
611 1182 737 1234 Γάϊος
755 1181 927 1237 Ιούλιος,
947 1185 1044 1239 etc.]
1075 1184 1177 1226 Vide
1193 1183 1414 1238 Josephum
1430 1183 1501 1226 lib.
1512 1197 1598 1224 x1v.

117 1240 256 1294 Antiq.
275 1242 365 1280 Jud.
389 1249 428 1280 et
448 1242 610 1281 Dionem
629 1242 700 1282 lib.
721 1256 867 1282 nvm.

187 1314 190 1316 ’
232 1299 452 1349 Pag.356.
484 1301 548 1341 15
606 1299 732 1340 Εἰσὶν
762 1297 830 1348 δὲ,
858 1300 960 1350 εἴα]
999 1298 1112 1338 Haec
1141 1302 1181 1336 et
1212 1297 1419 1350 sequentia
1454 1297 1599 1336 desunt

51 1400 56 1403 ¹
83 1342 86 1347 r
117 1346 160 1393 in
176 1353 272 1395 edit.
291 1354 494 1405 scaligeri.

80 1460 92 1463 s
231 1411 328 1451 Ibid.
384 1411 509 1452 Εἰσὶν
541 1409 586 1452 δὲ
611 1410 705 1464 καὶ]
744 1410 860 1451 Hanc
896 1410 1040 1451 seriem
1075 1423 1322 1449 summorum
1355 1409 1597 1449 Pontificum

118 1480 280 1507 rursum
296 1468 403 1508 infra
421 1468 568 1519 ingerit
585 1481 677 1521 pag.
694 1471 791 1512 207.
1116 1504 1119 1510 .

231 1524 329 1575 Pag-
359 1524 456 1569 358.
489 1527 554 1567 13.
615 1527 705 1566 Τῶν
739 1522 850 1579 παρὰ
890 1523 1119 1572 Ιουδαίοις,
1168 1522 1274 1575 etc-J
1327 1522 1391 1563 Ex
1431 1520 1594 1561 Eusebii

119 1579 267 1621 Chron.
286 1594 324 1634 p.
343 1583 441 1624 153.
458 1581 529 1620 ubi
547 1580 693 1633 Scalig.
713 1595 756 1634 p.
775 1585 869 1625 161.
891 1582 986 1624 163.
1003 1580 1099 1622 164.

233 1638 331 1688 Pag·
361 1639 457 1681 358.
489 1639 557 1680 14.
615 1636 878 1690 Αλλόφυλος]
908 1637 959 1677 Id
984 1642 1104 1688 negat
1129 1634 1309 1686 Scaliger
1338 1634 1380 1673 in
1403 1635 1597 1686 Prolego-

118 1708 222 1734 men.
254 1694 308 1733 ad
331 1694 572 1745 Eusebium,
599 1700 638 1734 et
665 1695 924 1735 Cesaubonus
942 1692 1116 1733 Exercit.
1131 1706 1161 1731 1.
1186 1691 1237 1730 ad
1257 1698 1496 1744 apparatum
1518 1693 1598 1730 An-

118 1751 200 1790 nal.
228 1751 381 1791 Eccles.
408 1765 519 1790 num.
536 1764 582 1791 11.
600 1765 663 1791 111.
683 1765 740 1793 w,
757 1764 796 1792 v.
824 1751 1052 1805 probatque
1069 1749 1270 1788 Herodem
1292 1761 1422 1800 neque
1442 1745 1598 1801 προσή-

119 1811 263 1859 λυτον,
291 1821 425 1860 neque
454 1804 685 1859 ἀλλόφυλον
710 1808 834 1847 fuisse
843 1838 856 1859 ,
882 1807 993 1861 quod
1013 1820 1063 1845 ex
1086 1804 1456 1858 An-icano'acripsit
1477 1806 1597 1844 Euse-

117 1865 228 1904 bius·
258 1871 396 1903 contra
425 1864 469 1902 id
501 1864 660 1904 firmare
692 1872 893 1904 conantur
922 1863 1125 1904 Serrarius
1162 1869 1203 1902 et
1229 1862 1420 1902 Petavius
1443 1862 1514 1904 lib.
1537 1876 1595 1901 11.

120 1921 172 1961 de
195 1922 329 1960 Doctr.
351 1921 488 1973 Temp.
509 1932 597 1974 cap.
615 1935 657 1962 v.

233 1978 331 2029 Peg
360 1978 457 2020 359
488 1982 553 2021 10.
610 1973 879 2029 Σαλουστιος]
913 1976 975 2016 Ita
994 1975 1159 2016 Idatius.
1217 1973 1435 2014 Eusebius:
1467 1975 1596 2014 Sallu-

121 2036 213 2072 stius
238 2035 331 2074 diem
357 2036 445 2074 obiit
467 2036 703 2087 quadriennio
722 2039 807 2075 ante
824 2036 1013 2074 Actiacum·
1033 2033 1172 2071 bellum.
1229 2031 1308 2070 Ubi
1329 2032 1598 2071 consulendus

119 2091 308 2142 Scaliger.

238 2148 333 2199 Rzg.
362 2149 459 2190 360.
491 2150 529 2191 8.
589 2144 746 2197 Καθοίς
766 2146 949 2188 ἐνταῦθα
977 2144 1165 2201 φέρεται]
1196 2145 1403 2184 Glossema
1422 2145 1594 2183 alienum

119 2218 198 2260 pro
219 2219 310 2244 aera
333 2203 479 2243 Christi
498 2204 695 2244 additum.

237 2261 456 2311 Peg-360.
493 2263 559 2304 16.
618 2259 827 2313 Κικέρων]
871 2258 1090 2300 Eusebius:
1131 2258 1274 2307 cicero,
1312 2262 1354 2297 ut
1387 2257 1597 2325 quibusdam

118 2318 257 2371 placet,
285 2320 326 2356 in
346 2317 479 2356 Caietis
498 2319 727 2371 interficitur.
786 2315 983 2366 Georgius
1003 2315 1232 2368 Syncellus:
1262 2288 1492 2386 ’Κικέρων’
1470 2331 1491 2356 ο
1513 2310 1596 2366 Ρή-

121 2390 203 2428 τωρ
212 2371 506 2445 aulul-manoe
525 2374 593 2416 ἐν
602 2375 764 2421 Γαΐταις
792 2369 977 2444 οἷνηρὲθη
1007 2374 1081 2425 τῆς
1109 2372 1284 2420 Ιταλίας·
1314 2387 1371 2420 ως
1389 2387 1458 2412 και
1481 2368 1593 2412 ἄλλοι

124 2429 267 2483 φασὶν,
283 2446 346 2472 οτι
364 2445 564 2486 φαρμακῳ
583 2430 819 2483 διέφθειρεν
836 2413 989 2470 εαυτὰν.
1046 2429 1224 2480 Denique
1241 2428 1395 2468 Idatius
1416 2427 1467 2466 ad
1489 2428 1594 2466 Con-

123 2487 299 2527 sulatum
317 2487 485 2526 Antonii
499 2495 538 2527 et
556 2487 732 2527 Libonii.
757 2487 831 2527 His
849 2486 966 2526 Canes.
986 2486 1073 2524 obiit
1093 2485 1225 2534 Cicero,
1242 2485 1445 2537 interfectus
1462 2485 1519 2523 die
1537 2496 1593 2522 lv.

125 2543 213 2583 Kal.
232 2543 374 2585 Maius.
414 2543 491 2584 Sed
513 2545 564 2585 de
584 2558 689 2583 anno
705 2558 751 2583 11.
771 2543 933 2595 Olymp.
955 2554 1150 2580 CLXXXIV.
1169 2555 1248 2593 quo
1267 2541 1418 2581 interiit
1437 2540 1593 2589 Cicero,

127 2600 399 2640 consulendus
419 2602 595 2653 Scaliger
613 2601 666 2640 ad
688 2599 901 2640 Eusebium
919 2612 958 2651 p
979 2601 1075 2641 160.
1095 2603 1140 2636 ut
1160 2598 1260 2637 alios
1284 2604 1544 2651 praeteream.

239 2657 334 2707 Pag·
363 2658 458 2701 360
490 2661 554 2701 18.
613 2658 732 2711 Ερβα
773 2655 964 2708 Κωκίου]
1013 2653 1170 2694 Schott.
1207 2653 1349 2708 Νέρβα
1380 2653 1591 2695 Κοκσιείσν.

128 2712 372 2767 8ω1.Ερβα
391 2716 590 2756 Κωκείου.
646 2715 742 2764 Dio,
775 2713 953 2754 Κοκκίον
975 2706 1153 2764 Νερούα.

241 2768 960 2834 Pag5360.20.1³>u1.mpagffltov
979 2766 1158 2823 ἐγένεὲο]
1200 2767 1257 2806 De
1277 2779 1355 2819 qua
1376 2765 1593 2806 videnu-

128 2829 299 2865 wartum
319 2825 363 2866 in
384 2825 651 2880 chronologia
677 2841 766 2881 cap.
791 2839 935 2867 ccxxv.
1207 2867 1213 2871 ,
