1884 3262
514 207 572 249 lN
607 207 937 250 CHRONICON
966 207 1254 250 PASCHALE.
1318 198 1322 207 '
1521 207 1622 255 293

80 324 83 326 '
148 329 226 368 que
258 315 310 354 ad
345 315 550 355 Commodi
584 329 742 368 necem,
773 331 862 356 cum
887 317 999 356 annis
1027 307 1190 371 Imperii
1219 317 1446 370 pertexuit,
1476 324 1515 358 et
1545 318 1622 356 ali-

148 379 248 424 quot
277 372 377 411 alios
406 387 456 411 ex
484 372 646 411 Latinis.

261 429 358 479 Pag.
388 431 482 473 355
512 433 550 472 9.
607 425 690 480 Atp'
719 446 768 470 ου
797 446 847 470 τα
878 432 1076 483 Ρωμαίων
1103 428 1312 496 ἤκμασεν]
1352 429 1498 469 Eadem
1536 430 1621 469 fere

148 485 344 536 Georgius
373 487 544 538 Syncell.
577 500 618 539 p.
650 488 748 528 305.
780 487 849 539 qui
876 486 1016 538 habet,
1057 486 1123 529 ἐπὶ
1151 502 1318 537 τουτου,
1349 500 1387 526 eo
1418 490 1620 540 imperante.

145 541 317 580 Proinde
345 542 579 594 legendum,
610 539 673 595 ἐφ’
702 537 764 584 οὗ.

259 599 356 649 Pag
384 601 576 644 355.13
634 597 749 653 Λρχή
781 600 1066 650 Ινὸικτιωνος]
1110 599 1219 639 Haec
1249 599 1393 639 absunt
1423 614 1446 638 a
1476 599 1623 639 Codice

143 655 354 694 Holstenii.
424 665 430 667 “

260 712 483 762 Pag.355.
516 712 580 754 14.
638 710 731 754 And
758 709 919 767 πρώτου
950 712 1063 761 ε’τους
1091 714 1169 753 τοῦ
1201 712 1353 764 Γαΐου]
1400 714 1483 752 Τοῦ
1514 712 1621 752 delet

145 768 242 808 Cod.
283 769 717 810 Vatic.1ndicti0num
757 783 875 808 usum
908 785 927 808 a
958 770 1063 808 Julio
1095 769 1263 808 Caesare
1295 770 1502 808 inventum
1535 769 1623 820 qui-

143 825 237 864 dam
267 832 472 876 praeterea
503 826 658 878 opinati
687 834 803 875 sunt,
835 833 954 879 atque
989 827 1030 864 in
1060 826 1108 865 iis
1139 826 1336 877 Georgius
1364 825 1621 864 Hamartolus

103 921 108 925 ,
142 882 183 920 in
215 881 361 920 Chron.
392 883 472 920 MS.
501 884 543 921 in
574 883 714 922 eodem
742 884 866 923 Julio:
907 883 976 924 καὶ
1012 880 1084 931 τοὶς
1115 884 1325 930 Ινδίκτους
1363 882 1433 922 καὶ
1468 879 1513 923 τὸ
1541 883 1621 922 Βί-

142 938 502 992 σεξτονέφεῦρεν.
561 939 644 979 Η98
676 955 698 978 9
737 942 867 993 primo
905 939 1084 992 ejusdem
1114 939 1213 991 Imp.
1245 953 1350 978 anno
1387 939 1620 990 auspicatur

142 995 326 1048 Scriptor
355 995 559 1035 Paschalis
587 996 794 1036 Chronici:
823 999 993 1036 Sanctus
1024 1010 1120 1036 vero
1153 996 1376 1044 Maximus,
1407 1008 1478 1034 seu
1509 995 1619 1034 indi-

141 1052 224 1090 culi
250 1051 321 1093 hic
349 1052 543 1105 descripti
574 1057 746 1104 Auctor,
785 1055 837 1093 ab
867 1068 971 1093 anno
999 1068 1044 1094 11.
1083 1054 1274 1104 Augusti,
1322 1065 1402 1104 quo
1433 1053 1479 1092 αἰ
1507 1052 1619 1092 Ινδι-

141 1124 230 1149 κτοι.
257 1106 431 1163 ἤρξαντο
460 1111 727 1162 ψηφίζεσθαι.
785 1111 864 1150 Sed
895 1118 1110 1162 utrumque
1142 1110 1314 1159 falsum,
1355 1123 1446 1150 cum
1475 1108 1519 1147 id
1549 1122 1622 1147 no·

139 1165 258 1204 minis
295 1167 340 1204 in
376 1172 603 1219 temporum
641 1167 851 1220 putatione
900 1174 987 1206 tum
1028 1168 1204 1219 primum
1240 1166 1425 1205 auditum
1465 1172 1623 1205 constet
1648 1170 1678 1204 V
1702 1168 1772 1205 432

142 1222 404 1262 Constantino
439 1224 492 1262 M.
531 1226 767 1275 imperante.
826 1225 953 1263 Porro
984 1222 1095 1262 hunc
1124 1224 1278 1273 locum,
1320 1222 1462 1275 quoad
1486 1236 1618 1262 aeram

139 1279 451 1330 Antiochenam,
494 1281 683 1332 pluribus
721 1281 922 1319 examinat
960 1281 1136 1348 Scaliger
1173 1281 1244 1319 lib.
1285 1294 1323 1319 v.
1363 1279 1413 1318 de
1454 1279 1619 1319 Emeud.

139 1342 262 1388 ¹emp.
293 1351 334 1389 p.
367 1338 464 1379 504.
495 1343 537 1376 et
566 1338 660 1380 505.
690 1344 907 1390 monetque
940 1350 1018 1389 pro
1056 1333 1186 1405 ἤγουν
1215 1332 1278 1388 ιβ’.
1307 1336 1520 1403 legendum
1553 1339 1619 1376 Ιν-

141 1393 279 1434 ὃίκτου
314 1389 380 1445 ιβ’.
414 1400 454 1432 et
483 1407 559 1445 pro
590 1389 674 1435 ἄπο
701 1391 884 1446 πρώτης,
908 1392 1117 1444 legendum
1149 1389 1230 1433 οἷπό
1257 1386 1421 1445 πρώτης
1445 1392 1515 1432 καὶ
1545 1387 1619 1433 αὗ-

84 1466 90 1467 *
138 1465 214 1490 ται.
273 1449 392 1489 Hunc
419 1456 624 1502 praeterea
656 1451 822 1490 consule
852 1450 904 1489 ad
932 1449 1149 1488 Eusebium
1174 1462 1262 1501 pag.
1284 1450 1377 1492 152.
1399 1456 1438 1488 et
1458 1450 1529 1489 lib.
1551 1463 1616 1487 ιιι.

140 1507 290 1545 Canon.
312 1507 472 1558 Jsagog.
505 1521 544 1558 p.
573 1510 670 1550 301.
701 1515 740 1547 et
769 1509 866 1550 302.
902 1506 974 1544 ubi
1002 1506 1191 1545 observat
1230 1519 1354 1544 annos
1394 1505 1621 1545 Antioche-

137 1577 211 1601 nos
251 1564 295 1601 in
333 1577 401 1603 xv.
437 1563 675 1603 distributos
716 1565 811 1604 dare
852 1577 988 1603 veram
1023 1563 1312 1612 Indictionem,
1356 1569 1478 1614 atque
1517 1562 1616 1601 adeo

88 1661 94 1669 ⁸
135 1619 234 1658 hinc
262 1620 303 1658 in
333 1619 412 1659 hoc
442 1619 643 1659 Chronico
675 1635 812 1660 omnes
840 1635 966 1660 annos
997 1633 1020 1657 a
1055 1620 1244 1669 Caesare,
1283 1617 1355 1660 καὶ
1394 1615 1474 1660 dna
1518 1635 1617 1671 χρη-

136 1679 336 1728 ματισμοῦ
371 1680 445 1729 τῆς
481 1678 715 1730 Αντιοχείας
752 1691 827 1730 per
864 1676 1108 1716 Indictiones
1149 1677 1306 1728 putari,
1352 1689 1478 1727 quum
1525 1682 1618 1714 ante

135 1732 342 1785 Epocham
371 1733 660 1773 Antiochenam
690 1735 798 1773 nulla
826 1733 1066 1773 Indictionis
1095 1733 1138 1771 in
1160 1732 1273 1771 annis
1293 1738 1388 1770 nota
1411 1733 1476 1783 sit,
1506 1731 1617 1784 quod

136 1796 179 1828 et
205 1789 339 1842 ipsum
368 1796 508 1829 notatu
538 1791 702 1842 dignum
733 1805 818 1830 esse
850 1791 927 1840 ait,
969 1803 1062 1828 cum
1091 1790 1251 1842 ⁴procul
1279 1788 1429 1838 dubio,
1467 1789 1617 1840 inquit,

67 1857 75 1862 “
138 1860 275 1885 omnes
304 1846 549 1886 Indictiones
582 1848 631 1887 ab
665 1847 913 1887 Antiochena
944 1846 1148 1886 derivatae
1184 1847 1287 1893 sint,
1326 1859 1428 1897 quae
1457 1860 1479 1884 a
1508 1845 1614 1884 Maio

137 1916 274 1942 mense
302 1902 438 1942 inibat.
469 1904 546 1942 Hic
578 1911 779 1957 caeterum
809 1905 908 1944 mire
936 1903 1073 1957 turbat
1101 1902 1257 1941 Auctor
1277 1901 1507 1951 Chronici,
1518 1916 1615 1947 cum

137 1959 314 2014 primum
346 1960 442 2008 Julii
482 1953 662 2014 Caesaris
679 1962 860 2026 Imperii
899 1956 1046 2012 annum
1086 1960 1129 1998 in
1172 1950 1433 1998 Consulatum
1473 1958 1616 2011 Lepidi

239 2003 349 2013 ν-ὤ-,Α

138 2023 179 2055 et
208 2016 344 2055 Planci
370 2017 594 2070 conjicit,
604 2019 700 2071 qui
717 2015 876 2070 biennio
906 2012 997 2056 ante
1026 2032 1051 2057 a
1078 2017 1208 2055 Bruto
1239 2022 1279 2055 et
1309 2016 1444 2059 Cassio
1472 2017 1629 2057 caesus'

139 2073 313 2124 obierat,
344 2062 579 2130 caeteraque
610 2076 674 2118 ad
689 2068 805 2113 illum
836 2068 1076 2128 spectantia
1084 2073 1128 2111 in
1153 2086 1281 2124 annos
1311 2078 1558 2125 sequentes,
1567 2079 1614 2110 ut

301 2103 406 2131 ,Μ

138 2136 229 2170 ete
194 2144 303 2184 „11¹³
323 2138 493 2169 mortem
507 2132 704 2188 conjicit.
736 2145 852 2187 quae
867 2131 1030 2188 quidem
1060 2130 1110 2167 ab
1138 2121 1287 2182 ineptis
1317 2128 1452 2168 sciolis
1479 2129 1520 2166 in
1541 2115 1613 2166 Pa-

136 2179 341 2242 {dhalioii
346 2180 488 2238 alienis
516 2188 620 2227 locis
648 2189 820 2227 subinde
847 2189 1026 2238 intrusa,
1053 2184 1167 2226 haud
1196 2198 1313 2236 aegre
1343 2185 1613 2224 emendabun-

123 2250 226 2295 ,1ι7ι7ι·
261 2243 294 2293 si
331 2245 424 2282 anni
464 2238 663 2284 duntaxat
698 2245 862 2299 Imperii
897 2244 992 2282 Julii
1014 2217 1206 2282 Caesaris
1242 2241 1311 2280 hic
1339 2236 1491 2293 notati,
1529 2255 1613 2280 non

137 2293 269 2339 autem
301 2292 513 2354 Consules,
519 2308 803 2355 spectentur,
831 2308 872 2340 et
899 2301 982 2339 suis
1012 2300 1238 2352 quibusque
1267 2299 1369 2338 locis
1399 2312 1522 2352 supra
1552 2299 1611 2336 in-

137 2349 340 2395 serantur:
382 2371 455 2396 nec
490 2352 617 2407 enim,
660 2357 769 2409 quod
807 2358 963 2397 censuit
990 2357 1167 2421 Scaliger
1194 2357 1235 2395 in
1265 2356 1377 2395 Notis
1407 2354 1458 2393 ad
1489 2356 1611 2393 Euse-

136 2404 247 2451 bium
278 2426 384 2465 pag.-
403 2415 496 2455 157.
524 2415 616 2454 ideo
648 2416 804 2453 Auctor
833 2413 1006 2463 erravit,
1042 2414 1135 2465 quia
1164 2418 1261 2465 post
1293 2426 1351 2452 vx.
1382 2425 1530 2460 annos,
1572 2417 1610 2449 et

138 2469 180 2508 in
209 2470 423 2508 Consulatu
457 2470 592 2510 Planci
624 2478 664 2510 et
693 2470 860 2524 Lepidi,
898 2483 1011 2509 aerae
1048 2468 1320 2508 Antiochense
1348 2469 1490 2507 statuit
1527 2467 1610 2504 ini-

137 2526 252 2574 tium,
283 2540 387 2574 cum,
417 2526 546 2578 inquit
571 2528 654 2577 ille,
684 2534 876 2579 sequatur
902 2526 1117 2566 Eusebium
1146 2525 1190 2564 in
1217 2524 1473 2573 consulibus,
1500 2524 1609 2572 quod

139 2588 179 2621 et
217 2582 314 2620 facit
353 2584 521 2623 Orosius
565 2591 603 2624 et
642 2584 923 2632 Cassiodorus,
962 2589 1010 2622 ut
1048 2580 1262 2633 aliquando
1295 2596 1348 2620 vl.
1390 2579 1609 2630 aliquando

137 2650 363 2690 paucorum
408 2652 602 2681 annorum
646 2642 858 2680 intervallo
902 2639 1122 2705 anticipent
1167 2636 1374 2690 Epocham
1414 2634 1609 2686 Regifugii

138 2699 209 2732 aut
245 2695 430 2733 Palilium
471 2698 592 2738 urbis.
634 2699 788 2750 Neque
826 2698 933 2737 enim
967 2696 996 2734 ii
1030 2708 1135 2747 quae
1177 2694 1408 2733 acciderunt
1445 2691 1486 2732 C.
1515 2691 1609 2730 Julii

138 2750 316 2789 Caesaris
344 2755 618 2805 temporibuS,
649 2769 780 2806 neque
807 2754 918 2792 illius
948 2752 1113 2804 Imperii
1143 2765 1267 2789 annos
1296 2749 1467 2799 Augusti
1494 2749 1608 2786 annis

138 2805 459 2859 adscripserunt,
497 2817 543 2850 ut
580 2784 648 2848 h’ic
682 2812 835 2850 factum
872 2809 1131 2854 advertimus
1190 2808 1291 2846 Cum
1329 2806 1454 2857 igitur
1479 2805 1608 2843 Julius

139 2862 282 2903 Caesar
323 2864 516 2919 Princeps
554 2868 722 2907 Senatus
758 2868 979 2920 Imperator
1015 2865 1187 2915 dicitur,
1239 2864 1365 2904 Pansa
1400 2868 1441 2902 et
1476 2861 1608 2901 Hirtio
