1820 3276
278 202 379 251 486
847 203 1173 247 NOTAE

277 319 410 353 monte
440 311 600 360 aedem,
631 310 674 352 ἐν
704 305 737 366 ᾧ
771 312 846 353 Διῒ
871 312 1035 366 Τψίστῳ
1050 310 1284 379 ἁγιώτατον
1306 310 1435 364 ἱερὸν,
1466 327 1498 352 ω
1520 307 1744 363 καθιέρωτο

276 372 468 422 Αβραμος
488 368 509 410 ὅ
525 371 606 409 τῶν
623 352 749 408 πάλαι
769 369 961 421 Εβραίων
981 363 1190 422 πρόγονος.
1249 368 1374 407 Sedis
1392 368 1556 407 indubie
1577 368 1743 417 fallitur,

278 439 368 464 cum
390 426 431 464 id
452 425 602 478 templo
623 425 670 462 ab
691 424 890 464 Antiocho
917 423 1122 477 Epiphane
1147 426 1318 477 Aegypti
1337 426 1442 476 Rege
1464 425 1626 464 condito
1645 437 1744 463 con·

278 483 433 530 veniat,
466 482 556 533 qui,
586 487 632 519 ut
665 481 722 519 ait
748 481 885 520 Euseb.
915 481 985 520 lib.
1003 495 1028 519 1.
1059 480 1205 519 Chron.
1226 494 1395 533 pervasa
1417 480 1585 530 Judaea,
1614 483 1652 519 in
1671 479 1745 520 Sa-

275 541 391 577 maria
426 552 531 590 super
561 539 722 576 verticem
749 542 876 577 montis
895 538 1046 577 Garizin
1065 538 1166 576 Iovis
1186 537 1375 588 Peregrini
1394 538 1555 588 templum
1573 538 1744 589 acdifica-

275 597 350 642 vit,
378 597 465 646 ipsis
494 594 691 633 samaritis
720 599 761 632 ut
791 596 856 633 hoc
875 595 1014 646 faceret
1036 596 1273 646 precantibus.
1332 593 1508 632 Perstitit
1529 599 1659 631 autem
1678 594 1745 631 sa-

277 665 373 689 num
401 652 510 689 istud
541 649 812 689 Cuthaeorum
844 651 1005 689 circiter
1034 651 1228 689 ducentos
1252 664 1400 698 annos,
1430 649 1558 688 donec
1575 650 1744 688 loannes

276 714 540 758 cognomento
562 707 766 757 :Hircanus
802 708 977 758 Regnum
1007 706 1193 745 obtinuit.
1251 706 1288 744 Is
1318 706 1423 745 enim
1456 706 1672 745 ascendens
1701 706 1742 744 in

276 765 491 803 Samariam
509 764 653 802 evertit
674 763 811 802 fanum
836 778 858 802 a
878 763 1063 802 Cuthaeis
1082 763 1330 801 aedificatum
1349 762 1391 801 in
1413 769 1547 801 monte
1569 761 1743 812 Garizin,

275 822 436 859 necavit
474 819 692 858 haereticos
731 820 801 872 qui
835 820 1053 859 offerebant
1082 819 1313 858 holocausta
1341 825 1380 858 et
1410 819 1601 858 sacrificia
1629 825 1744 858 extra

127 876 160 909 V
183 872 249 913 521
276 877 414 916 aedem
448 877 626 925 Domini,
658 883 698 915 et
721 877 1013 915 constituerant
1043 876 1202 915 decreta
1234 882 1273 914 et
1300 876 1432 926 leges,
1463 877 1548 914 sive
1577 875 1668 925 jura
1693 888 1743 915 ex

115 2245 146 2280 P
167 2245 238 2281 586

275 934 396 973 animi
426 933 487 971 sui
516 933 702 982 libidine,
732 934 790 971 uti
817 940 954 971 narrat
980 932 1179 971 Abraham
1207 933 1345 970 Levita
1363 933 1403 970 in
1423 931 1620 970 Historica
1643 931 1742 970 Cab-

273 990 378 1029 bala.
438 989 514 1028 Alii
542 1003 639 1028 vero
668 990 906 1039 Samaritae,
949 990 1018 1041 qui
1049 988 1286 1027 Sanaballeti
1316 994 1450 1040 partes
1487 988 1627 1027 sectati
1659 1001 1741 1026 non

275 1048 457 1095 fuerant,
483 1045 524 1084 in
548 1059 637 1084 eum
658 1051 831 1084 montem
855 1046 1044 1097 deinceps
1063 1051 1365 1094 concesserunt,
1397 1058 1477 1096 quo
1498 1046 1579 1083 Deo
1600 1057 1741 1096 preces

275 1104 513 1151 funderent,
544 1101 695 1154 patriae
723 1102 885 1154 pietatis
908 1115 1113 1140 memores.
1172 1101 1351 1139 Meminit
1369 1115 1493 1153 porro
1516 1101 1624 1140 aedis
1647 1101 1743 1140 Dei-

274 1174 395 1213 parae
422 1159 463 1197 in
493 1158 572 1198 hoc
597 1164 730 1197 monte
758 1157 989 1197 aedificatae
1014 1159 1187 1195 Sanutus
1218 1158 1288 1197 lib.
1314 1172 1367 1198 111.
1396 1164 1509 1209 parte
1535 1171 1620 1198 xiv.
1652 1171 1742 1211 cap.

273 1230 386 1261 xvm.

391 1274 482 1322 Pag.
513 1270 606 1314 604.
641 1274 704 1313 12.
763 1267 841 1322 Mi}
878 1266 1161 1323 στρατεύεσθαι
1187 1267 1259 1311 τόν
1292 1269 1564 1323 Σαμαρείτην]
1595 1270 1640 1309 In
1664 1269 1742 1309 alia

275 1328 565 1367 Samaritarum
590 1326 824 1376 rebellione,
855 1327 903 1364 iis
923 1327 1140 1378 profligatis
1162 1341 1207 1364 ac
1225 1326 1451 1376 debellatis,
1484 1327 1745 1367 Constitutio-

273 1399 362 1423 nem
383 1384 509 1424 edidit
524 1383 787 1432 Justinianus‚
818 1397 918 1435 quae
939 1389 1000 1422 est
1018 1384 1184 1422 Novella
1205 1396 1343 1422 cxxxx.
1364 1396 1440 1434 qua
1460 1384 1741 1422 Samaritarum

272 1443 500 1493 Synagogae
527 1440 657 1478 claudi
680 1440 895 1493 jubentur,
923 1440 1031 1491 iique
1055 1436 1188 1492 πάσης
1212 1443 1283 1492 τῆς
1312 1440 1511 1488 πολιτείας
1534 1436 1743 1481 ἀπολαύε-

274 1502 374 1539 σθαι
392 1498 710 1546 interdicuntur,
742 1496 785 1535 id
805 1503 863 1534 est
884 1503 966 1535 tum
991 1496 1137 1546 civilis,
1166 1502 1252 1535 tum
1274 1496 1472 1534 militaris:
1503 1495 1616 1547 cujus
1639 1497 1742 1535 Con·
1800 1519 1813 1530 ο

272 1554 491 1593 stitutionis
518 1553 693 1592 meminit
726 1554 842 1592 etiam
875 1553 1049 1605 Cyrillus
1076 1552 1430 1605 Scythopolitanus
1449 1553 1490 1591 in
1510 1553 1597 1592 Vita
1616 1554 1653 1592 S.
1671 1554 1742 1591 Sa-

271 1611 345 1649 bae
377 1624 601 1663 cap.1.xxr.
664 1609 764 1648 Vide
788 1611 877 1661 Leg.
909 1609 1350 1648 X11.etxv11.Cod.de
1375 1609 1572 1651 Haeretic.
1598 1617 1639 1649 et
1658 1609 1741 1649 Ma-

272 1666 379 1709 nich.
399 1673 438 1705 et
462 1680 563 1718 quae
582 1666 632 1705 ad
651 1666 743 1704 illas
766 1672 1056 1705 commentatur
1078 1667 1216 1705 Franc.
1242 1665 1443 1705 Pithoeus.

388 1723 702 1774 Pag.604.18.
761 1719 1028 1775 Δικολόγους]
1061 1722 1166 1772 Quid
1186 1718 1404 1788 §caol-dyona
1423 1736 1523 1762 voce
1545 1712 1739 1774 intelligat

272 1779 423 1819 Auctor
451 1778 806 1829 Ch10nici,haud
833 1780 951 1817 facile
983 1786 1042 1818 est
1073 1780 1247 1831 assequi:
1279 1780 1310 1818 si
1342 1779 1444 1817 enim
1467 1779 1653 1817 advocati
1670 1791 1740 1817 seu

269 1836 452 1889 patroni,
483 1849 582 1887 quae
613 1837 675 1874 vis
704 1842 764 1874 est
795 1836 1006 1885 vocabuli,
1036 1836 1063 1874 ii
1094 1850 1175 1874 non
1200 1836 1406 1889 judicant:
1435 1835 1470 1874 si
1496 1835 1650 1887 judices
1679 1835 1742 1874 in*

269 1893 528 1943 telliguntur‚
558 1905 659 1943 quos
678 1891 954 1931 Theodericus
977 1892 1051 1930 sub
1082 1892 1200 1931 finem
1228 1893 1360 1931 Edicti
1387 1893 1447 1931 sui
1475 1892 1678 1942 cognitores
1705 1895 1740 1930 et

267 1950 360 1989 Jura
389 1949 563 1993 dictantes
592 1955 731 1997 vocat,
763 1962 947 1987 numerus
977 1949 1139 1987 videtur
1168 1949 1379 1997 obsistere,
1411 1949 1566 1987 tametsi
1588 1948 1616 1986 ii
1642 1948 1738 1987 satis

266 2005 498 2044 indicantur
519 2018 618 2043 voce
639 2005 900 2053 καθίσαντες”
931 2018 1021 2043 nam
1045 2005 1203 2044 Judices
1223 2006 1386 2051 sedent,
1416 2011 1463 2042 ut
1482 2011 1540 2043 est
1558 2003 1602 2042 in
1619 2005 1662 2043 L.
1682 2019 1737 2046 111.

272 2062 371 2100 cod.
403 2061 473 2099 ubi
502 2062 682 2102 Senator.
711 2062 895 2101 advocati
920 2075 1014 2100 vero
1043 2068 1170 2105 stant,
1202 2068 1247 2100 ut
1276 2068 1333 2100 est
1355 2062 1396 2099 in
1417 2061 1456 2102 L.
1475 2074 1544 2100 vn.
1564 2061 1663 2101 cod.
1685 2061 1737 2100 de

269 2117 524 2170 postulando.
582 2118 732 2157 Verum
763 2132 951 2156 numerus
979 2132 1059 2156 non
1097 2119 1227 2156 obstat
1259 2118 1357 2170 quin
1387 2117 1544 2156 Judices
1567 2117 1738 2170 intelligi

265 2176 438 2227 possint:
468 2188 558 2213 nam
579 2181 626 2213 ut
644 2174 824 2226 loquitur
843 2175 1143 2213 Valentinianus
1161 2175 1201 2213 in
1220 2175 1386 2214 Novella
1410 2173 1460 2212 de
1487 2173 1737 2213 confirman-

268 2231 328 2270 dis
349 2231 399 2270 iis
420 2238 496 2269 etc.
529 2235 648 2270 notum
670 2236 720 2270 est
734 2235 814 2282 post
826 2231 984 2283 fatalem
1006 2232 1154 2270 hostium
1175 2235 1336 2280 ruinam,
1366 2244 1437 2282 qua
1454 2229 1572 2270 Italia
1590 2231 1735 2270 labora-

264 2291 339 2337 vit,
369 2291 408 2326 in
429 2289 636 2340 quibusdam
656 2289 858 2338 regionibus
878 2292 912 2326 et
935 2289 1136 2327 causidicos
1156 2293 1189 2327 et
1205 2289 1348 2327 Iudices
1365 2287 1538 2338 defuisse,
1565 2301 1611 2326 ac
1637 2300 1734 2338 gna-

263 2358 321 2383 ros
343 2344 445 2382 luris
465 2348 497 2382 et
513 2345 629 2395 legum
649 2349 714 2383 aut
732 2359 813 2383 raro
829 2349 895 2383 aut
911 2347 1048 2382 minime
1068 2349 1232 2393 repertos,
1261 2345 1358 2384 adeo
1380 2350 1424 2382 ut
1444 2343 1611 2394 (subdit
1624 2343 1732 2383 idem

264 2397 497 2454 Augustus)
527 2402 566 2438 in
590 2402 736 2439 (liversis
756 2401 957 2439 Provinciis
977 2402 1147 2439 advocati
1162 2404 1287 2439 varias
1303 2403 1424 2440 curias
1441 2400 1730 2451 derelinquerent,

266 2457 349 2496 dum
379 2459 541 2495 certatim
557 2458 607 2495 ad
619 2458 816 2508 privilegia
837 2457 1029 2496 causidicis
1046 2458 1200 2496 illustris
1223 2458 1476 2496 praetorianae
1496 2455 1605 2495 Sedis
1623 2460 1731 2508 atque

271 2513 435 2553 Urbanae
456 2513 578 2551 delata
586 2513 829 2565 festinarent.-
857 2518 891 2551 et
909 2526 987 2551 cum
1005 2514 1162 2552 meliores
1177 2514 1356 2552 natalibus
1374 2515 1450 2550 suis
1472 2512 1566 2563 effici
1587 2513 1728 2562 vellent,

262 2583 332 2609 non
352 2572 516 2608 curarent
532 2570 633 2608 urbes
647 2565 810 2621 proprias
829 2570 1003 2620 spoliatas
1019 2573 1223 2608 ministeriis
1239 2574 1273 2607 et
1289 2569 1414 2620 officiis
1429 2569 1557 2607 debitis
1574 2571 1728 2609 inter-ire.

267 2625 379 2664 Unde
402 2639 492 2665 cum
513 2639 599 2664 mos
619 2632 724 2664 esset
745 2631 790 2663 ut
806 2638 988 2676 quaeque
1010 2639 1102 2677 pars
1119 2626 1192 2664 sibi
1211 2626 1429 2664 advocatos
1449 2625 1586 2676 plures
1605 2625 1730 2664 advo-

265 2688 393 2730 caret,
426 2687 471 2721 ut
500 2681 617 2721 docet
643 2683 685 2721 L.
711 2696 801 2735 pen.
835 2682 933 2720 Cod.
970 2681 1019 2720 de
1049 2682 1200 2722 Postul.
1233 2688 1273 2720 et
1313 2682 1364 2720 ad
1400 2695 1596 2720 summum
1630 2688 1727 2732 tres,

261 2738 518 2790 postmodum
542 2746 703 2778 cautum
727 2745 785 2777 est
809 2743 851 2776 ut
869 2737 1014 2789 cuique
1031 2738 1136 2790 parti
1155 2738 1235 2776 duo
1253 2739 1495 2788 sufficerent,
1524 2738 1628 2777 alter
1648 2751 1728 2791 pro

262 2794 454 2843 Oratore,
485 2795 586 2834 alter
613 2810 688 2849 pro
717 2795 1030 2843 jurisconsulto,
1062 2795 1115 2833 ita
1147 2801 1194 2833 ut
1211 2796 1303 2847 δίκη
1322 2795 1615 2848 ὑπερτίθεσθαι
1632 2793 1729 2834 ideo

259 2864 342 2892 non
368 2851 572 2903 debuerit,
602 2852 713 2906 quod
741 2852 875 2892 minor
892 2857 1076 2904 repertus
1092 2858 1196 2892 esset
1214 2852 1500 2893 advocatorum
1521 2863 1726 2903 numerus,
