1832 3276
354 199 427 241 AD
463 197 789 242 CHROMCUM
822 195 1272 238 ALEXANDRINUM.
1444 189 1542 238 557

80 308 276 348 turalibus
318 314 358 347 et
396 308 505 358 suis,
546 322 627 346 non
665 305 859 345 simulatis
890 306 1128 358 corporibus
1158 304 1404 357 compositos
1433 317 1541 351 esse3

79 367 206 404 Fuere
235 364 324 414 alii,
354 364 423 416 qui
452 364 660 404 daemones
694 364 1046 415 interpretarentur
1074 364 1230 414 lapsos,
1271 361 1341 400 sed
1371 374 1541 412 corpore

79 423 173 460 item
198 434 271 459 suo
300 421 479 460 vestitos.
538 420 618 458 Alii
648 420 860 458 daemonas
890 426 1063 457 assumta
1093 432 1309 470 corporum
1340 419 1464 456 forma
1489 430 1540 455 ex

79 481 167 517 aere
196 477 377 516 fictorum
407 483 571 516 vocatos
600 476 672 515 Dei
699 476 803 514 filios
834 476 1072 524 existimant,
1101 476 1368 525 faeminasque
1395 472 1543 522 iniisse,

80 534 188 584 quod
220 540 352 572 utrum
383 533 469 572 fieri
499 539 538 571 et
564 532 684 571 homo
713 533 805 570 iude
836 533 1040 583 procreari
1066 532 1216 583 possit,
1248 532 1426 582 disputat
1454 530 1542 567 suse

84 592 126 629 N.
159 591 337 629 Sei-arius
366 596 512 641 quaest.
541 590 580 630 4.
611 603 646 627 c.
678 592 718 630 6.
751 589 801 626 ad
830 588 1008 626 'sobiam
1069 587 1236 637 Angelos
1267 601 1316 625 ex
1345 594 1475 625 mente
1502 593 1542 624 et

79 660 249 698 corpore
287 653 494 685 concretos
539 645 787 684 existimabat
827 644 938 682 Philo
977 645 1027 683 de
1065 644 1250 694 gigantib.
1294 644 1362 694 qui
1407 643 1541 694 genios

79 704 254 755 appellat
295 707 410 741 akireo
445 716 612 754 corpore
651 703 825 740 indutos.
881 715 972 738 cum
1010 701 1088 739 hoc
1125 701 1221 738 sacit
1256 699 1411 752 Joseph.
1442 701 1471 739 l.
1504 703 1540 740 1.

83 760 270 811 Antiquit.
319 759 497 798 Justinus
530 758 702 810 Martyr..
742 759 920 796 Clemens
957 757 1247 796 Alexandrinus
1276 757 1301 796 l.
1330 759 1367 799 3.
1399 758 1542 794 Strom.

81 816 348 854 Tertullianus
384 816 433 854 de
474 815 586 853 cultu
618 815 814 853 muliebri.
875 814 1101 852 Lactantius
1133 814 1156 851 1.
1187 818 1226 855 2.
1255 827 1288 853 c.
1323 813 1383 854 15.
1442 812 1544 850 Hinc

80 873 308 911 existimant
346 872 523 910 extitisse
554 871 706 909 fabulas
752 874 978 922 poetarum,
1024 871 1091 921 qui
1127 867 1461 919 metamorphoses
1506 875 1543 906 et

82 929 298 974 connubia,
338 935 377 966 et
413 927 606 966 adulteria
647 929 816 966 Deorum
857 940 947 964 cum
989 925 1214 963 hominibus
1253 924 1542 972 confinxerunt,

80 991 126 1022 ut
163 985 286 1024 tradit
316 984 455 1024 Euseb.
485 997 620 1036 praep.
650 984 795 1032 Evang.
828 996 862 1021 o.
892 983 932 1023 4.
962 983 989 1020 l.
1023 986 1059 1024 1.
1102 983 1281 1019 Julianus
1321 988 1418 1019 teste
1455 982 1542 1032 cy-

81 1042 187 1081 rillo.
246 1040 323 1079 Sed
363 1041 411 1078 de
449 1040 525 1078 hac
554 1041 782 1091 quaestione
811 1039 878 1077 hic
908 1053 977 1090 per
1009 1046 1259 1076 transennam
1291 1043 1350 1075 sat
1379 1037 1542 1076 dictum.

83 1099 182 1146 Lege
217 1097 465 1136 doctissimos
496 1097 642 1136 Pererii
673 1097 974 1134 commentarios
1011 1095 1060 1133 ad
1093 1096 1189 1133 Gen.
1223 1107 1256 1131 c.
1287 1097 1325 1135 6.
1355 1094 1404 1132 de
1434 1094 1542 1132 dilu-

81 1154 134 1191 vii
166 1154 306 1192 causis.
1039 1182 1043 1186 .

195 1212 276 1248 Cur
309 1217 438 1248 autem
470 1210 613 1249 Sethus
643 1209 864 1261 appellatus
896 1209 1016 1247 suerit
1048 1209 1173 1252 Deus,
1220 1221 1357 1245 causas
1386 1207 1543 1258 reperio

83 1275 187 1316 tres,
227 1267 392 1318 primam
430 1266 543 1304 hausi
580 1280 600 1304 e
637 1267 855 1316 fragmento
895 1265 1074 1306 chronici
1108 1278 1156 1302 ex
1192 1264 1363 1315 palatina
1392 1263 1544 1302 biblio-

83 1323 195 1362 theca
226 1324 274 1362 ab
306 1323 542 1362 Hoeschelio
572 1323 738 1374 accepti,
769 1321 933 1360 sethum
965 1321 1264 1373 quadragesimo
1295 1334 1396 1358 anuo
1428 1327 1544 1358 aeta—

81 1381 154 1430 tis,
185 1379 262 1418 hoc
290 1387 372 1429 est,
402 1394 543 1418 chxx.
574 1379 733 1427 Adami,
767 1379 900 1416 subito
929 1385 1088 1430 raptum
1115 1378 1163 1415 ab
1194 1377 1352 1427 angelo,
1380 1382 1419 1414 et
1442 1390 1542 1428 qua-

82 1436 262 1486 draginta
293 1437 396 1475 dieb.
429 1434 504 1489 (ut
532 1434 688 1486 Moses)
727 1449 806 1473 non
837 1435 986 1484 visum,
1027 1447 1107 1485 quo
1146 1439 1321 1485 tempore
1350 1432 1542 1472 divinitus

82 1493 241 1542 didicit,
261 1493 376 1536 filios
406 1507 520 1541 suos,
549 1494 768 1543 Egi-egoros
799 1491 954 1539 dictos,
997 1504 1098 1542 quos
1128 1497 1166 1528 et
1192 1490 1295 1528 filios
1326 1489 1395 1527 Dei
1420 1489 1547 1528 nomi-

82 1550 251 1598 nabant,
290 1555 549 1601 peccaturos,
588 1555 625 1586 et
656 1547 791 1586 orbem
822 1550 1050 1586 universum
1080 1547 1193 1597 aquis
1222 1546 1456 1584 inundatum
1483 1545 1546 1594 iri,

82 1621 127 1644 ac
157 1607 340 1658 (praeter
369 1612 541 1657 paucos)
572 1605 819 1656 periturum,
850 1610 1061 1642 venturum
1093 1603 1211 1641 etiam
1240 1601 1375 1641 salutis
1405 1608 1547 1641 aucto-

81 1677 165 1701 rem
206 1661 429 1710 Christum,
470 1668 588 1712 atque
627 1660 725 1699 haec
763 1660 894 1698 omnia
935 1659 1130 1712 parentib.
1172 1659 1324 1698 Adamo
1363 1659 1546 1710 Evaeque

83 1733 183 1771 quae
213 1719 261 1756 ab
293 1719 443 1769 Angelo
474 1718 709 1769 accepisset,
751 1716 1006 1767 exposuisse3
1046 1716 1088 1754 in
1117 1716 1189 1754 illo
1220 1729 1314 1766 ergo
1348 1729 1438 1753 cum
1467 1716 1548 1753 An-

83 1776 168 1826 gelo
199 1788 412 1826 congressu
444 1774 600 1813 caelesti
632 1773 915 1812 circumfusum
945 1772 1155 1824 splendore
1186 1786 1302 1823 quem
1327 1785 1412 1823 *per
1447 1772 1546 1811 reli-

82 1845 199 1884 quam
237 1832 359 1870 vitam
398 1830 628 1879 retinuerit,
669 1830 728 1868 uti
765 1836 804 1868 et
832 1830 989 1881 Moyses
1026 1828 1285 1880 quadraginta
1315 1829 1426 1867 annis
1454 1829 1546 1867 totis

82 1889 221 1926 faciem
253 1887 415 1927 velavit.
476 1887 588 1925 Hanc
617 1900 709 1936 ergo
738 1886 906 1937 primam
936 1886 1073 1925 ferunt
1102 1898 1281 1934 causam,
1309 1899 1384 1923 cur
1403 1884 1545 1924 Sethus

82 1946 202 1984 fuerit
239 1945 371 1982 dictus
412 1945 537 1993 Deus,
576 1956 694 1994 quam
733 1956 805 1993 ego
834 1943 877 1980 in
906 1942 1036 1981 medio
1065 1942 1271 1992 relinquo,
1314 1942 1467 1981 veritus
1496 1956 1546 1980 ue

20 2038 22 2040 .
83 2015 134 2040 ex
163 2001 465 2049 Sethianorum‚
497 2000 566 2051 qui
594 1999 784 2038 haeretici
815 1999 945 2047 suere,
974 1998 1089 2037 libris
1118 1999 1195 2037 sint
1226 1999 1439 2051 decerpta,
1477 1998 1545 2050 qui

82 2065 243 2110 raptum
284 2057 464 2096 ferebant
499 2055 686 2104 sethum,
727 2069 964 2107 quamquam
1004 2055 1078 2093 alia
1119 2055 1313 2103 absurda,
1352 2069 1452 2107 quae
1479 2054 1546 2093 hic

83 2128 162 2153 non
191 2121 430 2165 tanguntur,
470 2112 726 2152 attexuerint.
782 2112 867 2162 lege
903 2111 1100 2164 Epiphau.
1128 2110 1283 2150 haeresi
1311 2114 1379 2153 39.
1409 2118 1448 2149 et
1477 2112 1545 2154 40.

85 2178 223 2209 contra
261 2170 471 2213 Sethianos
510 2175 550 2207 et
587 2168 863 2208 Archonticos.
936 2169 1112 2207 Alteram
1154 2168 1284 2206 adfert
1323 2167 1465 2206 Suidas
1504 2167 1545 2205 in

83 2241 182 2266 voce
210 2223 331 2278 Σήθ,
370 2227 442 2265 ubi
474 2226 647 2264 ostendit
676 2224 841 2263 Sethum
883 2225 950 2263 Dei
990 2225 1149 2263 nomine
1187 2224 1415 2274 dignatum,
1452 2239 1544 2276 pro-

83 2291 173 2336 pter
211 2297 401 2322 summam
442 2283 630 2335 pietatem
671 2288 709 2320 et
744 2281 935 2333 justitiam
973 2288 1012 2319 et
1051 2281 1311 2319 sanctitatem.
1372 2281 1546 2319 Tertiam

84 2340 195 2378 addit
235 2340 286 2378 ob
323 2352 457 2378 rerum
498 2339 723 2377 caelestium
763 2338 1017 2389 siderumque
1055 2337 1317 2389 cognitionem
1346 2344 1386 2376 et
1414 2338 1545 2376 scien-

83 2396 193 2436 tiam.
1054 2402 1057 2404 ’

196 2452 409 2492 Enimvero
447 2464 590 2490 nomen
627 2450 698 2488 Dei
737 2463 818 2488 non
854 2451 1034 2489 referunt
1071 2449 1123 2488 ad
1162 2449 1346 2499 Sellium,
1387 2450 1456 2488 sed
1494 2449 1545 2488 ad

83 2510 216 2561 ipsum
247 2511 392 2558 Deum,
421 2507 530 2560 quod
558 2506 654 2544 boni
684 2513 722 2545 et
747 2506 843 2558 justi
871 2506 965 2544 alias
995 2520 1152 2558 quoque
1179 2507 1221 2544 in
1251 2506 1374 2545 sacris
1402 2506 1545 2545 litteris

86 2565 154 2603 lilii
184 2566 253 2603 Dei
281 2565 551 2604 nominentur.
610 2563 692 2613 Ego
725 2563 806 2601 dixi
841 2563 900 2600 Dii
930 2563 1025 2601 estis
1056 2569 1094 2601 et
1120 2562 1190 2600 filii
1221 2563 1368 2601 excelsi
1396 2577 1543 2603 omneS.

86 2623 173 2674 pari
202 2623 355 2660 ratione
385 2621 526 2672 Angeli
556 2626 753 2658 vocantur
781 2619 853 2658 filii
884 2619 980 2669 nei,
1018 2626 1062 2658 ut
1094 2626 1154 2657 est
1181 2619 1290 2671 apud
1318 2619 1471 2658 Jobum.
1507 2626 1547 2658 et

86 2678 191 2731 apud
223 2678 408 2716 Joannem
437 2692 464 2717 1.
497 2676 584 2715 aliis
615 2676 751 2714 multis
780 2676 890 2716 locis.

200 2734 243 2773 V.
301 2735 408 2785 Apud
437 2734 633 2773 Chaldaeos
655 2736 792 2784 primus
819 2733 959 2778 illorum
986 2732 1061 2770 dux
1089 2732 1238 2782 Alorus]
1274 2732 1442 2771 Berosus
1465 2732 1546 2783 pri-

86 2804 174 2828 mus
202 2789 328 2829 edidit
356 2789 643 2829 Chaldaeorum
673 2789 899 2842 principum
929 2790 1099 2836 nomina,
1130 2788 1200 2839 qui
1228 2795 1319 2828 ante
1346 2788 1544 2828 diluvium

85 2846 354 2900 imperarunt,
385 2846 565 2898 quamvis
595 2846 709 2885 aliter
737 2846 930 2886 sentiente
960 2844 1158 2898 Syncello.

1572 1841 1614 1875 19
