1884 3262
303 196 398 243 104
621 195 864 239 SELECTA
888 195 961 236 AD
996 195 1486 239 ILLUSTRATIONEM

296 307 420 357 Juda,
450 306 520 358 qui
542 305 822 344 denuntiavit·
811 307 887 357 1psi
910 305 1173 356 cusarsaton,
1192 313 1233 346 et
1250 306 1400 345 occidit
1419 305 1557 358 illum,
1588 312 1626 345 et
1643 305 1764 357 gessit

297 364 488 403 ducatum
508 363 648 414 populi
669 362 783 400 annis
800 375 917 403 XXXI.

409 421 459 459 Et
489 419 637 457 iterum
662 419 758 457 dum
784 425 991 471 peccaret,
1021 419 1192 458 traditus
1213 426 1272 457 est
1292 420 1419 470 Eglon
1443 418 1542 469 Regi
1559 418 1695 467 Moab,
1726 390 1767 457 et

295 476 463 517 servivit
479 475 541 513 illi
559 475 672 514 annis
689 476 1074 517 XV111.Conve1·so
1102 483 1235 514 autem
1262 476 1416 528 populo
1428 505 1450 537 ,ἱ
1467 475 1642 514 surrexit
1662 474 1765 523 Aod,

294 534 359 573 vir
393 532 445 571 de
481 531 607 571 Tribu
641 532 813 583 Effrem‚
853 539 891 572 et
924 535 1056 572 occiso
1084 533 1209 584 Eglon
1237 533 1489 585 principatus
1519 538 1578 571 est
1611 531 1765 584 populo

294 603 409 629 annis
433 602 556 630 LXXX.

408 645 569 684 Mortuo
597 650 730 684 autem
749 644 860 696 Aod,
891 645 1124 697 delinquens
1154 647 1334 696 populus
1365 645 1540 684 traditus
1571 653 1631 683 est
1653 643 1768 681 Jabin

291 703 392 754 Regi
412 703 731 751 cananaeorum,
762 703 829 740 cui
859 703 1029 741 servivit
1054 701 1166 740 annis
1193 716 1262 740 XX.
1300 703 1404 740 ··Sub
1428 716 1474 740 eo
1506 699 1769 754 prophetavit

294 760 496 806 Deborm,
526 773 632 798 uxor
660 758 865 810 Lapidod,
895 759 946 799 de
978 759 1104 798 Tribu
1134 757 1304 797 Effrem:
1336 765 1376 798 et
1397 773 1470 811 per
1491 759 1619 811 ipsam
1641 757 1770 795 duca-

291 823 379 855 tum
404 816 523 867 gessit
545 813 675 855 Barac
698 816 918 866 Aminoen,
951 816 1000 855 de
1018 815 1144 855 Tribu
1163 815 1373 867 Neptalim.
1420 815 1499 854 Hic
1518 813 1771 854 denuntiavit

292 873 409 912 Jabin
435 873 558 924 Regi,
589 879 630 912 et
656 873 803 912 occidit
827 887 942 924 eum,
978 879 1018 912 et
1045 871 1227 923 regnavit
1253 871 1439 924 judicans
1466 868 1558 914 cum
1591 871 1770 911 Deborra

295 944 407 969 annis
429 942 495 967 XL.

409 987 505 1024 Post
526 985 640 1038 cujus
659 991 827 1024 mortem
848 986 1032 1038 peccavit
1050 984 1250 1038 populus,
1282 992 1321 1024 et
1341 984 1515 1024 traditus
1536 991 1596 1024 est
1613 984 1770 1023 Madia..

294 1044 381 1083 neis
414 1043 527 1081 annis
549 1057 619 1082 vn.
648 1056 770 1094 super
802 1056 903 1093 quos
936 1043 1113 1082 surrexit
1142 1042 1305 1081 Gedeon
1333 1042 1384 1081 de
1416 1041 1542 1080 Tribu
1575 1042 1770 1092 Manasse,

297 1100 369 1152 qui
400 1101 442 1138 in
473 1113 556 1138 000.
582 1099 681 1138 viris
713 1113 806 1138 cxx.
833 1099 1013 1138 hostium
1049 1099 1242 1152 perdidit.
1314 1098 1391 1138 Hic
1431 1099 1538 1138 rexit
1571 1099 1786 1152 populum,

296 1171 409 1195 anuis
434 1170 502 1196 XL.

409 1212 540 1265 Hujus
565 1211 670 1250 filius
690 1211 907 1251 Abimelec.
1792 1234 1797 1236 -

410 1271 505 1308 Post
524 1268 634 1307 hunc
653 1269 826 1320 praefuit
846 1269 1000 1322 populo
1019 1268 1145 1307 Thole
1161 1268 1269 1307 filius
1285 1268 1316 1306 F
1318 1268 1378 1307 ale
1391 1298 1402 1318 ,
1430 1267 1503 1306 filii
1519 1268 1659 1306 Caram
1676 1299 1688 1318 ,
1721 1267 1772 1306 de

297 1326 424 1366 Tribu
445 1325 590 1364 Effrem
613 1325 724 1363 annis
743 1339 812 1365 XX.

410 1383 506 1421 Post
538 1381 666 1431 hunc,
694 1381 894 1434 judicavit
919 1381 1003 1420 Jai'r
1035 1380 1231 1420 Galaditis
1261 1380 1312 1420 de
1342 1380 1468 1418 Tribu
1495 1380 1700 1429 Manasse,
1730 1385 1774 1419 et

297 1439 473 1492 praefuit
493 1439 605 1476 annis
628 1452 730 1476 XX11.

411 1497 504 1534 Post
532 1495 664 1544 hunc,
703 1508 875 1547 peccans
904 1494 1082 1546 populus
1111 1493 1282 1532 traditus
1309 1499 1370 1532 est
1395 1471 1629 1532 Ammanitis
1658 1492 1772 1531 annis

296 1559 479 1591 XV111.et
494 1566 586 1590 011111
607 1552 812 1590 clamasset
831 1551 880 1589 ad
896 1550 1333 1600 1)0minum,su1rexit
1348 1551 1431 1589 illis
1448 1550 1640 1614 Princeps
1658 1550 1773 1602 Jepte

300 1609 532 1658 Galaadita‚
563 1608 612 1647 de
631 1608 759 1647 Tribu
783 1608 894 1657 Gad,
930 1608 980 1646 de
1009 1608 1171 1647 civitate
1192 1606 1408 1655 Masesa1h‚
1443 1613 1482 1647 et
1501 1607 1622 1659 gessit
1641 1606 1774 1645 duca-

301 1673 386 1705 tum
410 1665 523 1703 annis
547 1679 603 1705 VI.
701 1683 703 1690 s

412 1723 508 1761 Post
524 1721 657 1772 hunc,
688 1721 886 1774 judicavit
906 1722 1008 1760 Elon
1030 1721 1142 1759 annis
1159 1735 1200 1761 x.

415 1780 510 1817 Post
537 1779 670 1828 hunc,
711 1778 908 1831 judicavit
939 1778 1127 1828 Hebron,
1165 1777 1271 1815 filius
1299 1776 1457 1815 Allelon
1485 1775 1774 1826 Farathonoin,

301 1835 353 1875 de
373 1836 499 1874 Tribu
518 1836 687 1885 Effrem,
718 1836 832 1873 annis
850 1849 940 1874 vul.

415 1894 509 1931 Post
530 1892 660 1942 hunc,
690 1906 862 1944 peccans
882 1891 1058 1943 populus
1080 1890 1254 1928 traditur
1274 1888 1442 1928 Allofilis
1463 1903 1536 1942 per
1558 1903 1682 1929 annos
1702 1904 1772 1934 XL.

415 1950 512 1987 Post
544 1949 667 1997 haec,
701 1949 907 1988 conversis
944 1948 1037 1985 filiis
1072 1948 1196 1986 Israel
1229 1947 1405 1984 surrexit
1438 1948 1624 1996 Samson,
1663 1942 1772 1986 filius

300 2004 466 2055 Manoe,
497 2006 546 2043 de
566 2005 691 2044 Tribu
715 2007 811 2047 Dan.
870 2005 947 2043 Hic
972 2004 1190 2043 debellavit
1212 2003 1416 2054 Allofilos,
1447 2010 1487 2042 et
1509 2005 1630 2055 gessit
1650 2005 1773 2058 prin-

301 2061 477 2114 cipatum
497 2063 610 2100 annis
627 2076 697 2102 XX.

415 2118 514 2158 Post
533 2119 664 2165 hunc,
687 2118 778 2157 Heli
796 2118 991 2156 Sacerdos
1005 2117 1203 2170 judicavit
1224 2131 1346 2156 annos
1363 2130 1434 2156 XX.

414 2176 507 2213 Post
527 2176 686 2214 Samuel
706 2174 907 2227 Propheta
940 2175 1061 2214 unxit
1084 2175 1178 2213 Saul
1205 2175 1249 2212 in
1279 2175 1451 2225 Regem,
1481 2179 1522 2212 et
1546 2174 1633 2227 ipse
1661 2175 1772 2228 judi-

304 2230 412 2270 cavit
430 2233 626 2283 populum
650 2232 763 2270 annis
783 2246 882 2270 XXX.

419 2288 515 2326 Post
537 2295 712 2340 tempus,
744 2302 835 2326 cum
853 2294 1040 2339 regnaret
1063 2287 1215 2337 David,
1244 2286 1387 2326 eduxit
1412 2300 1546 2325 arcam
1571 2287 1621 2326 de
1650 2288 1772 2328 domo
1810 2327 1812 2333 ,

304 2343 546 2392 Aminadab,
585 2352 624 2384 et
658 2345 824 2384 divertit
850 2345 1026 2394 vitulos,
1075 2351 1114 2384 et
1147 2357 1239 2383 cum
1276 2349 1546 2383 reverteretur
1580 2347 1775 2398 opposuit

305 2414 444 2440 manus
462 2400 570 2439 filius
595 2401 839 2449 Aminabad‚
868 2403 1029 2441 nomine
1060 2402 1184 2451 Ozia,
1216 2407 1256 2439 et
1285 2414 1501 2453 percussus
1531 2409 1618 2449 est,
1650 2409 1689 2442 et
1717 2404 1774 2442 ti-

305 2458 406 2496 muit
428 2457 579 2507 David,
611 2464 649 2496 et
674 2457 833 2497 induxit
859 2459 967 2497 illam
997 2459 1040 2497 in
1067 2458 1231 2498 domum
1253 2457 1482 2498 Abeddarat
1512 2459 1702 2510 Gethaei‚
1734 2466 1772 2500 et

306 2513 402 2553 fecit
425 2514 480 2552 ibi
498 2528 650 2552 menses
671 2520 768 2554 tres.

419 2571 612 2621 Regnavit
631 2576 760 2609 autem
779 2571 873 2609 Saiil
893 2573 1004 2610 annis
1023 2586 1122 2611 XXX.
1162 2572 1259 2609 Erat
1279 2578 1412 2609 autem
1430 2570 1490 2609 illi
1511 2571 1602 2610 Dux
1622 2573 1770 2623 Abner‚

307 2626 411 2666 filius
431 2627 522 2666 Ner.
579 2627 670 2679 Ipse
692 2634 825 2666 autem
845 2629 1005 2667 Samuel
1028 2628 1144 2666 unxit
1164 2627 1289 2665 David
1307 2628 1347 2665 in
1367 2629 1524 2678 Regem.

418 2683 540 2722 Fiunt
553 2684 676 2734 igitur
693 2685 742 2723 ab
762 2685 853 2723 Jesu
868 2698 1077 2736 usquequo
1096 2697 1313 2722 conversus
1331 2684 1437 2736 cepit
1459 2685 1586 2723 David
1607 2698 1770 2735 regnum

307 2739 358 2778 de
389 2740 514 2778 Tribu
542 2740 666 2791 Juda,
695 2739 965 2792 generationes
996 2755 1054 2779 JX.
1085 2755 1148 2780 an.
1169 2754 1386 2779 cccCIXXX.
1417 2740 1465 2778 ab
1490 2741 1616 2781 Adam
1639 2749 1771 2782 autem

308 2797 579 2846 generationes
599 2812 742 2837 xxxiv.
772 2812 833 2839 an.
852 2811 909 2837 1v.
934 2811 1151 2838 mcchxw.

422 2854 619 2907 Deinceps
637 2861 776 2907 regnat
796 2855 924 2895 David
943 2854 1053 2894 annis
1075 2868 1142 2894 XL.
1157 2854 1357 2894 mensibus
1375 2868 1465 2906 sex.¹
