1884 3262
308 219 414 266 ’288
893 215 1202 259 NOTAE

313 330 367 369 ad
401 330 613 368 conditwnes
654 328 858 379 Pontzficem
899 325 1092 366 Simeonem
1137 326 1384 378 computum,
1441 325 1535 365 redit
1574 324 1786 378 Olympiade

316 400 439 426 cmm.
496 385 603 423 Haec
634 383 825 435 expendit
855 385 1032 435 Scaliger
1060 396 1147 436 pag.
1185 384 1278 425 146.

431 444 522 492 Pag·
551 442 745 484 343·17·
804 440 887 482 Καὶ
916 441 1108 492 Φαινίου]
1147 439 1247 478 Idat.
1278 438 1357 477 MS.
1386 442 1420 476 et
1439 436 1587 476 Faemo.
1631 424 1785 477 Schott.

317 505 357 537 et
385 499 519 546 Fasti,
550 498 618 538 κὰὶ
647 497 842 538 Φαννίου.

434 554 649 605 Pag.343.
682 557 745 597 18
805 549 1031 606 Ιωανθης]
1084 553 1161 591 Pro
1199 547 1408 602 Ιωνάθης·
1450 549 1504 588 ita
1546 563 1626 588 non
1664 549 1787 589 semel

315 611 430 649 infra.
490 611 566 649 Sed
596 611 672 662 leg.
705 607 908 662 Ῑωαννης,
954 610 1023 662 qui
1052 608 1204 648 Simoni
1234 607 1340 660 patri
1369 607 1580 645 interfecto
1610 607 1651 645 in
1683 607 1788 645 Pon-

313 667 506 707 tificatum
537 668 739 706 successit.
777 667 923 707 Euseb.

432 727 525 775 Pag-
555 723 650 766 344·
681 727 720 766 2.
781 722 862 764 Καὶ
895 719 1098 777 Κάρβου]
1137 721 1238 760 Idat.
1271 720 1353 760 MS.
1382 724 1416 758 et
1445 719 1572 759 Carba.
1631 718 1789 759 Schott.

315 787 355 820 et
383 781 511 828 Fasti,
540 780 608 821 καὶ
631 776 866 833 Κάρβωνος.

434 841 527 888 Pssg·
557 837 653 880 344·
683 838 721 881 5
783 835 867 877 Καὶ
893 834 1111 888 Μαρκίου]
1139 833 1238 872 Idat.
1255 831 1502 883 Marcionga.
1531 831 1660 879 Fasti,
1679 831 1788 872 Mar-

317 897 370 934 cio
394 895 508 945 Rege.

432 954 525 1000 Pag.
557 949 653 993 344-
682 952 721 991 6.
780 947 865 989 Καὶ
885 942 1206 1001 Σινερεβουλου]
1238 946 1344 984 Scal.
1366 944 1435 986 καὶ
1454 945 1664 998 Μαξίμου.
1687 945 1787 984 [dat.

318 1008 542 1047 Sinerebula.
598 1005 677 1044 Sed
716 1006 789 1057 leg.
832 1005 902 1046 καὶ
938 1002 1204 1058 Σκεβούλου,
1254 1002 1457 1055 quomodo
1497 1002 1648 1042 habent
1685 1000 1791 1041 Fasti

319 1064 498 1113 schotti,
528 1069 566 1101 et
594 1062 672 1114 alii.

436 1124 530 1171 Pag.
560 1103 655 1161 344.
687 1122 725 1161 8.
786 1115 1000 1170 Ιωανθης]
1032 1117 1161 1165 Quem
1190 1117 1381 1165 Joannem,
1413 1121 1453 1154 et
1483 1114 1699 1155 Hircanum
1712 1129 1793 1154 vo-

321 1184 386 1217 cat
416 1177 563 1216 Chron.
591 1175 752 1219 Eusebii
783 1189 825 1227 p.
859 1176 926 1216 39
959 1180 998 1212 et
1031 1174 1124 1216 148.
1162 1187 1214 1211 ex
1245 1186 1325 1224 quo
1363 1187 1441 1226 pro
1475 1169 1691 1224 Ιωανθης,
1723 1171 1794 1211 hic

321 1234 533 1286 legendum
564 1228 773 1284 Ιωάννης,
814 1237 859 1269 ut
899 1244 1020 1282 supra
1062 1230 1305 1267 monuimus.
1372 1231 1440 1268 Est
1480 1230 1583 1268 enim
1621 1230 1792 1268 Joannes

322 1291 536 1339 Pontifex,
568 1289 658 1339 qui,
699 1294 745 1327 ut
773 1287 910 1340 paullo
940 1293 1030 1325 ante
1061 1286 1201 1324 scribit
1227 1286 1334 1324 idem
1365 1285 1583 1336 Eusebius,
1621 1287 1795 1325 adversus

323 1348 505 1387 Hire-anos
532 1346 660 1384 bellum
690 1357 815 1395 gerens
835 1344 995 1382 Hircani
1021 1356 1140 1381 nomen
1165 1345 1308 1394 accepit.
1370 1342 1484 1390 Quae
1512 1342 1667 1381 tametsi
1696 1356 1792 1382 vera

170 1413 202 1449 V
225 1412 295 1449 429
320 1405 401 1443 sint
431 1404 482 1442 de
509 1401 767 1453 cognomine,
797 1401 894 1439 salsa
924 1407 1059 1438 tamen
1087 1413 1171 1438 esse
1201 1399 1251 1437 de
1282 1413 1402 1437 causa
1431 1399 1678 1451 cognominis
1700 1399 1795 1451 plu-

320 1461 434 1501 ribus
475 1458 651 1498 ostendit
688 1457 862 1509 Scaliger
899 1469 990 1509 pag.
1025 1455 1118 1498 148.
1176 1456 1323 1494 Verum
1355 1456 1487 1495 nescio
1518 1470 1567 1494 an
1601 1470 1713 1496 error
1742 1456 1796 1496 sit

320 1516 509 1565 Librarii‚
547 1529 640 1554 cum
669 1527 830 1553 rursum
865 1513 970 1552 infra
1005 1512 1156 1552 scribat
1185 1512 1460 1552 Aristobulum
1489 1510 1584 1554 υἱόν
1604 1508 1795 1554 Ιωανθου

320 1577 396 1615 τοῦ
422 1575 611 1627 Τρκανοῦ
634 1572 781 1618 fuisse,
809 1571 911 1610 adeo
941 1576 989 1608 ut
1017 1569 1152 1623 potius
1182 1571 1235 1608 sit
1262 1569 1442 1618 Eusebii‚
1474 1583 1592 1621 quem
1613 1569 1796 1621 sequitur

322 1632 477 1670 Auctor
506 1628 721 1668 Paschalis.
781 1627 912 1679 Atque
941 1627 998 1665 ita
1031 1632 1166 1666 censet
1194 1626 1300 1665 idem
1333 1600 1510 1677 Scaliger
1539 1640 1580 1679 p.
1612 1628 1707 1668 149.

439 1690 532 1736 Pag.
562 1684 660 1728 344·
693 1687 759 1727 16.
822 1680 1048 1736 Φούσκων]
1072 1684 1131 1722 Ita
1154 1684 1381 1735 appellatur
1400 1698 1421 1722 a
1441 1685 1646 1735 Scriptore
1664 1681 1797 1722 Chro-

322 1743 402 1782 nici
432 1743 510 1781 MS.
541 1742 590 1780 ab
621 1741 774 1779 Adamo
800 1741 850 1780 ud
881 1742 1051 1780 Leonem
1084 1741 1334 1792 Sapientem:
1382 1742 1589 1789 Φοῦσκος,
1620 1753 1643 1778 a
1664 1740 1797 1779 Geor-

322 1801 386 1852 gio
412 1799 600 1851 Syncello
633 1813 670 1850 p.
700 1801 795 1841 290.
823 1797 987 1846 Fuscus,
1017 1797 1058 1835 in
1089 1796 1236 1835 Chron.
1261 1797 1481 1849 Hippolyti.
1514 1797 1664 1849 Phys-co,
1685 1796 1796 1849 apud

175 1861 205 1896 P
229 1862 299 1898 516
325 1856 539 1897 Eusebium
580 1854 829 1905 Hieronymi.
887 1853 1061 1892 Proinde
1110 1853 1178 1891 hic
1215 1854 1423 1905 legendum
1464 1859 1568 1892 esset
1608 1849 1797 1902 Φύσκων,

323 1912 528 1966 quomodo
558 1911 803 1963 appellatum
832 1910 976 1948 volunt
1013 1910 1282 1949 Ptolemaeum
1321 1911 1557 1960 Evergetem
1589 1923 1631 1948 11.
1662 1905 1712 1950 δι’
1734 1907 1800 1963 ὅγ-

323 1986 398 2011 κον
423 1972 496 2010 τοῦ
533 1965 737 2021 σώματος,
776 1973 822 2004 ut
863 1967 918 2005 ait
955 1967 1193 2018 Syncellus,
1246 1979 1297 2004 ex
1338 1966 1523 2018 corporis
1561 1965 1718 2017 sagina,
1758 1972 1798 2005 et

325 2027 498 2066 distento
522 2024 763 2077 aqualiculo.
793 2023 914 2071 Quod
945 2024 981 2061 si
1008 2023 1064 2061 ita
1094 2029 1173 2072 est,
1203 2023 1348 2061 mirum
1376 2022 1505 2062 videri
1523 2022 1663 2074 debet,
1677 2024 1798 2090 ipso,

324 2089 371 2122 ut
399 2097 474 2136 par
505 2088 564 2120 est
593 2080 844 2130 existimare,
875 2080 1114 2132 superstite,
1154 2079 1350 2130 siquidem
1377 2079 1483 2119 idem
1515 2079 1567 2118 sit
1598 2075 1799 2120 Φουσκων

327 2140 435 2192 quod
470 2134 666 2187 Φύσκων,
705 2136 833 2174 hocce
876 2136 1054 2189 epitheto
1094 2135 1238 2175 donari
1266 2136 1309 2175 in
1337 2136 1465 2176 veteri
1494 2149 1657 2176 nummo
1686 2135 1798 2189 apud
1832 2176 1839 2181 ,

325 2196 558 2245 Usserium‚
612 2195 1005 2234 ΠΤΟΛΕΜΑΙΟΤ
1047 2195 1402 2234 ΦΟΤΣΚΩΝΟΣ
1448 2195 1795 2234 ΕΊῈΡΓΕΤΟΤ.

328 2242 427 2292 Vide
460 2251 735 2292 casaubonum
765 2250 814 2288 ad
845 2250 1101 2302 Spanianum
1129 2250 1170 2287 in
1205 2250 1413 2289 Caracallo
1445 2263 1484 2302 p.
1511 2253 1604 2292 132.
1631 2253 1670 2293 2.
1699 2249 1795 2290 edit.

328 2316 368 2348 et
396 2310 602 2348 Petavium
635 2307 706 2346 lib.
735 2321 775 2347 x.
818 2305 867 2344 de
905 2307 1040 2346 Doctr.
1071 2307 1210 2359 Temp.
1250 2321 1337 2359 cap.
1375 2320 1490 2347 Χινι.
1529 2320 1580 2346 ex
1607 2305 1794 2360 Josepho,

327 2366 544 2415 Strabone,
576 2364 735 2403 Valerio
769 2362 963 2413 Maximo,
995 2364 1170 2412 Iustino,
1201 2369 1240 2403 et
1269 2363 1370 2402 aliis.

443 2425 536 2472 Pag.
565 2421 660 2466 344-
695 2422 758 2466 18.
816 2416 999 2473 Βρούτου
1017 2419 1086 2461 καὶ
1103 2419 1287 2472 Πέσυος]
1319 2421 1377 2460 Ita
1399 2419 1542 2470 Scalig.
1573 2418 1625 2458 At
1640 2417 1797 2460 Schott.

327 2485 377 2518 et
394 2478 522 2527 Fasti,
554 2472 743 2532 Δρουσου
770 2475 839 2516 καὶ
871 2477 1069 2526 Πίσωνος.
1130 2477 1228 2515 ldat.
1260 2477 1339 2516 MS.
1367 2476 1486 2515 Bruto
1505 2479 1538 2513 et
1561 2478 1681 2516 Penne.

408 2589 411 2591 q
443 2539 535 2585 Pag
565 2535 660 2578 345.
691 2532 733 2575 4.
794 2529 955 2574 Νασικά
958 2533 1087 2587 ρπου]
1126 2535 1186 2573 lta
1227 2533 1370 2584 Scalig.
1429 2531 1592 2574 Νασίκα
1626 2530 1696 2573 καὶ
1725 2534 1797 2572 Βε-

327 2592 463 2642 στίου,
494 2590 695 2637 schottus.
755 2588 858 2630 [dat.
889 2588 1030 2630 Nasica
1051 2591 1216 2643 Scipione
1248 2594 1282 2629 et
1315 2590 1442 2630 Bestia
1474 2589 1675 2642 Calpurnio.
1734 2588 1796 2628 Ita

326 2650 445 2688 etiam
473 2648 593 2687 Fasti.

444 2708 538 2756 Pag.
570 2702 665 2747 345.
696 2706 736 2747 6.
794 2697 997 2755 Σιλοὶνου]
1040 2701 1193 2744 Schott.
1225 2703 1438 2743 Σιλλανοῦ.
1494 2700 1624 2751 Fasti,
1655 2701 1795 2742 Silano.

442 2765 535 2813 Pag.
565 2761 660 2805 345.
691 2763 729 2802 9.
789 2758 873 2801 Καὶ
903 2759 1120 2814 Μαρκίου]
1171 2760 1314 2812 Scalig.
1362 2757 1555 2798 Schottus
1597 2763 1637 2798 et
1673 2757 1796 2806 Fasti,
1879 2806 1884 2811 „

328 2818 509 2870 Μαρίου.
565 2817 665 2858 Idat.
694 2815 830 2856 Mario.
