1884 3262
621 221 1031 264 PRAEFATIO.
1503 227 1568 274 49

98 339 267 388 uterque
288 334 562 387 persequitur:
593 348 637 372 ac
659 334 828 387 scriptor
847 337 1005 386 quidem
1025 335 1223 376 Paschalis
1247 337 1454 388 Chronici,
1485 346 1571 377 tum

97 393 141 430 in
170 393 305 430 lustris
339 391 501 429 Julianis
531 404 600 429 seu
630 391 956 444 olympiadibus,
997 400 1080 432 tum
1107 397 1149 432 in
1186 394 1499 445 Indictionibus‚
1529 397 1570 433 in

99 449 244 501 quibus
276 448 384 486 nulla
405 448 497 486 ideo
529 454 634 486 certa
660 448 747 486 erui
775 455 908 500 potest
927 451 1116 501 temporis
1140 458 1256 500 nota,
1290 458 1567 504 praeterquam
1592 459 1623 492 V
1646 460 1689 495 31

96 506 138 543 in
170 506 218 543 iis
252 518 351 556 quae
377 505 425 542 ab
451 504 620 556 imperio
652 505 899 543 Constantini
933 506 1088 544 initium
1118 507 1295 557 ducunt,
1334 509 1405 546 ubi
1431 509 1570 560 paullo

99 562 327 600 accuratior
349 560 487 599 haberi
507 567 648 599 auctor
668 560 799 599 videri
818 568 971 613 potest,
1000 563 1093 601 licet
1119 563 1159 600 in
1172 564 1338 603 caeteris
1363 579 1432 603 sua
1452 565 1571 604 laude

96 618 256 656 minime
280 624 430 667 careat,
461 631 506 655 ac
537 617 580 654 in
614 617 664 655 iis
688 619 859 656 maxime
881 632 981 670 quae
1000 633 1050 658 ex
1070 620 1250 671 probatis
1270 622 1480 673 minusque
1503 636 1572 660 no-

96 675 150 712 tis
172 674 433 726 scriptoribus
454 673 592 712 refert.
652 673 911 727 Quapropter
946 676 986 714 id
1018 690 1162 728 operae
1182 678 1355 728 pretium
1381 677 1572 716 adhiben-

30 757 35 762 -
98 731 192 769 dum
223 731 431 779 duximus,
461 736 506 768 ut
535 729 692 778 hiatus,
732 744 802 769 seu
824 731 1058 770 omissiones
1081 732 1122 770 in
1145 733 1362 771 Consulum
1384 734 1484 773 serie
1514 735 1575 772 le-

99 787 202 825 ctori
229 787 523 835 indicarentur,
552 800 602 824 ne
635 787 729 824 dum
760 788 908 826 cursim
938 789 1080 826 librum
1113 790 1283 839 evolvit,
1314 790 1442 828 nullas
1475 805 1572 840 esse,

98 843 407 895 continuamque
437 842 578 881 seriem
603 849 710 881 recte
755 858 796 882 se
828 844 975 883 habere
1010 845 1221 885 existimet.
1289 847 1340 885 Ut
1374 860 1494 897 porro
1530 847 1573 884 id

98 899 319 939 evidentius
353 899 557 950 advertat,
596 899 853 952 Olympiades
887 901 1084 953 Iphiteas‚
1123 915 1337 951 earumque
1371 917 1493 941 annos
1522 903 1574 941 ad

97 957 202 995 latus
235 957 477 1006 singulorum
510 957 821 1007 consulatuum,
861 972 911 996 ex
944 958 1154 1007 panvinio,
1194 959 1393 1010 Scaligero
1424 965 1463 997 et
1487 960 1573 997 aliis

98 1012 347 1061 addidimus,
377 1019 424 1051 ut
446 1013 576 1051 statim
599 1014 804 1064 utriusque
827 1014 1076 1066 Olympiadis
1097 1015 1309 1054 discrimen
1329 1015 1459 1066 quivis
1481 1030 1574 1068 per-

97 1070 231 1121 cipiat.
288 1069 439 1107 Harum
459 1076 586 1108 autem
615 1077 781 1120 quartus
807 1085 932 1109 annus
959 1072 1040 1110 fere
1069 1085 1222 1123 semper
1247 1072 1288 1109 in
1316 1071 1487 1123 primum
1510 1072 1576 1110 lu-

99 1127 174 1165 stri
204 1125 349 1163 Juliani
381 1125 542 1175 incidit,
585 1127 654 1164 ubi
679 1128 912 1178 praesertim
932 1127 1120 1166 chronici
1151 1127 1326 1179 scriptor
1348 1129 1575 1166 accuratior

99 1196 186 1222 csse
205 1183 346 1234 incipit
375 1183 416 1219 in
446 1183 547 1221 serie
582 1184 820 1232 Consulum,
852 1191 891 1223 et
920 1185 988 1221 ubi
1012 1185 1145 1223 nullos
1167 1185 1332 1233 omittit,
1363 1191 1408 1222 ut
1426 1185 1475 1222 ab
1499 1185 1576 1223 lm-

97 1239 212 1292 perio
244 1238 489 1277 Constantini
515 1239 661 1290 Magni.
731 1240 903 1279 Proinde
942 1247 988 1278 ut
1027 1242 1148 1279 series
1178 1243 1330 1292 integra
1359 1242 1576 1279 Consulum

97 1295 165 1334 hic
202 1296 451 1348 reperiatur,
495 1296 796 1348 praetermissos
839 1297 1005 1335 subinde
1054 1298 1316 1344 inseruimus,
1368 1298 1577 1335 minutiori

99 1353 357 1403 caeteroquin
387 1350 618 1390 charactere
646 1353 894 1404 descriptos,
925 1353 1068 1404 quibus
1094 1360 1131 1392 et
1152 1367 1275 1392 annos
1295 1353 1412 1392 Urbis
1437 1354 1577 1391 condi-

99 1415 181 1454 tae,
231 1416 270 1446 et
306 1421 420 1446 aerae
457 1408 702 1447 Christianae
742 1411 895 1461 pariter
933 1409 1208 1461 praefiximus,
1259 1424 1340 1461 quo
1381 1417 1577 1461 perpetua

100 1466 219 1504 etiam
241 1478 431 1503 annorum
461 1465 582 1503 series
613 1465 813 1504 Chronico
841 1467 972 1504 lucem
1006 1466 1292 1505 accommodet.
1351 1466 1578 1505 Publicavit

98 1535 229 1572 nuper
270 1522 321 1560 V.
360 1521 402 1558 C.
444 1522 643 1560 Henricus
683 1522 911 1561 Dodwellus
938 1523 1075 1560 Fastos
1104 1523 1340 1560 Consulares
1381 1522 1429 1559 ab
1471 1536 1575 1560 anno

101 1577 252 1616 Christi
290 1590 489 1617 cxxxvm.
531 1591 631 1628 quos
661 1578 832 1617 Theonis
863 1579 1122 1616 Alexandrini
1162 1592 1244 1617 esse
1277 1578 1497 1627 existimat,
1535 1580 1578 1617 in

101 1648 273 1686 quorum
298 1634 492 1672 laterculo
509 1634 792 1674 deseribuntur
819 1635 910 1673 anni
932 1635 980 1672 ab
1000 1635 1231 1673 Alexandro
1254 1641 1293 1673 et
1314 1634 1362 1672 ab
1382 1637 1576 1684 Augusto,

99 1698 306 1743 praeterea
339 1697 500 1742 epactae
530 1704 600 1730 seu
634 1691 854 1730 embolismi
892 1698 931 1729 et
965 1692 1276 1745 τετραετηρίδες,
1313 1703 1382 1728 seu
1422 1691 1578 1742 singula

101 1747 386 1799 quadriennia‚
419 1753 553 1786 notata
575 1762 648 1800 per
672 1755 847 1799 quatuor
872 1748 1026 1799 priores
1053 1747 1265 1800 Alphabeti
1287 1746 1445 1796 literas,
1475 1761 1576 1799 quu-

99 1818 191 1842 rum
218 1811 383 1855 quartus
414 1817 539 1842 annus
570 1818 724 1856 semper
751 1805 898 1843 desinit
926 1804 969 1842 in
990 1807 1160 1854 primum
1194 1804 1312 1842 lustri
1335 1804 1500 1852 Juliani,
1532 1810 1577 1842 ut

102 1860 363 1912 Olympiades
385 1860 562 1912 Iphiteae
595 1862 636 1899 in
662 1861 859 1899 Chronico
889 1860 1073 1899 Paschali
1108 1867 1146 1899 et
1175 1861 1379 1909 maniano,
1411 1860 1514 1898 adeo
1529 1867 1577 1898 ut

99 1917 190 1955 illas
220 1917 418 1967 designari
450 1917 663 1955 admodum
694 1918 899 1971 probabile
929 1918 981 1956 sit
1000 1917 1063 1968 1):
1103 1918 1198 1956 licet
1228 1917 1293 1955 vir
1320 1917 1576 1955 doctissimus

101 1974 251 2012 scribat
270 1973 375 2011 hanc
403 1975 697 2027 τετραετηρίδα,
727 1989 807 2012 non
835 1988 911 2026 pro
937 1987 992 2012 1v.
1015 1987 1210 2012 annorum
1236 1973 1471 2022 intervallo,
1502 1974 1577 2011 sed

101 2044 176 2082 pro
211 2036 320 2067 sexta
349 2030 595 2081 Epagomena
629 2030 857 2068 intercalari
896 2030 1030 2081 quarti
1059 2031 1253 2082 cujusque
1289 2029 1382 2067 anni
1410 2029 1578 2081 propria.

100 2087 267 2137 intelligi
291 2086 446 2124 debere.
507 2085 615 2133 Quid
647 2094 776 2125 autem
808 2087 1054 2138 intelligatur
1089 2085 1344 2139 ἐπαγομένων
1373 2099 1472 2123 voce
1492 2099 1574 2123 non

103 2155 185 2182 uno
205 2144 297 2182 loco
322 2142 441 2181 docet
463 2142 689 2193 Scaligerin
707 2143 818 2182 libris
839 2143 888 2181 de
908 2143 1192 2182 Emendatione
1212 2149 1450 2194 temporum.

218 2256 302 2293 XL.
359 2255 500 2293 Fastos
531 2269 552 2293 a
582 2253 739 2293 Labbeo
768 2255 918 2304 editos,
956 2255 1004 2293 ab
1040 2256 1209 2307 ipsomet
1237 2254 1366 2292 Idatio
1399 2254 1574 2293 conscri-
1599 2264 1627 2297 P
1651 2265 1696 2300 35

104 2318 196 2364 ptos
210 2311 324 2363 jure,
356 2312 520 2364 opinor,
551 2318 684 2349 censet
715 2311 968 2358 Sirmondus‚
998 2326 1078 2350 non
1109 2311 1217 2362 quod
1240 2311 1281 2348 in
1310 2310 1448 2349 eodem
1472 2311 1795 2365 dun-AnexFastis

103 2374 217 2406 taxat
245 2368 405 2416 codice,
444 2368 560 2406 Idatii
593 2367 768 2420 ejusdem
805 2367 1005 2406 Chronico
1036 2368 1319 2419 subjiciantur,
1360 2367 1431 2405 sed
1465 2368 1577 2419 quod
1594 2356 1770 2392 manuni*

104 2437 239 2462 rerum
271 2431 310 2462 et
336 2425 551 2463 verborum
581 2424 624 2461 in
654 2430 825 2476 utroque
856 2438 975 2476 opere
997 2424 1165 2462 affinitas
1183 2431 1221 2462 et
1241 2424 1444 2474 cognatio,
1475 2431 1519 2461 ut
1538 2430 1577 2462 et

105 2480 338 2532 scriptionis
359 2482 470 2520 color
490 2487 530 2520 et
550 2481 685 2532 genius
705 2481 874 2519 eundem
895 2481 1103 2531 utriusque
1123 2487 1324 2519 auctorem
1344 2480 1464 2517 fuisse
1482 2480 1576 2518 satis

108 2537 338 2575 ostendant:
380 2537 539 2576 tametsi
569 2538 746 2575 auctoris
775 2551 916 2575 nomen
946 2539 1100 2575 nullum
1127 2537 1323 2588 praeferat
1350 2536 1576 2587 Inscriptio,

107 2607 209 2644 quae
233 2592 295 2631 his
313 2594 446 2631 verbis
477 2594 533 2632 ibi
564 2600 756 2645 concepta
785 2599 866 2632 est:
896 2592 1124 2632 Declaratio
1159 2591 1388 2638 Consulum,
1419 2606 1472 2630 eoe
1500 2607 1575 2644 quo

106 2650 274 2701 primum
298 2648 472 2688 ordinati
496 2661 596 2690 sunt.
655 2650 883 2688 Procedunt
913 2664 1035 2701 porro
1066 2648 1106 2687 hi
1139 2650 1243 2687 Fasti
1282 2648 1330 2686 ad
1359 2648 1577 2686 secundum

108 2718 235 2756 usque
256 2705 452 2744 Anthemii
471 2707 751 2755 Consulatum,
782 2707 823 2744 id
845 2712 903 2745 est
927 2707 977 2745 ad
1005 2721 1047 2745 ea
1068 2712 1271 2757 tempora,
1304 2705 1445 2756 quibus
1475 2703 1578 2743 vixit

157 2883 196 2926 ¹)
219 2882 309 2916 Vide
331 2883 527 2928 Syncellum
551 2895 586 2929 p.
608 2885 686 2919 512.

170 2935 362 2969 Chronicon
392 2936 560 2971 Paschale
588 2937 655 2971 vol.
688 2937 734 2970 11.
1276 2931 1302 2971 4

416 3062 430 3081 ἢ
