1884 3262
242 172 244 176 ’
292 186 385 232 128
611 184 852 228 SELEGTA
886 184 958 227 AD
986 185 1476 231 ILLUSTRATIONEM

401 293 473 337 νδ’.
526 290 835 348 Ἐπαφρόδιτος,
867 287 917 335 οὗ
935 293 1004 335 καὶ
1026 292 1154 338 αυτοῦ
1174 295 1198 338 6
1215 294 1440 347 ἀπόστολος
1459 295 1675 351 μέμνηται,
1707 296 1754 347 ὃς
1827 293 1833 299 ’
1851 288 1855 294 ’

288 352 358 394 καὶ
372 353 589 399 ἐπίσκοπος
606 349 844 409 Ἀνδριακῆς
864 349 1037 419 γέγονεν.

401 408 468 450 νε’.
527 412 684 461 Καῖσαρ
700 438 711 457 ,
741 409 789 448 οὐ
813 407 882 447 καὶ
896 402 1028 449 αυτοῦ
1048 407 1244 462 μέμνηται
1266 408 1290 450 6
1319 405 1565 461 ἀπόστολος,
1596 409 1642 460 ὃς
1665 412 1749 452 ἐπί-

290 480 438 513 σκοπος
455 467 528 505 τοῦ
547 464 749 517 Δοραχίου
762 462 943 535 γέγονεν.

139 541 171 575 v
194 539 263 577 345
399 518 480 568 νς’.
539 524 734 591 Μαρῖνος
750 520 773 561 6
793 518 966 572 ανεψιὸς
988 515 1217 590 Βαρνάβα,
1234 515 1285 561 οὗ
1305 522 1374 562 καὶ
1404 518 1534 563 αὐτοῦ
1559 522 1786 577 μέμνηται5

290 578 314 620 6
333 575 576 627 ἀπόστολος,
607 575 650 625 ὃς
670 577 740 617 καὶ
757 577 973 625 ἐπίσκοπος
989 573 1307 626 Ἀπολλωνιάδος
1320 577 1497 648 γέγομζνεν

403 630 476 683 νζ’.
532 630 682 686 Ἰησοῦς
711 632 735 674 6
754 630 963 702 λεγόμενος
986 629 1176 685 Ἰοῦστος,
1206 629 1257 674 οὗ
1275 635 1342 675 καὶ
1366 631 1497 676 αὐτου
1523 634 1717 689 μέμνηται
1736 635 1758 678 6

291 687 509 739 ἀπόστολος
537 689 580 731 ἐν
610 694 697 738 ταῖς
727 687 932 757 Πράξεσιν
957 705 1040 731 των
1071 686 1329 742 ἀποστόλων,
1367 689 1416 740 ὃς
1448 691 1517 732 καὶ
1539 693 1759 742 ἐπίσκοπος

288 747 466 816 γέγονεν
472 747 515 788 ἐν
530 742 870 817 Ἐλευθεροπόλει.

403 801 479 856 νη’.
537 800 725 858 Ἀρτεμᾶς
744 833 755 852 ,
794 805 842 844 οὐ
883 802 952 843 καὶ
988 798 1118 844 αὐτοῦ
1152 802 1349 886 μέμνηται
1383 804 1408 847 6
1438 801 1682 856 ἀπόστολος,
1713 803 1817 856 3910

291 861 507 909 ἐπίσκοπος
526 859 688 927 γέγονεν
709 860 925 918 Λυστρίας.

404 913 483 958 νθ’.
543 913 735 984 Κλήμης,
767 918 816 958 οὐ
842 916 911 957 καὶ
946 912 1074 956 αὐτοῦ
1104 914 1299 969 μέμνηται
1329 916 1351 959 6
1378 914 1598 967 ἀπόστολος
1622 919 1760 975 λέγων,

293 972 413 1014 Μετά
436 990 505 1014 και
526 969 757 1026 Κλήμεντος
777 972 846 1014 καὶ
865 975 946 1013 τῶν
963 975 1115 1013 λοιπῶν
1135 977 1344 1046 συνεργων
1366 991 1445 1028 μου
1459 1005 1470 1026 ,
1501 973 1544 1024 ὃς
1562 976 1631 1017 καὶ
1651 980 1760 1032 πρῶ-

146 1042 175 1076 Ρ
198 1040 269 1078 430
291 1046 358 1079 τος
385 1031 426 1080 ἐξ
457 1030 594 1071 ἐθνῶν
618 1029 687 1070 καὶ
713 1026 916 1082 Ἑλλήνων
948 1029 1178 1070 ἐπίστευσεν
1212 1031 1268 1079 εἰς
1297 1029 1369 1072 τόν
1393 1029 1601 1101 Χριστόν,.
1620 1031 1667 1083 ὃς
1691 1034 1763 1075 καὶ

293 1086 498 1141 μετέπειτα
516 1087 731 1134 ἐπίσκοπος
755 1088 959 1144 Σαρδικῆς
981 1085 1154 1154 γέγονεν.
1773 1099 1818 1134 15
1840 1103 1843 1106 >

410 1140 454 1193 ξ’.
511 1139 805 1195 Ὀνησιφόρος,
838 1145 887 1184 οὐ
915 1142 986 1182 καὶ
1018 1138 1145 1183 αὐτον
1176 1141 1372 1197 μέμνηται
1398 1143 1420 1187 6
1449 1140 1684 1196 ἀπόστολος,
1716 1143 1762 1195 ὃς

295 1201 512 1248 ἐπίσκοπος
535 1200 749 1266 Κορωνίας
766 1198 990 1270 yfilovev.

409 1253 480 1306 ga'.
547 1251 715 1308 Τυχικός
730 1285 741 1307 ,
772 1271 820 1296 ου
845 1271 914 1296 και
940 1250 1068 1295 αὐτοῦ
1089 1253 1286 1308 μέμνηται
1306 1255 1331 1298 6
1352 1252 1597 1310 ἀπόστολος,
1627 1256 1675 1308 ἃς
1694 1258 1764 1301 καὶ

295 1316 471 1380 πρῶτος
475 1312 691 1360 ἐπίσκοπος
717 1309 973 1383 Καλχηδόνος
988 1327 1060 1363 της
1078 1314 1277 1360 Βιθυνίας
1297 1312 1472 1382 γέγονεν.

410 1365 481 1422 ξβ’.
545 1365 739 1436 Κάρπος,
773 1371 821 1409 οὑ
844 1367 912 1408 καὶ
941 1364 1069 1408 αυτοῦ
1088 1367 1284 1422 μέμνηται
1308 1369 1332 1411 6
1350 1367 1569 1419 ἀπόστολος
1584 1403 1595 1421 ,
1627 1369 1674 1421 ὃς
1693 1371 1820 1418 καὶΞο

299 1427 467 1493 Βεροίας
484 1428 559 1479 τῆς
577 1421 740 1480 Θράκης
759 1424 976 1472 ἐπίσκοπος
995 1423 1171 1478 γέγονεν.

412 1478 479 1536 ξγ’.
540 1479 723 1532 Εὕοδος,
754 1479 813 1552 39?
825 1496 921 1534 μετα
944 1481 1100 1534 Πέτρον
1122 1479 1194 1523 τόν
1216 1478 1440 1524 ἀπόστολον
1459 1483 1677 1538 ἐπίσκοπος
1699 1483 1766 1539 γέ-

299 1555 417 1594 γονεν
437 1539 481 1579 ἐν
498 1534 731 1607 Ἀντιοχεία,
764 1540 811 1579 οὐ
834 1537 903 1578 καὶ
923 1539 1051 1579 αὐτοῦ
1073 1537 1098 1579 6
1118 1534 1340 1588 ἀπόστολος
1361 1539 1566 1611 μέμνηται.

414 1590 482 1645 ξᾶ
538 1590 810 1664 Ἀρίσταρχος,
843 1589 894 1635 οὗ
924 1594 993 1635 καὶ
1025 1590 1154 1636 αὐτου
1183 1595 1378 1649 μέμνηται
1407 1596 1433 1639 6
1452 1594 1692 1650 ἀπόστολος,
1723 1595 1767 1647 ὃς

300 1651 370 1694 καὶ
392 1652 610 1699 ἐπίσκοπος
627 1647 839 1704 Ἀπαμείας
855 1653 927 1702 τῆς
943 1652 1096 1704 Συρίας
1113 1650 1288 1721 γέγονεν.
1774 1664 1821 1700 25

415 1704 478 1757 ξε(
537 1704 734 1766 Μάρκος
742 1707 766 1749 6
794 1707 862 1748 καὶ
883 1704 1071 1759 Ἰωάννης
1107 1706 1377 1763 καλούμενος,
1408 1705 1460 1751 ου
1487 1709 1508 1753 6
1526 1713 1696 1760 Λουκᾶς
1720 1710 1766 1753 ἐν

299 1769 387 1814 ταῖς
409 1760 613 1833 Πράξεσιν
635 1761 849 1817 μέμνηται,
880 1762 922 1813 ὃς
942 1764 1011 1805 καὶ
1032 1764 1249 1815 ἐπίσκοπος
1268 1764 1429 1834 Βύβλου
1447 1767 1622 1822 γέγονεν.

415 1818 481 1870 ξς’.
531 1823 668 1873 Ζηνᾶς
689 1820 713 1862 6
729 1816 916 1887 νομικός,
946 1816 999 1862 οὐ
1018 1821 1085 1861 καὶ
1115 1819 1244 1864 αὐτου
1266 1822 1292 1864 6
1313 1819 1533 1873 ἀπόστολος
1556 1824 1764 1878 μέμνηται,

302 1876 350 1928 ὃς
368 1877 437 1918 καὶ
457 1876 671 1925 ἐπίσκοπος
691 1873 947 1925 Διοσπόλεως
961 1876 1136 1932 γέγονεν.

417 1930 489 1983 ξζῖ
550 1931 766 1985 Φιλήμων,
796 1931 894 1989 πρὸς
915 1930 961 1975 ὃν
985 1933 1054 1974 καὶ
1072 1932 1316 1988 ἔπιστολήν’
1302 1934 1502 1991 ε’γραψεν,
1523 1933 1569 1986 ὃς
1592 1953 1661 1978 και
1682 1937 1823 1981 ἐπί-30

303 2003 451 2038 σκοπος
465 1986 603 2057 Γάζης
621 1989 795 2060 γέγονεν.
929 2012 931 2017 v

417 2043 485 2099 ξη’.
517 2042 593 2095 ξθ’.
624 2044 668 2087 ο’.
723 2043 975 2100 Ἀρίσταρχος
1001 2047 1070 2088 καὶ
1100 2045 1272 2099 Πούδης
1301 2049 1370 2090 και
1396 2047 1613 2104 Τρόφιμος.
1653 2065 1767 2095 ουτοι

305 2104 348 2145 οἷ
358 2108 462 2157 τρεῖς
483 2103 525 2144 ἐν
549 2105 648 2143 πᾶσι
674 2107 758 2152 τοῖς
777 2105 970 2172 διωγμοῖς
991 2106 1064 2145 τοῦ
1084 2100 1308 2147 ἀποστόλου
1331 2103 1769 2160 συγκακοπαθήσαντες

302 2159 411 2208 τέλος
433 2159 475 2200 ἐν
493 2155 618 2230 Ῥωμῃ
641 2157 715 2200 συ“ν
735 2163 792 2215 τῷ
815 2158 926 2200 αὕτω
945 2156 1152 2217 ἀποστόλῳ
1172 2161 1254 2204 υπδ
1273 2162 1463 2217 Νέρωνος
1483 2166 1556 2205 τοῦ
1575 2163 1768 2217 βασιλέως

301 2214 374 2265 τὰς
390 2213 567 2267 κεφαλάς
585 2201 887 2269 ἀπετμήθησαν.
1774 2219 1823 2257 85

423 2276 556 2313 Ταῦτα
583 2271 605 2315 6
623 2270 952 2327 τρισμακάριστος
978 2273 1046 2314 καὶ
1077 2270 1297 2328 πανόλβιος
1316 2272 1541 2344 Δωρόθεος
1565 2275 1611 2318 ἐν
1637 2271 1766 2333 Ῥώμῃ

254 2371 255 2374 ,
305 2345 483 2400 γεγονως
509 2326 576 2369 διοῖ
605 2328 823 2382 Ῥωμαϊκης
858 2329 1063 2371 διαλέκτου
1092 2331 1135 2372 ἐν
1160 2330 1449 2402 υπομνήμασιν
1473 2332 1767 2384 καταλέλοιπεν,

308 2386 348 2435 ἐξ
371 2401 428 2426 ων
439 2384 507 2426 καὶ
520 2384 636 2438 ημεῖς
655 2383 934 2443 ἐρανισάμενοι
951 2386 1019 2427 καὶ
1037 2386 1147 2456 πρός
1158 2405 1233 2442 την
1253 2387 1396 2430 ἓλλάδα
1415 2386 1767 2442 μεθερμηνεύσαν-

307 2447 371 2491 τες
399 2457 545 2495 φωνην
564 2442 727 2496 ἐμφανῆ
748 2447 832 2492 τοῖς
852 2446 977 2484 πᾶσιν
998 2442 1285 2499 πεποιήκαμεν
1295 2443 1371 2499 τὴν
1390 2449 1472 2487 τῶν
1492 2444 1767 2500 ἑβδομήκοντα

377 2575 434 2609 ·.1
481 2585 501 2609 ο
527 2584 591 2608 om.
614 2574 685 2608 LP.
824 2577 856 2612 2.
904 2575 967 2612 καὶ
990 2588 1043 2611 om
1066 2577 1108 2612 L.
1245 2578 1279 2614 5.
1314 2578 1515 2624 Μαρῖνος]
1541 2577 1702 2622 Μάρκος
1723 2579 1765 2614 Β.

535 2621 569 2654 9.
616 2619 656 2655 ἐν
685 2617 833 2658 Ἐλευθε
836 2623 1009 2667 ροπόλει]
1039 2620 1377 2668 Ἐλευθεροπόλεως
1407 2626 1448 2661 L.
1587 2627 1642 2661 11.
1690 2628 1767 2660 Λυ-

398 2664 543 2709 στρίας]
571 2663 740 2712 Λύστρης
763 2668 803 2702 L
945 2669 998 2704 13.
1047 2669 1109 2705 καὶ
1133 2669 1227 2715 prius
1250 2682 1313 2704 om·
1339 2671 1380 2705 L.
1518 2671 1573 2706 17.
1609 2672 1768 2716 Κρορω·

400 2711 483 2752 νίας
515 2711 555 2745 Β.
695 2714 749 2748 19.
797 2714 1094 2759 ΧαλκηδόνοςΡ
1097 2740 1105 2748 .
1252 2718 1309 2752 21.
1355 2719 1423 2751 Bet
1425 2716 1518 2761 ρύας
1539 2716 1582 2750 Ρ.

402 2758 460 2793 22.
508 2753 549 2797 ὃς
580 2770 645 2794 om.
677 2758 716 2793 L.
876 2763 933 2799 23.
984 2759 1023 2796 ἐν
1049 2758 1265 2809 Ἀντιοχεία]
1294 2729 1507 2807 Ἀντιοχείας
1530 2763 1571 2797 L.
1707 2762 1766 2799 25.

401 2803 546 2848 γέγονεν
568 2805 651 2861 τῆς
659 2806 801 2850 Συρίας
823 2806 862 2840 Β.
955 2809 1011 2843 27.
1040 2809 1174 2854 Βίβλον
1198 2797 1269 2844 ΒῬ.
1369 2811 1427 2846 32.
1473 2808 1537 2845 καὶ
1559 2807 1612 2844 bis
1635 2820 1700 2844 om.
1723 2809 1764 2843 L.

496 2848 555 2886 34.
602 2847 769 2899 αυτῷοιη.
793 2846 834 2886 Β.
