1884 3262
542 177 808 221 eunome-1
844 179 1149 223 PAscflAms.
1244 204 1248 210 -
1508 168 1603 225 101

237 287 425 326 Omnium
455 294 587 326 autem
616 287 793 327 filiorum
822 292 911 329 Sem
938 290 1135 329 habitatio
1166 296 1225 329 est
1254 304 1275 328 a
1307 290 1444 329 Bacris
1474 304 1603 343 usque

97 344 436 393 *Rhinocoruriffi
479 358 580 396 quae
616 345 763 384 dividit
792 348 947 399 Syriam
981 355 1019 386 et
1050 348 1308 401 Aegyptum,
1347 354 1387 387 et
1420 348 1602 387 Rubrum

122 416 232 440 mare
255 402 304 440 ab
325 416 392 441 ore
412 403 622 452 Arsinoes,
655 417 757 454 quae
787 410 844 442 est
865 404 1014 445 Indiae.
1428 401 1438 413 ‘

237 459 320 497 Hae
341 465 434 497 sunt
457 465 589 498 autem
609 473 708 510 quae
731 466 825 498 sunt
844 461 973 499 factae
998 475 1048 499 ex
1067 460 1130 499 his
1153 461 1323 500 Gentes:
1351 460 1500 500 Hebrei
1533 463 1604 514 qui

121 515 282 565 Judaei,
312 516 478 564 Persae,
512 516 640 565 Medi,
671 517 841 567 Poenes,
874 518 1054 564 Arriani,
1084 517 1272 569 Hircani,
1303 518 1477 570 Assyrii,
1502 519 1603 570 Imh‘,

122 548 331 623 Macardi,
370 572 538 622 Parthi,
585 574 804 622 Germani,
837 575 1051 627 Helymei,
1084 575 1248 624 cessei,
1281 575 1433 614 Aiabes
1465 576 1601 628 primi,

59 627 62 630 ’
123 629 327 679 cedrusii,
360 632 530 682 Scytae,
556 630 704 669 Arabes
725 632 854 681 ultra,
887 633 1095 710 Sapientes
1115 631 1183 684 qui
1208 605 1400 671 dicuntur
1420 632 1604 684 Gymno-

120 686 281 726 sofistae
299 661 398 725 riudi
414 687 622 738 sapientes.

235 743 437 782 Habitatio
459 750 590 782 autem
610 757 748 782 eorum
768 758 893 796 usque
914 745 1165 783 Rinocorura
1191 751 1230 783 et
1250 745 1401 785 Cilicia.

234 800 313 848 Qui
335 808 469 839 autem
491 814 630 839 eorum
654 809 854 840 noverunt
874 802 1050 852 litteras,
1079 801 1136 840 hii
1162 809 1278 841 sunt:
1310 802 1472 852 Judaei,
1506 804 1601 843 Per-

119 871 201 907 sae,
232 857 361 907 Medi,
393 857 581 905 Chaldei‚
614 858 726 908 Indi,
758 858 926 911 Assyrii.

232 915 303 953 Est
323 921 455 953 autem
479 913 675 954 habitatio
697 929 856 963 eorum,
887 916 926 954 id
951 923 1009 955 est
1028 915 1204 954 filiorum
1230 917 1339 966 Sem,
1370 917 1412 954 in
1435 916 1599 967 longum

119 971 280 1024 quidem
301 971 349 1009 ab
369 972 483 1010 India
513 985 642 1024 usque
667 972 939 1012 Rinocorura:
970 974 1051 1012 lata
1074 979 1207 1012 autem
1230 987 1250 1011 a
1273 973 1436 1012 Perside
1455 980 1493 1013 et
1518 975 1598 1012 Ba-

119 1029 214 1068 ctris
238 1042 366 1080 usque
386 1028 554 1067 Indiam.

229 1085 440 1125 Vocabula
471 1092 603 1124 autem
647 1085 823 1135 gentium
858 1085 956 1124 haec
992 1092 1105 1124 sunt:
1152 1086 1283 1125 Persis
1306 1115 1318 1135 ‚
1347 1086 1599 1137 Bactrianae,

68 1192 70 1195 .
116 1143 306 1182 Hircania
326 1173 336 1191 ,
366 1143 572 1195 Babylona
590 1173 600 1189 ,
632 1141 819 1181 corbulia
838 1175 849 1193 ‚
879 1143 1078 1195 Assyria,
1109 1143 1421 1196 Mesopotamia,
1455 1144 1601 1183 Arabia

115 1207 260 1248 vetus,
294 1200 502 1247 Alimales‚
542 1199 677 1249 India,
711 1200 856 1238 Arabia
888 1201 1136 1251 eudaemon,
1169 1201 1436 1253 Caelessyria,
1473 1201 1601 1240 Com-

74 1269 80 1274 ‘
115 1270 299 1309 magena,
330 1263 369 1295 et
386 1257 574 1309 Fynicia,
608 1270 709 1308 quae
729 1263 788 1295 est
813 1256 987 1296 filiorum
1009 1260 1113 1296 Sem.

230 1314 377 1352 Gentes
408 1321 539 1352 autem
563 1327 665 1364 quae
692 1313 848 1364 linguas
871 1328 962 1352 suas
992 1313 1170 1363 habent,
1198 1312 1274 1352 hae
1305 1320 1418 1353 sunt:
1450 1313 1602 1354 Hebrei

114 1372 182 1423 qui
215 1378 256 1410 et
284 1371 443 1420 Judaei,
475 1370 653 1422 Assyrii,
686 1370 901 1418 Chaldaei,
934 1372 1101 1421 Persae,
1138 1370 1270 1420 Medi,
1303 1370 1478 1420 Arabes,
1508 1372 1599 1410 Ma·-

114 1429 231 1475 dian,
264 1427 520 1476 Adiabenici,
550 1424 709 1476 Taleni,
740 1428 1020 1478 Alamosenni,
1052 1427 1260 1477 Saraceni,
1294 1428 1419 1479 Magi,
1451 1428 1599 1480 Caspii,

116 1485 284 1534 Albani,
314 1485 436 1534 Indi,
469 1483 712 1537 Aethiopes»,
748 1485 960 1537 Aegyptii,
991 1485 1160 1537 Libyes,
1192 1483 1354 1534 Chetei,
1387 1485 1599 1534 Cananaei,

113 1543 318 1590 Ferezaei,
349 1541 499 1591 Euvei,
533 1541 742 1592 Gergesei‚
773 1542 979 1592 Jebusaei,
1006 1541 1186 1592 Idumei,
1216 1541 1456 1590 Samaritae,
1491 1542 1598 1582 Foe-

114 1599 248 1647 nices‚
277 1599 369 1651 Syri
384 1625 409 1647 ,⁴
427 1599 591 1647 Cilices,
623 1597 889 1646 Tharsenses,
910 1599 1197 1652 Cappadoces,
1222 1598 1424 1650 Armenii,
1442 1598 1601 1648 Hibeni‚

111 1657 299 1704 Libmni,
345 1658 515 1707 Scytae,
556 1654 721 1701 Colchi,
767 1655 912 1705 Sanni,
954 1655 1232 1709 Bosphorani,
1263 1655 1420 1706 Asiani,
1450 1656 1602 1694 Hisau—

114 1715 285 1762 nenses,
310 1714 539 1765 Lycaones,
556 1712 751 1764 Pysidae‚
772 1713 958 1763 Galatae,
983 1714 1239 1765 Paflagones.
1260 1713 1412 1765 Fryges
1427 1743 1439 1764 ,
1460 1712 1601 1763 Achai,

113 1770 320 1819 Thessali,
353 1768 641 1817 Machedones,
672 1770 843 1819 Traces,
874 1769 1001 1822 Mysi,
1034 1771 1166 1815 Bessi,
1200 1770 1403 1821 Dardani,
1438 1771 1602 1809 Sarma-

116 1835 198 1876 tae,
237 1828 448 1876 Germani,
490 1826 695 1871 Pannoni,
736 1827 906 1878 Peones,
945 1827 1106 1878 Norici,
1150 1827 1372 1875 Dalmatae,
1415 1827 1598 1878 Romani,

114 1886 186 1937 qui
209 1891 248 1923 et
270 1884 421 1932 Latini,
453 1883 641 1934 Ligures,
675 1883 799 1934 Galli,
832 1884 901 1936 qui
926 1891 965 1923 et
984 1885 1139 1932 Celtae,
1171 1883 1384 1935 Aquitani,
1414 1884 1599 1935 Brittani,

113 1941 282 1993 Hispani
305 1941 373 1993 qui
396 1947 435 1979 et
454 1940 636 1993 Tyrreni,
668 1941 824 1990 Mauri,
859 1942 1088 1992 Baccuates,
1119 1948 1158 1980 et
1175 1942 1418 1991 Massennas,
1449 1942 1598 1991 Getuli‚

115 1999 202 2038 Afri
225 1998 292 2050 qui
313 2004 352 2036 et
374 1998 566 2036 Barbares
582 2028 591 2046 ‚
624 1998 787 2036 Mazicei
800 2027 810 2047 ,
843 1998 1129 2050 Garamantes,
1161 2000 1231 2051 qui
1253 2004 1293 2038 et
1313 1998 1598 2048 Marmaredae,

116 2056 187 2108 qui
212 2068 340 2106 usque
365 2054 619 2107 Aethiopiam
642 2055 932 2096 extenduntur.

230 2112 505 2151 Necessarium
527 2118 659 2149 autem
682 2112 825 2164 putavi
849 2118 888 2151 et
907 2111 1219 2153 inhabitationes
1242 2111 1431 2150 Gentium
1463 2117 1502 2149 et
1528 2125 1600 2149 co-

116 2169 431 2221 gnominationes
456 2168 664 2207 declarari.

230 2226 426 2278 Incipiam
445 2231 575 2264 autem
596 2225 643 2263 ab
665 2223 854 2263 Oriente:
876 2226 1087 2264 Persarum
1108 2231 1149 2263 et
1167 2223 1376 2263 Medorum
1394 2223 1600 2262 inhabita-

116 2291 223 2323 tores
246 2282 385 2322 Parthi
409 2288 448 2322 et
465 2282 621 2320 vicinae
639 2289 776 2332 gentes
801 2284 912 2334 pacis
931 2295 1058 2333 usque
1079 2282 1234 2333 Syriam
1254 2282 1375 2320 coele.

101 2347 103 2349 ’
233 2340 408 2379 Arabum
426 2338 717 2378 inhabitatores
740 2338 890 2377 Arabes
909 2339 1189 2378 Eudemones·
1220 2337 1299 2376 hoc
1314 2339 1418 2377 enim
1438 2337 1599 2376 nomine

117 2398 388 2451 appellantur

231 2454 378 2493 Arabia
418 2453 668 2492 Eudemones
703 2452 993 2491 Chaldaeorum
1032 2450 1323 2490 inhabitatmes
1363 2432 1597 2502 Mesopota-

116 2511 234 2553 meni.

231 2566 544 2606 madianensium
572 2564 861 2604 inhabitatores
890 2564 1231 2616 Cynedocolpitae
1267 2571 1303 2602 et
1326 2562 1599 2614 Troclodytae

120 2632 161 2664 et
183 2624 422 2677 Icthyofagi.

235 2682 482 2720 Graecorum
514 2686 646 2718 autem
675 2685 812 2731 gentes
855 2685 895 2718 et
935 2678 1130 2717 vocabula
1163 2691 1200 2714 v.
1242 2677 1378 2727 Iones,
1411 2674 1599 2724 Arcades,

121 2738 258 2788 Booti,
293 2737 429 2786 Aeoli,
460 2737 652 2776 Lacones.

235 2795 393 2834 Horum
411 2767 704 2833 inhabitatores
725 2793 815 2831 fuer
819 2799 890 2832 unt
908 2791 1090 2838 Pontici,
1117 2789 1260 2838 Bitini‚
1280 2788 1430 2838 Troes
1452 2787 1599 2836 Asiani,

127 2852 239 2901 Cari,
270 2851 404 2903 Legii,
425 2849 804 2903 Pamfili,(3y1·inei,
832 2857 871 2889 et
892 2847 1050 2888 Insulae
1071 2847 1234 2900 plures,
1263 2845 1307 2883 id
1326 2850 1387 2886 est
1405 2845 1602 2897 Cyclades

1622 1833 1651 1868 P
1676 1832 1746 1870 416
