1884 3262
58 1687 61 1690 ’
120 1698 153 1732 v
179 1695 248 1733 442

263 1749 379 1783 nota.

119 2260 148 2295 P
170 2261 240 2297 526

273 213 371 261 308
851 215 889 256 N
925 215 965 257 Ο
1001 213 1039 256 Τ
1074 214 1107 255 Α
1140 214 1176 255 Ε

359 322 363 325 ’
391 328 483 376 Pag.
512 323 610 368 404.
641 328 679 368 6.
738 327 871 378 Ετερα
894 323 1007 378 τρία]
1036 325 1192 364 Primus
1213 325 1386 364 omnium
1408 324 1615 374 Eusebius,
1636 323 1747 376 quod

276 384 524 436 Hippolytus
555 387 709 420 tantum
734 381 1002 432 indicaverat,
1034 382 1210 420 ostendit
1227 383 1480 421 intervallum
1501 396 1521 420 a
1542 381 1755 433 Baptismo'

274 441 327 479 ad
359 438 705 478 Resurrectionem
732 453 813 476 non
844 440 973 476 minus
1009 452 1092 477 esse
1120 439 1314 482 triennio,
1358 452 1586 490 quanquam
1618 439 1748 477 minus

278 496 564 548 quadriennio:
611 496 717 547 quod
760 497 916 547 priores
960 496 1183 544 Auctores,
1225 502 1386 547 praeter
1415 496 1678 547 Hippolytum
1709 501 1750 534 et

274 566 427 606 paucos
458 552 578 602 alios,
617 565 699 591 uno
736 566 839 591 anno
869 552 1113 607 posteriores
1152 552 1311 591 biennio
1342 552 1617 590 terminarunt.
1648 553 1748 590 Sca-

274 610 302 647 li
333 623 388 647 er.
1736 641 1738 644 ,

306 623 330 661 g
388 664 485 716 Pag.
514 664 608 708 404-
643 665 710 708 14.
771 660 916 718 Πάσχα
942 666 1033 719 τρία
1065 664 1151 717 ἔτη]
1193 665 1292 703 Vide
1331 664 1538 703 Petavium
1574 664 1642 703 lib.
1673 678 1747 704 ΧΠ.

275 723 325 760 de
360 724 491 761 noctr.
524 722 662 774 Temp.
696 736 783 774 cap.
815 735 917 760 xvn.
951 729 990 761 et
1025 722 1228 760 Usserium
1263 721 1557 760 Armachanum
1586 721 1627 758 in
1659 721 1748 759 An·-

275 780 352 820 nal.
386 786 439 817 to.
470 793 513 817 11.
546 792 635 831 pag.
666 779 764 822 569.
795 779 901 830 apud
934 792 1034 830 quos
1064 778 1165 816 haec
1196 778 1375 830 quaestio
1408 778 1661 831 expenditur.

394 839 484 886 Pag.
515 835 617 878 404.
642 835 706 877 15.
768 832 1036 887 Οὖεννικίου]
1070 835 1266 888 Epiphan.
1288 831 1530 875 Ουέννικίου
1548 834 1617 875 καὶ
1637 837 1748 887 Λογ-

274 893 391 946 γίνου
408 893 604 932 Κασσίου.
670 892 827 931 Vinicius
856 892 1006 931 dicitur
1035 892 1165 930 Idatio
1197 898 1236 931 et
1266 892 1353 930 aliis
1372 921 1383 941 ,
1429 898 1469 931 et
1496 892 1538 930 in
1564 897 1645 930 vet.
1675 891 1747 929 Iu-

275 949 412 1000 script.
431 962 652 987 MLxxxvn.
707 948 811 987 Vide
839 949 1095 987 Herwartum
1123 949 1165 987 in
1197 948 1439 1001 Chronolog.
1471 962 1556 1001 cap.
1581 961 1746 987 ccxmx.

276 1012 316 1045 et
346 1006 547 1044 Norisium
581 1006 622 1044 in
651 1005 776 1058 Epist.
807 1006 1015 1044 consulari
1046 1019 1134 1058 pag.
1162 1019 1205 1044 11.

393 1065 484 1113 Pag.
517 1064 711 1105 406.11.
773 1065 899 1111 Οντος
918 1057 1144 1117 Λρχιερέως
1167 1058 1398 1116 Ελεαζαρου
1427 1061 1524 1102 υἱοῦ
1542 1060 1743 1113 Ανανίου]

273 1119 382 1170 Haec
409 1118 500 1171 jure
530 1118 637 1157 delet
667 1118 762 1157 Cod.
794 1119 1005 1158 Holstenii.
1770 1116 1773 1119 ’

390 1178 482 1226 Pag.
512 1176 609 1218 406.
642 1178 706 1217 12.
772 1174 824 1216 Τὸ
848 1172 875 1215 ε’
896 1173 1049 1228 μόνου]
1084 1175 1246 1220 [datiani
1275 1174 1382 1213 Fasti
1411 1174 1518 1214 MSS.
1556 1175 1747 1212 Tiberiano

276 1233 428 1270 Caesare
458 1246 516 1271 1v.
536 1232 632 1269 solo:
661 1231 728 1269 ubi
760 1232 1008 1271 observanda
1034 1245 1117 1270 vox
1151 1233 1360 1279 Tiberiano,
1392 1245 1468 1283 pro
1503 1232 1669 1281 Tiberio,
1699 1236 1746 1269 ut
1775 1226 1777 1229 ’

278 1291 499 1338 Octaviano,
529 1301 605 1340 pro
640 1289 804 1329 Octavio.
822 1283 973 1340 ¹Neque
1010 1302 1135 1341 porro
1166 1289 1278 1326 solus
1307 1287 1385 1326 hoc
1414 1302 1517 1326 anno
1547 1288 1634 1326 Cos.
1665 1288 1746 1326 fuit
1775 1303 1779 1306 ·

273 1345 478 1383 Tiberius:
508 1358 598 1382 nam
631 1345 665 1382 ei
696 1345 909 1397 adjunctus
938 1345 1017 1383 fuit'
1049 1346 1240 1396 Sejanus,
1280 1358 1361 1396 quo
1403 1358 1520 1383 caeso
1560 1351 1599 1382 et
1631 1344 1743 1383 hoste

272 1401 438 1454 publico
470 1401 736 1451 denunciato,
777 1402 886 1440 illius
915 1416 1059 1440 nornen
1093 1416 1113 1440 e
1143 1402 1270 1441 Fastis
1301 1414 1480 1452 erasum,
1521 1408 1567 1440 ut
1594 1402 1636 1439 in
1666 1402 1744 1439 La-

270 1458 368 1510 pide
399 1457 582 1506 Nolano,
632 1458 670 1495 in
711 1472 790 1510 quo
833 1458 989 1498 suffecti
1030 1459 1107 1511 ipsi
1144 1457 1306 1497 Tiberio
1339 1471 1386 1496 eo
1417 1472 1520 1496 anno
1552 1458 1743 1497 Consules

271 1515 565 1554 describuntur.
627 1515 727 1553 Vide
758 1516 958 1554 Norisium
989 1516 1030 1554 in
1061 1516 1186 1567 Epist.
1217 1515 1427 1554 Consulari
1451 1529 1539 1567 pag.
1569 1518 1633 1557 13.
1673 1515 1743 1555 Er-

270 1579 364 1612 rant
398 1579 528 1610 autem
561 1572 664 1610 Fasti
693 1572 734 1610 in
765 1586 930 1611 numero
961 1573 1245 1611 consulatuum
1275 1572 1436 1610 Tiberii.

392 1633 484 1679 Pag.
514 1629 609 1672 408.
637 1632 673 1671 1.
734 1632 798 1669 Ev
819 1626 870 1682 ιη’
890 1633 963 1682 τῆς
987 1628 1303 1683 Αρχαιολογίας]
1337 1629 1433 1681 Cap.
1458 1641 1530 1667 vu.

390 1689 482 1735 Pag.
513 1686 606 1727 408.
640 1688 705 1727 13.
764 1684 1002 1740 Λουγδὸνον
1019 1690 1091 1739 τῆς
1110 1685 1306 1738 Σπανίας]
1329 1685 1451 1724 Immo
1473 1684 1624 1724 Galliae
1644 1684 1743 1724 urbe

385 1800 480 1838 Ibid.
543 1801 669 1846 Ουτος
690 1798 942 1853 Αρχιερέως]
974 1800 1081 1838 Haec
1111 1800 1253 1839 absunt
1282 1814 1305 1837 a
1336 1799 1433 1838 Cod.
1464 1798 1674 1837 Holstenii.
1734 1799 1737 1803 ’

388 1859 482 1905 Pag·
511 1855 606 1897 408.
647 1856 710 1897 14,
774 1854 988 1909 Περσύκου
1007 1857 1074 1896 καὶ
1093 1856 1324 1908 Βετελλίου]
1357 1858 1458 1906 Seu,
1488 1862 1534 1893 ut
1562 1855 1742 1907 praefert
1812 1871 1815 1876 ’

272 1913 393 1951 editio
424 1912 609 1961 Scaligeri
624 1941 634 1960 ,
667 1913 870 1963 Περσίκου
891 1913 959 1952 καὶ
977 1915 1194 1953 Βιπελλίου.
1233 1913 1317 1950 Hos
1339 1913 1446 1951 Coss.
1472 1914 1603 1950 statim
1623 1911 1743 1950 etiam

270 1976 364 2022 post
395 1969 654 2019 Consulatum
685 1968 833 2007 Tiberii
862 1983 917 2009 1v.
949 1983 1018 2007 seu
1047 1983 1085 2009 v.
1118 1976 1275 2021 ponunt
1303 1969 1409 2007 Fasti
1442 1969 1612 2007 Idatiani
1631 1969 1740 2006 MSS.

272 2039 374 2078 quos
405 2026 445 2063 in
477 2025 594 2063 editis
624 2031 714 2076 post
746 2025 895 2063 Galbae
935 2032 975 2064 et
1008 2027 1141 2078 Syllae
1173 2026 1428 2064 Consulatum
1465 2025 1606 2077 rejecit
1635 2025 1740 2063 Lab-

270 2083 369 2121 beus
399 2088 546 2125 contra¹
567 2081 682 2120 fidem
715 2081 876 2119 Codicis
907 2096 985 2134 quo
1016 2096 1113 2120 usus
1143 2089 1223 2133 est,
1262 2083 1373 2122 hisce
1402 2082 1559 2132 verbis,
1599 2084 1739 2122 Persico

270 2144 305 2177 et
337 2140 475 2178 Vitellio
511 2139 623 2187 Pulo,
662 2137 764 2176 adeo
797 2145 843 2176 ut
872 2139 1039 2177 Auctori
1079 2139 1266 2178 Chronici
1309 2140 1350 2178 in
1388 2139 1468 2178 hoc
1504 2139 1737 2177 concinant:

266 2196 427 2234 tametsi
455 2201 624 2246 uterque
654 2195 834 2247 Scriptor
862 2194 902 2233 in
933 2196 1092 2235 nomine
1125 2200 1260 2236 Persici
1285 2196 1605 2245 hallucinentur,
1645 2209 1736 2234 cum

272 2252 412 2291 Paulus
430 2252 566 2290 Fabius
586 2251 733 2290 Priscus
752 2252 911 2290 dicatur
943 2253 1059 2291 Dioni
1088 2253 1155 2292 lib.
1185 2267 1301 2293 LVIII.
1331 2253 1402 2292 sed
1433 2267 1506 2291 cur
1538 2253 1631 2292 Pulo
1657 2252 1736 2291 ad-

269 2309 389 2347 datur
422 2308 571 2346 Vitellii
602 2308 754 2346 nornini
782 2308 822 2346 in
854 2309 981 2347 Fastis
1011 2310 1220 2360 matianis,
1253 2310 1321 2362 qui
1355 2310 1514 2362 quidem
1538 2310 1581 2349 L.
1608 2309 1736 2348 Vitel-

268 2366 346 2404 lius
377 2365 525 2403 dieitur
554 2365 683 2402 eidem
713 2365 851 2414 Dioni,
883 2380 963 2404 non
992 2367 1111 2418 plane
1143 2381 1352 2418 assequor:
1381 2380 1511 2418 neque
1536 2365 1641 2404 enim
1661 2379 1734 2404 au-

244 2422 342 2460 'sim
377 2434 551 2459 asserere
580 2421 620 2458 in
654 2421 778 2458 Fastis
809 2423 964 2461 fortean
996 2423 1158 2463 Graecis
1191 2425 1434 2488 Scoriptorem
1463 2423 1734 2461 Idatianorum

266 2478 407 2529 legisse
441 2473 827 2527 Οὕϊτελλιόπουλον,
866 2480 921 2516 ita
951 2485 996 2518 ut
1024 2480 1065 2518 id
1097 2480 1268 2518 nominis
1308 2479 1456 2532 posteii
1486 2479 1627 2517 Graeci
1657 2479 1734 2518 Vi-

266 2535 377 2574 tellio
409 2533 623 2573 tribuerint
645 2563 656 2582 ,
706 2534 816 2585 quod
850 2549 940 2573 cum
970 2543 1074 2574 esset
1103 2537 1143 2574 in
1182 2537 1328 2575 teneris
1365 2537 1493 2584 junior
1521 2536 1587 2574 vel
1621 2538 1733 2575 minor

275 2591 437 2630 Vitellius
465 2590 758 2642 appellaretur,
789 2597 829 2628 et
860 2592 1088 2643 postremus
1119 2599 1220 2631 esset
1246 2607 1296 2631 ex
1312 2605 1367 2631 1v.
1388 2593 1429 2631 P.
1451 2591 1602 2630 Vitellii
1623 2592 1730 2643 filiis,

266 2654 314 2689 ut
334 2647 472 2686 scribit
489 2645 759 2698 Tranquillus.
818 2647 985 2697 Verum,
1018 2646 1117 2687 haec
1145 2649 1371 2701 conjectura
1402 2649 1534 2687 minus
1565 2649 1730 2691 arridet:

268 2703 364 2755 quin
403 2703 537 2756 potius
576 2703 882 2742 existimaverim
920 2704 1135 2743 Auctorem
1173 2705 1358 2745 Chronici
1395 2705 1606 2757 utriusque
1638 2700 1726 2748 Gos.

266 2760 426 2799 nomina
457 2760 683 2800 confudisse
694 2787 709 2806 ,
740 2766 779 2798 et
802 2760 915 2798 Pauli
943 2774 1110 2811 nomen,
1142 2762 1252 2812 quod
1282 2768 1367 2801 erat
1390 2763 1534 2811 Prisci,
1557 2762 1728 2802 Vitellio

269 2822 436 2868 aptasse.
493 2818 705 2868 Utcunque
738 2815 810 2865 sit,
849 2822 1005 2855 constat
1043 2816 1186 2856 horum
1225 2819 1482 2858 Consulatum
1516 2819 1618 2859 male
1647 2819 1751 2859 hoc>

266 2887 370 2911 anno
399 2874 562 2923 referri,
592 2887 708 2926 quem
735 2872 767 2911 ii
795 2873 952 2913 demum
982 2886 1135 2926 gessere
1163 2882 1256 2928 post
1289 2877 1544 2915 Consulatum
1576 2875 1726 2916 Galbae
1753 2870 1756 2873 ”
