1884 3262
477 220 535 262 IN
571 219 901 263 CHRONICON
936 219 1226 262 PASCHALE.
1506 218 1604 265 341

115 330 377 384 ἐπιθυμίαν,
406 326 712 382 καταφρόνησίν
739 344 781 370 τε
798 332 872 382 τῆς
892 327 996 383 πρός
1017 328 1338 385 τούς-’ἄρχοντας
1361 329 1526 380 αἰδοῦς,
1558 336 1607 370 ut
1636 337 1667 373 P
1690 335 1759 374 542

129 389 185 427 ait
215 388 466 427 Herodianus
497 388 540 425 in
571 388 688 425 Didio
722 387 890 425 Juliano.
959 389 1073 427 Unde
1102 402 1195 427 raro
1227 387 1437 426 accidebat
1465 394 1514 426 ut
1536 402 1604 440 per

123 458 241 483 *omnes
266 446 411 483 honores
439 449 473 483 et
492 447 730 494 magistratus
749 447 943 494 insigniter
961 450 1097 494 gestos,
1129 460 1178 484 ac
1201 446 1288 494 jure
1310 447 1512 484 meritorum
1526 474 1539 495 ,
1571 450 1606 484 et

128 504 236 554 quasi
258 516 303 540 ex
324 505 433 540 totius
452 503 545 540 orbis*
561 516 636 540 una
654 504 847 549 sententia,
878 501 948 539 sed
979 502 1062 540 fere
1095 516 1255 554 semper
1284 502 1521 541 tumultuario
1535 515 1603 553 po-

119 560 205 610 puli
225 570 394 597 concursu
413 563 448 597 et
470 560 623 597 militum
642 561 791 610 strepitu
818 558 1044 609 Imperator
1070 557 1205 607 fieret,
1237 564 1282 597 ut
1301 558 1485 610 loquitur
1499 559 1604 598 Tre-

121 615 267 654 bellius
298 616 425 654 Pollio
453 616 494 654 in
524 615 750 655 Valeriano.
823 615 1028 663 Quantum
1061 629 1158 654 vero
1190 614 1347 653 felicior
1375 615 1499 654 hodie
1528 630 1604 655 or-

122 671 186 711 bis
206 673 477 723 Christianus,
506 673 550 711 in
579 685 660 724 quo
691 671 792 710 nihil
822 672 1017 725 ejusmodi
1037 673 1165 712 ferale·
1182 671 1351 722 accidit,
1381 686 1461 711 non
1482 672 1602 711 modo

121 729 170 768 iis
208 730 251 768 in
281 729 533 781 regionibus,
584 729 628 767 in
665 729 810 781 quibus
849 730 941 782 jura
977 730 1110 780 regiae
1152 729 1415 768 successionis
1455 729 1604 768 trabali
1680 731 1681 734 ’

121 786 245 825 veluti
275 787 362 838 lege
399 787 522 825 semel
560 786 640 825 fixa
683 793 801 835 sunt,
846 786 916 824 sed
954 786 996 824 in
1033 786 1083 824 iis
1125 787 1244 825 etiam
1283 786 1355 824 ubi
1391 786 1603 839 Principes

120 844 324 883 communi
354 844 508 882 calculo
539 843 762 894 eliguntur,
794 843 890 881 licet
916 856 1043 894 prava
1058 843 1149 890 ..ista
1182 856 1254 897 per
1284 856 1405 881 neces
1437 849 1477 882 et
1503 856 1603 881 sce-

119 901 225 950 lera,
256 906 296 939 et
323 914 398 953 per
425 899 616 939 militares
642 900 864 949 tumultus,
901 899 1151 938 invadendae
1179 899 1408 951 tyrannidis
1437 899 1600 938 ambitio

119 931 229 1010 apud.
251 957 518 1010 Imperatores
536 930 1022 1009 Constantinopolitanos,
1049 956 1297 996 Christianae
1315 957 1473 995 tametsi
1488 956 1602 995 Fidei

117 1014 318 1063 initiatos,
347 1028 505 1067 semper
529 1014 771 1066 obtinuerit,
803 1028 854 1054 ex
882 1013 959 1052 hac
978 1020 1194 1068 procreato
1221 1013 1298 1054 toti
1317 1013 1492 1066 Imperio
1519 1027 1601 1052 ex·-

107 1078 245 1110 tremo
266 1071 430 1110 tandem
454 1071 629 1110 excidio.

234 1131 327 1179 Pag-
358 1130 455 1172 493-
487 1129 526 1172 4·
584 1129 664 1176 Εἰς
679 1125 751 1169 τόν
765 1124 986 1193 Μάρτιον]
1020 1128 1077 1167 De
1092 1127 1170 1166 hac
1192 1127 1316 1166 itione
1336 1126 1379 1165 in
1405 1126 1599 1180 Campum

115 1185 304 1225 Martium
329 1185 450 1224 silent
477 1185 694 1231 Historici,
734 1185 812 1223 nisi
839 1184 920 1223 huc
958 1185 1188 1224 referantur
1212 1184 1336 1223 verba
1357 1184 1600 1236 Capitolini,
1643 1198 1649 1203 ’

117 1243 185 1295 qui
216 1255 375 1283 caesum
409 1243 655 1281 Pertinacem
679 1242 721 1279 in
753 1242 903 1280 Palatio
933 1242 1094 1290 scribit,
1128 1255 1234 1294 quum
1266 1242 1327 1280 ille
1353 1242 1512 1280 aulicum
1532 1241 1600 1292 sa-

115 1301 293 1339 mulitium
315 1300 522 1349 ordinaret,
542 1299 583 1338 in
606 1293 798 1350 Campum
820 1299 1006 1336 Martium
1037 1271 1142 1337 foite
1171 1311 1447 1351 processurus.
1493 1298 1601 1336 Haec

114 1370 241 1408 porro
267 1370 479 1409 perperam
507 1356 653 1397 extulit
682 1355 879 1407 Georgius
899 1355 1157 1394 Hamartolus
1186 1356 1227 1393 in
1247 1354 1396 1396 Chron.
1418 1354 1500 1392 MS.
1531 1353 1602 1394 καὶ

114 1410 272 1467 ἐσφάγη
303 1411 387 1453 ὖπὸ
416 1415 498 1454 τῶν
532 1415 783 1468 στρατιωτῶν
816 1408 1072 1467 ἐξερχόμενος
1102 1412 1145 1453 ἐκ
1183 1414 1259 1452 τοῦ
1289 1411 1498 1453 Παλατίου
1525 1426 1600 1453 τον

114 1469 307 1525 Μάρτιον
335 1473 456 1523 μῆνα.

228 1527 324 1566 Ibid.
374 1529 442 1568 ,Ων
466 1526 567 1569 ἐτῶν
587 1543 608 1568 ο
609 1524 650 1579 ’.]
682 1527 784 1566 Vide
805 1526 1051 1577 Scaligerum
1076 1524 1124 1564 ad
1145 1525 1360 1564 Eusebium
1379 1537 1471 1577 pag.
1497 1526 1595 1567 227

114 1591 153 1625 ct
175 1584 451 1623 Casaubonum
470 1584 521 1625 ad
543 1584 812 1636 Capitolinum
839 1583 882 1621 in
904 1583 1122 1623 Pertinace.

233 1645 324 1692 Pag
354 1642 450 1684 493.
482 1642 520 1684 5.
582 1643 779 1693 Ρωμαίων
809 1636 860 1688 ιζ’
866 1641 892 1691 .]
927 1639 1089 1681 Didium
1108 1638 1345 1677 sulianum
1333 1652 1375 1676 m
1395 1603 1597 1677 Chronico

112 1698 288 1750 Hierony
293 1698 343 1736 mi
377 1698 527 1737 omittit
557 1698 773 1747 Eusebius,
810 1710 1103 1750 numerumque
1137 1710 1240 1736 xvn.
1262 1697 1411 1735 Severo
1435 1695 1596 1735 adscri-

111 1755 185 1795 bit.
243 1755 345 1794 Vide
373 1755 519 1827 Scalig.
545 1769 586 1808 p.
611 1755 708 1798 425.

227 1812 322 1851 lbid.
384 1815 419 1853 Ο
438 1811 507 1852 καὶ
531 1810 725 1865 Σίλβιος]
747 1812 836 1863 Leg.
859 1808 1059 1863 Σαλβιος,
1094 1823 1144 1849 ex
1163 1809 1382 1861 Eutropio,
1414 1777 1594 1858 Victore,

112 1869 239 1908 Dione
270 1875 309 1907 et
336 1869 447 1908 aliis.
477 1883 568 1907 nam
600 1869 823 1921 Imperator
848 1868 978 1907 factus
1009 1867 1071 1905 his
1090 1866 1323 1905 nominibus
1348 1865 1591 1914 donabatur,

111 1932 159 1966 ut
189 1931 248 1965 est
271 1924 392 1978 'apud
425 1926 687 1977 Panvinium,
719 1926 778 1965 Μ.
803 1926 938 1965 Caesar
958 1926 1097 1964 Didius
1117 1923 1270 1962 Salvius
1292 1922 1351 1962 Μ
1367 1922 1413 1962 F.
1438 1923 1594 1962 Commo-

110 1984 178 2023 dus
209 1983 362 2022 Severus
385 1984 570 2023 Julianus.

226 2042 318 2091 Pag
348 2039 446 2083 493
477 2044 519 2084 6.
578 2036 793 2092 Μῆναςζ’
797 2040 824 2092 .]
857 2039 1094 2091 Spartianus
1113 2037 1168 2075 ait
1188 2035 1350 2075 Didium
1374 2035 1593 2088 imperasse

111 2096 316 2135 mensibus
333 2111 378 2136 11.
407 2097 546 2137 diebus
566 2110 606 2137 v.
639 2098 712 2137 Dio
745 2097 855 2150 apud
879 2095 1162 2149 Xiphilinum‚
1195 2093 1282 2132 dies
1306 2106 1420 2132 LXVI.
1453 2091 1594 2131 Victor

112 2152 268 2192 Schotti
294 2168 421 2195 Lxxx.

234 2214 320 2261 Pog·
351 2210 518 2253 493.7
491 2215 531 2253 7.
602 2207 828 2261 Φλακκου]
882 2209 941 2247 Ita
982 2208 1090 2246 Fasti
1128 2206 1351 2256 Savilliani.
1420 2204 1592 2243 [datiani

111 2267 219 2306 MSS.
250 2267 437 2306 Flaccone.
496 2267 669 2318 Prosper
687 2273 726 2305 et
745 2266 977 2313 Victorius,
1006 2264 1171 2302 Falcone.
1230 2264 1426 2311 Senator,
1456 2261 1592 2300 Fusco-

110 2337 163 2363 πε.
223 2324 404 2363 Vocatur
420 2324 488 2362 ssle
510 2324 555 2367 Q.
580 2324 726 2362 Sos-sius
746 2322 880 2372 Falco,
907 2323 949 2360 in
971 2320 1096 2359 veteri
1124 2319 1282 2371 lapide,
1314 2318 1431 2371 cujus
1455 2319 1592 2356 memi-

110 2382 173 2420 nit
195 2382 373 2433 Scaliger
401 2381 442 2419 in
465 2381 608 2422 Euseb.
634 2394 726 2433 pag.
747 2382 840 2421 130.
869 2379 934 2417 cui
959 2378 998 2416 C.
1017 2378 1140 2416 Julius
1159 2376 1321 2415 Eructus
1342 2375 1419 2415 Cos.
1436 2375 1589 2425 collega

112 2437 358 2491 adjungitur.
415 2438 595 2477 Erucium
627 2438 773 2476 Clarum
802 2442 923 2475 vocat
946 2436 1018 2473 Dio
1053 2434 1096 2472 in
1128 2433 1340 2486 Excerptis
1362 2432 1589 2476 Valesianis

109 2509 152 2547 Ρ.
167 2497 262 2537 737.
290 2501 330 2534 et
354 2494 622 2547 Spartianus
610 2508 651 2532 111
671 2495 845 2542 Severo,
877 2507 899 2531 a
922 2505 1002 2544 quo
1019 2484 1055 2529 is
1074 2490 1311 2529 interfectus
1332 2488 1422 2528 suit.
1482 2490 1588 2527 Pro-

109 2550 202 2590 inde
240 2551 347 2591 idem
374 2551 539 2591 videtur
578 2565 669 2590 cum
697 2551 837 2599 Claro,
878 2549 947 2601 qui
974 2547 1109 2586 Flacci
1144 2547 1297 2596 collega
1327 2545 1396 2583 hic
1423 2545 1589 2583 dicitur.

112 2606 292 2647 Falconis
323 2609 591 2648 meminerunt
621 2607 896 2660 Capitolinus,
938 2606 1011 2643 Dio
1035 2602 1144 2656 apud
1171 2602 1427 2655 xiphilinum
1457 2609 1496 2641 et
1514 2602 1588 2640 Va-

113 2663 277 2713 lesium,
310 2671 350 2704 et
365 2666 574 2705 Zonaras
563 2680 603 2704 111
626 2665 846 2704 Pertinace.

231 2723 324 2771 Pag.
353 2722 450 2766 493.
481 2726 519 2766 8.
577 2718 770 2788 Εσφαγη,
787 2719 880 2772 etc.]
902 2717 1100 2769 Georgius
1117 2713 1396 2754 Hamartolus
1384 2727 1429 2751 111
1440 2712 1587 2753 Chron.

117 2774 198 2814 MS.
224 2782 267 2815 et
297 2776 454 2817 Jo'elus:
483 2778 553 2820 καὶ
579 2775 737 2832 ἐσφαγη
773 2774 857 2818 vad
884 2773 1229 2827 κουβικουλαρίου
1261 2772 1320 2821 εἰς
1349 2785 1426 2822 την
1449 2769 1588 2826 πηγὴν

115 2834 189 2872 τοῦ
210 2835 415 2875 Παλατίου
431 2838 603 2888 θεωρων
620 2851 715 2883 τους
737 2829 900 2886 ἰχθύας.
959 2831 1038 2870 Sed
1066 2830 1175 2869 unde
1204 2829 1232 2866 ii
1261 2828 1362 2867 haec
1378 2826 1587 2866 hauserint
1638 2863 1645 2867 .

114 2889 333 2929 incertum·
363 2897 473 2931 certe
490 2891 648 2931 Didium
669 2891 869 2930 sulianum
894 2901 1051 2928 caesum
1073 2888 1115 2926 in
1139 2886 1314 2935 Palatio,
1342 2898 1426 2925 non
1446 2898 1469 2924 a
1488 2885 1587 2935 suis,
