1884 3262
598 176 681 217 AD
708 175 1117 218 RENAUDOTUM.
1533 182 1593 226 71

132 300 171 332 et
196 292 340 343 igneis,
371 291 542 330 decorus
573 296 754 341 aspectu,
795 289 924 328 forma
959 289 1133 342 denique
1161 290 1521 343 praestantissima,
1559 298 1597 330 et

130 349 260 401 specie
287 347 459 387 liberali.
527 346 694 397 Sanguis
731 352 770 384 et
801 345 893 384 bilis
928 345 969 383 in
997 360 1043 384 eo
1076 346 1380 398 praevalebant,
1425 347 1597 387 mirabili

129 405 415 457 temperatione
438 403 490 442 ad
518 416 674 442 morum
703 401 934 442 facilitatem
961 408 999 440 et
1018 403 1243 442 comitatem
1267 409 1307 443 et
1331 403 1383 442 ad
1403 404 1599 442 excellen-

130 462 224 500 dum
254 462 296 499 in
325 461 372 500 iis
400 458 541 499 studiis
566 460 609 498 in
644 458 788 511 quibus
823 471 866 498 se
903 460 1094 499 exercuit.
1164 460 1388 499 Robustum
1419 460 1461 499 in
1485 461 1599 499 tenui

129 518 347 569 gracilique
367 531 537 569 corpore
557 517 678 556 fuisse
694 515 794 554 haec
822 529 885 554 res
902 515 1048 566 probat
1066 516 1173 566 quod
1190 516 1231 555 in
1251 516 1597 566 ambulationibus,

129 574 385 626 quantumvis
419 574 567 624 longis,
617 587 667 612 ne
702 572 746 610 in
776 577 923 611 aestate
958 571 1119 623 quidem
1154 573 1416 624 fatigabatur,
1467 586 1598 625 neque

128 631 300 682 quietem
329 631 530 683 poscebat.
587 629 743 681 Opibus
771 628 902 667 nimiis
928 641 1009 666 non
1032 628 1249 679 gaudebat,
1280 630 1483 681 speciosae
1503 643 1599 668 con-

126 688 316 738 tigerant;
354 701 480 738 neque
505 699 681 738 unquam
712 686 883 738 majores
918 685 1172 737 concupivit,
1214 687 1402 724 dictitans
1429 686 1478 725 iis
1503 700 1598 724 con-

125 751 282 783 tentum
312 757 396 782 esse
427 739 571 782 debere
599 741 800 781 hominem
830 741 1034 780 literatum
1059 755 1161 793 quae
1179 742 1330 781 victum
1352 748 1391 781 et
1409 744 1596 782 vestitum

127 801 268 840 darent
291 800 510 839 liberaliter
533 805 573 838 et
591 805 774 852 sumptus
795 799 846 837 ad
871 798 1058 837 emendos
1083 799 1224 838 libros.
1283 798 1466 848 Amicos,
1497 812 1598 850 quos

124 858 274 896 multos
300 855 490 908 habebat,
520 870 571 895 ex
588 856 720 894 animo
742 855 916 904 amabat,
947 855 1200 894 observantia
1220 861 1260 894 et
1280 854 1424 893 officiis
1447 855 1599 894 retine-

127 916 206 952 bat.
262 913 467 962 Inimicus,
499 913 654 965 siquos
671 911 830 960 habuit,
861 912 1108 963 contempsit.
1167 912 1267 950 Toto
1292 911 1398 950 vitae
1418 917 1599 963 tempore

126 970 366 1022 aequabilis,
404 969 505 1008 nulli
531 969 745 1018 molestus,
776 967 877 1006 nulli
905 968 1060 1018 gravis,
1097 973 1227 1006 totum
1258 981 1299 1006 se
1323 967 1520 1020 praebens
1547 968 1598 1005 iis

126 1027 196 1078 qui
223 1027 307 1077 ejus
337 1040 452 1078 opem
480 1026 772 1078 implorabant,
814 1024 931 1064 facile
958 1025 1254 1063 communicans
1271 1025 1426 1063 fructus
1441 1024 1598 1063 studio-

124 1096 215 1122 rum
242 1096 428 1134 suorum,
467 1089 507 1123 et
534 1082 587 1122 ad
621 1083 724 1122 bene
753 1081 987 1122 merendum
1022 1095 1140 1134 quam
1174 1081 1466 1134 reposcendum
1495 1094 1596 1133 pro-

156 1153 300 1180 enslor.

123 1154 152 1192 P
236 1196 402 1235 Factum
417 1201 487 1245 est,
516 1193 660 1234 Eusebi
681 1191 917 1244 clarissime,
947 1193 1058 1245 quod
1076 1194 1294 1246 imperasti.
1351 1192 1480 1231 Habes
1496 1192 1599 1230 ima-

124 1253 254 1304 ginem
281 1252 382 1290 senis
413 1252 552 1304 optimi
581 1264 670 1290 meo
699 1251 888 1303 penicillo
915 1250 1201 1290 adumbratam.
1257 1250 1390 1289 Habes
1414 1249 1505 1288 heic
1522 1262 1598 1287 ex-

122 1323 259 1361 pressa
289 1309 397 1360 signa
421 1309 617 1347 virtutum
645 1308 744 1358 ejus.
801 1308 852 1346 Et
880 1320 1120 1358 quamquam
1146 1307 1342 1346 monitore
1371 1319 1453 1344 non
1484 1304 1600 1343 indi-

124 1378 235 1416 geas,
266 1366 414 1416 quippe
440 1365 509 1416 qui
536 1363 713 1415 quotidie
741 1363 923 1414 exempla
955 1363 1057 1401 bene
1082 1363 1247 1402 vivendi
1271 1362 1440 1414 praebes
1458 1362 1508 1400 iis
1528 1361 1599 1412 qui

123 1428 269 1460 rectam
292 1421 467 1459 semitam
484 1421 598 1471 sequi
614 1420 778 1467 volunt,
807 1418 952 1457 hortor
979 1425 1110 1457 tamen
1130 1426 1170 1457 te
1198 1425 1246 1456 ut
1263 1431 1421 1470 semper
1438 1417 1598 1456 intuea-

123 1478 179 1517 ris
197 1479 238 1516 in
256 1477 358 1515 hanc
388 1478 614 1526 imaginem,
644 1488 798 1526 semper
823 1474 930 1513 illius
955 1475 1181 1514 memineris
1199 1474 1267 1526 qui
1291 1480 1332 1514 te
1351 1480 1391 1513 et
1410 1473 1597 1525 diligebat

126 1541 166 1573 et
188 1534 352 1587 plurimi
372 1533 553 1573 faciebat.
614 1531 722 1571 Vale.

440 1643 621 1683 Lutetiae
641 1641 883 1681 Parisiorum
901 1640 1000 1681 Kal.
1024 1641 1231 1682 Novembr.
1253 1655 1541 1681 MDCLxxxviu.

167 2116 644 2180 CATALOGUS
677 2114 1093 2173 LIBRORUM
1131 2113 1554 2172 EDITORUM
1618 2137 1649 2170 v
1679 2135 1724 2172 47

263 2234 294 2268 A
317 2229 456 2266 VIRO
480 2226 845 2264 CLARISSIMO
870 2226 1102 2261 CAROLO
1125 2225 1201 2260 DU
1225 2225 1459 2260 FRESNE

574 2306 818 2342 DOMINO
840 2304 921 2340 DU
945 2303 1156 2339 CANGE.

239 2492 413 2532 Histoire
443 2491 491 2530 de
520 2491 561 2528 la
588 2489 813 2540 Conqueste
847 2487 896 2526 de
932 2485 1255 2538 Constantinople
1281 2485 1490 2536 composee
1521 2499 1592 2536 par

130 2551 379 2601 Geoffroy
408 2549 467 2587 de
495 2546 605 2586 Vill
618 2546 709 2585 e-H
723 2545 845 2584 ardo
858 2546 968 2592 uin,
1001 2557 1097 2581 avec
1116 2543 1154 2580 la
1175 2542 1278 2581 suite
1290 2542 1501 2593 composee
1518 2555 1593 2592 par

127 2606 229 2645 Phili
232 2620 331 2659 ppes
359 2605 558 2644 Mouskes.
617 2603 663 2641 A
682 2603 793 2643 Paris
819 2599 866 2638 de
886 2597 1155 2652 Z'Imprimerie
1176 2597 1334 2652 Royale
1361 2597 1482 2639 1657.
1505 2595 1590 2650 fol.

238 2663 371 2702 Traite
392 2661 624 2712 Historique
645 2659 701 2697 du
722 2658 823 2696 Ghes
839 2657 886 2695 de
916 2655 1059 2694 Saint
1085 2655 1102 2692 J
1115 2668 1204 2694 ean
1233 2656 1266 2693 B
1278 2669 1299 2693 a
1312 2653 1488 2706 ptiste.
1545 2652 1592 2691 A

129 2717 244 2758 Paris
262 2719 352 2758 chez
370 2717 570 2757 Sebastien
591 2714 793 2768 Cramoisy
820 2713 939 2755 1665-
970 2710 1027 2752 4⁰.

241 2775 412 2813 Histoire
446 2775 495 2812 de
524 2773 674 2811 Saint
700 2772 859 2809 Louis
889 2770 958 2807 IX.
989 2768 1045 2806 du
1073 2781 1184 2816 nom,
1225 2767 1311 2818 Roy
1345 2765 1395 2803 de
1422 2765 1588 2813 Franoe,

131 2831 252 2871 ecrite
279 2845 355 2884 par
390 2830 512 2869 Jean
541 2830 652 2868 Sire
683 2828 740 2867 de
768 2825 1038 2873 Joinville,
1080 2837 1176 2862 avec
1208 2823 1277 2861 des
1309 2821 1589 2860 Observations
