1884 3262
578 198 847 241 CHRONICI
883 200 1190 244 PASCHALIS.
1550 201 1647 249 133

158 307 278 346 zantii
319 306 566 360 Episcopum
616 309 894 349 constituerat.
962 310 1145 350 Andreas
1193 311 1345 364 quippe
1370 313 1425 350 .in
1472 311 1648 354 Pontum

158 365 388 418 trajiciens,
436 365 641 418 Byzantiis
683 366 885 406 Christum
930 369 1168 408 annuntiare
1218 368 1414 410 decrevit.
1476 369 1530 408 At
1555 384 1648 410 cum

157 436 202 462 ea
239 427 477 475 tempestate
515 423 579 461 vir
618 423 763 474 insigni
806 425 1049 465 crudelitate
1083 425 1318 478 Zeuxippus
1357 427 1492 466 locum
1529 427 1647 468 illum

157 485 242 519 tum
285 486 471 531 regeret,
518 486 721 532 quotquot
768 495 820 521 ex
873 482 1041 521 advenis
1084 483 1326 535 Byzantium
1376 484 1646 539 appellebant,

157 537 394 590 priusquam
427 537 755 588 ingrederentur,
787 553 839 577 an
870 538 1074 579 Christum
1105 541 1288 579 colerent
1315 541 1511 593 rogabat,
1543 555 1646 596 per-

156 594 277 633 misso
323 600 463 647 postea
505 595 538 632 si
578 567 772 646 negarent
813 595 925 635 urbis
963 597 1158 648 ingressu.
1220 598 1262 635 Si
1299 611 1398 637 vero
1438 597 1643 640 Christum

148 651 356 704 quispiam
388 651 649 691 confiteretur
667 683 679 702 ,
725 653 932 693 confestim
966 655 1007 693 in
1039 654 1201 692 vincula
1233 654 1557 722 conjiciebatur,
1595 671 1644 697 ac

155 708 301 748 deinde
338 709 508 763 pedibus
545 709 811 762 manibusque
847 711 981 762 ligatis
1011 710 1054 749 in
1093 725 1203 750 mare
1232 713 1496 764 plaecipitari
1524 689 1645 767 jiibe-

154 766 287 805 batur.
348 766 437 814 Qua
481 766 642 818 quidem
682 767 820 805 audita
862 768 1126 819 crudelitate,
1177 769 1419 820 Byzantium
1457 777 1640 822 praeter-

154 823 343 875 navigans
374 822 575 872 Andreas,
606 823 647 861 in
677 837 722 862 ea
753 824 948 864 Thraciae
978 832 1116 878 parte,
1159 839 1264 878 quae
1294 827 1491 879 Byzantio
1522 828 1643 881 adja-

155 886 242 930 cet,
293 881 426 919 stadio
457 881 620 920 circiter
650 894 732 919 uno
764 882 812 920 ab
845 883 1117 935 Argyropoli,
1156 897 1231 935 per
1259 883 1464 923 biennium
1495 886 1644 925 consti-

153 939 224 988 tit,
268 945 409 978 coacto
447 938 533 977 illic
569 938 668 988 legis
708 952 755 977 ac
798 940 981 979 veritatis
1022 941 1240 979 amantium
1269 939 1478 980 hominum
1509 949 1642 985 coetu.

155 995 319 1034 Duobus
348 995 472 1047 igitur
501 995 666 1035 circiter
702 996 881 1036 millibus
917 997 975 1036 ibi
1005 997 1186 1036 collectis
1206 1027 1218 1047 ‚
1259 1004 1475 1051 erectoque
1506 999 1640 1052 Argy-

151 1054 287 1106 ropoli
317 1053 478 1092 Christo
510 1053 651 1102 altari,
686 1067 733 1091 ac
763 1054 915 1107 Stachy
945 1055 1165 1094 constituto
1195 1055 1426 1108 Episcopo,
1462 1057 1641 1109 Sinopen

153 1111 270 1150 Ponti
306 1111 499 1164 perrexit.
557 1110 724 1149 Exactis
765 1118 897 1151 autem
929 1126 950 1150 a
982 1111 1134 1165 Stachy
1172 1111 1216 1149 in
1244 1113 1493 1165 Episcopatu
1525 1115 1640 1154 annis

149 1168 343 1216 sedecim,
375 1168 411 1207 ei
439 1167 634 1207 successit
664 1168 899 1218 Onesimus,
929 1169 1046 1222 cujus
1075 1168 1258 1209 meminit
1286 1169 1436 1209 Paulus
1458 1171 1642 1223 Aposto-

148 1226 214 1265 lus
247 1226 288 1265 in
318 1225 500 1279 Epistola
531 1225 584 1264 ad
616 1225 889 1266 Philemonem
900 1241 912 1277 3
965 1241 1139 1279 cumque
1170 1241 1217 1266 eo
1249 1234 1352 1267 esset
1380 1228 1543 1267 functus
1574 1229 1638 1267 of-

147 1283 240 1322 ficio
271 1297 346 1336 per
376 1297 501 1322 annos
532 1283 870 1334 quatuordecim,
919 1297 1011 1323 cum
1044 1285 1116 1324 illo
1158 1284 1409 1338 Polycarpus
1451 1286 1636 1338 Byzantii

147 1341 372 1394 Episcopus
401 1340 622 1379 triennium
653 1341 932 1380 constituitur:
964 1355 1046 1393 quo
1077 1347 1170 1395 post
1200 1341 1336 1381 decem
1369 1348 1408 1381 et
1438 1349 1530 1382 octo
1560 1358 1636 1382 an·-

149 1412 223 1437 nos
253 1401 459 1446 extincto,
497 1396 785 1450 Episcopatum
816 1398 986 1451 adeptus
1017 1405 1076 1437 est
1105 1398 1350 1438 Plutarchus
1368 1430 1379 1448 ,
1420 1400 1487 1438 cui
1521 1401 1635 1440 annis

147 1455 320 1495 sedecim
351 1454 531 1508 peractis
550 1482 560 1501 ‚
602 1454 800 1494 Sedecion
828 1469 1037 1505 successor
1067 1455 1357 1507 substituitur,
1402 1470 1479 1509 per
1509 1472 1636 1497 annos

147 1512 450 1553 novemdecim:
488 1517 584 1564 post
622 1526 739 1564 quem
790 1513 984 1565 Diogenes
1026 1527 1131 1551 anno
1176 1512 1438 1552 Pontificatus
1477 1513 1636 1554 decimo

148 1571 291 1623 quinto
321 1570 446 1608 vitam
477 1569 610 1621 exuit3
642 1575 736 1622 post
765 1569 902 1620 hunc,
942 1570 1076 1610 sedem
1107 1570 1390 1623 Episcopalem
1422 1570 1636 1612 obtinuere

145 1627 404 1667 Eleutherius
433 1641 509 1680 per
539 1632 716 1679 septem,
746 1627 862 1667 Felix
885 1627 1031 1667 deinde
1052 1641 1127 1681 per
1150 1627 1353 1680 quinque,
1384 1642 1430 1666 ac
1461 1628 1637 1681 denique

147 1686 402 1737 Polycarpus
438 1698 515 1737 per
545 1698 670 1722 annos
710 1683 916 1725 tredecim.
978 1684 1134 1724 Horum
1164 1698 1335 1737 corpora
1364 1685 1406 1724 in
1435 1686 1637 1738 sepulcris

144 1742 315 1795 lapideis
345 1741 414 1780 hic
442 1740 655 1781 recondita
684 1748 800 1791 sunt,
830 1749 878 1782 ut
909 1748 950 1781 et
977 1742 1159 1781 Nataliae
1189 1755 1362 1794 corpus,
1395 1748 1435 1782 et
1464 1743 1638 1783 Adriani

147 1800 218 1853 qui
248 1806 386 1852 postea
414 1798 656 1851 Martyrium
695 1798 832 1840 subiit.
890 1799 937 1838 In
968 1799 1049 1839 alio
1079 1813 1179 1839 vero
1220 1799 1450 1839 conditorio
1481 1801 1635 1840 tumul-

144 1856 274 1897 tuarie
303 1863 391 1896 tum
421 1857 550 1905 facto,
578 1855 775 1895 tredecim
805 1857 1027 1909 Martyrum
1058 1855 1253 1909 reliquiae
1285 1857 1492 1910 depositae
1522 1864 1636 1897 sunt:

143 1915 187 1953 in
217 1928 309 1953 arca
340 1920 474 1958 autem
504 1913 695 1966 plumbea
724 1914 835 1953 solus
877 1913 1090 1967 depositus
1132 1919 1194 1953 est
1224 1913 1424 1953 Adrianus
1454 1915 1636 1955 Nataliae

143 1972 234 2022 vir,
272 1985 373 2023 quae
417 1970 580 2024 quidem
620 1971 807 2023 sepulcra
846 1971 979 2011 omnia
1015 1985 1145 2024 usque
1183 1970 1234 2009 ad
1271 1970 1421 2011 haecce
1449 1977 1634 2025 tempora

144 2035 334 2082 prostant
366 2028 408 2067 in
438 2028 700 2067 subterraneo
731 2035 847 2068 antro
868 2059 879 2079 ‚
926 2028 969 2067 in
1009 2042 1088 2081 quo
1130 2028 1256 2066 altare
1288 2029 1419 2068 erexit
1454 2029 1632 2069 Andreas

145 2085 381 2140 Apostolus.
439 2084 653 2124 Enimvero
692 2099 830 2125 eorum
864 2086 936 2138 qui
972 2085 1015 2123 in
1055 2085 1260 2124 Christum
1290 2086 1485 2135 credunt,
1534 2088 1635 2138 plu-

143 2144 248 2183 rimo
288 2148 434 2183 coacto
474 2147 616 2190 coetu,
658 2149 891 2194 cessataque
919 2149 1011 2195 post
1039 2142 1236 2195 Zeuxippi
1266 2142 1420 2182 obitum
1449 2143 1635 2194 Byzantii

143 2200 386 2254 tyrannide,
434 2213 527 2238 cum
557 2198 628 2250 qui
658 2199 904 2252 Argyropoli
937 2199 1136 2239 Ecclesiae
1166 2205 1381 2252 praeerant
1410 2200 1633 2240 multorum

142 2259 327 2298 locorum
358 2262 489 2296 essent
521 2262 750 2308 compotes,
782 2263 821 2295 et
853 2256 1073 2296 Gentilium
1103 2270 1151 2295 ac
1180 2255 1422 2295 Judaeorum
1452 2257 1633 2310 impres-

144 2316 274 2355 siones
305 2315 496 2366 defugere
525 2318 778 2364 satagerent,
806 2318 848 2351 in
877 2313 1177 2352 mediterraneis
1203 2312 1320 2365 juxta
1343 2313 1631 2367 Argyropolim

144 2373 264 2412 aliam
293 2376 510 2412 erexerunt
539 2370 788 2420 Ecclesiam,
834 2383 950 2422 quam
981 2376 1123 2422 postea
1154 2370 1437 2410 Constantinus
1466 2371 1632 2424 Magnus

143 2430 390 2484 Insperator,
426 2429 471 2467 in
500 2428 635 2467 crucis
663 2427 831 2479 figuram
862 2427 1082 2466 confectam
1117 2427 1357 2480 ampliorem
1387 2428 1505 2476 fecit,
1536 2442 1630 2468 cum

144 2487 188 2525 in
215 2486 294 2527 hac
325 2499 475 2539 corpus
504 2499 621 2524 suum
650 2484 956 2524 recondendum
986 2483 1243 2525 decrevisset.
1290 2483 1440 2524 Verum
1469 2486 1629 2538 Byzan-

145 2544 205 2584 tio
246 2545 436 2597 majorem
473 2542 782 2596 amplitudinem
824 2547 944 2581 nacto
964 2571 975 2591 ,
1023 2541 1094 2593 qui
1131 2541 1391 2581 Constantino
1431 2535 1630 2582 adhaere-

144 2601 264 2647 bant,
295 2602 586 2653 Imperatorum
617 2613 792 2652 corpora
824 2605 936 2638 extra
968 2598 1108 2637 urbem
1148 2598 1308 2637 minime
1338 2612 1423 2638 esse
1453 2599 1630 2639 transfe-

146 2658 272 2697 renda
307 2656 522 2710 subjecere.
579 2656 696 2696 Unde
726 2657 842 2695 locus
884 2656 986 2694 alius
1028 2655 1080 2694 ad
1120 2655 1413 2707 Imperatorum
1443 2657 1628 2709 sepulcra

146 2721 286 2767 postea
314 2715 496 2754 delectus
526 2720 596 2753 est.
655 2713 834 2752 Ecclesia
864 2719 997 2752 autem
1027 2712 1096 2751 illa
1127 2712 1299 2751 fortibus
1329 2713 1435 2762 illis,
1473 2728 1519 2753 ac
1548 2713 1629 2767 piis

148 2771 191 2810 in
227 2772 315 2825 lege
355 2778 507 2824 septem
546 2770 683 2824 pueris
733 2777 771 2810 et
809 2769 1000 2811 Eleazaro
1041 2769 1227 2810 Pontifici
1267 2769 1455 2823 deinceps
1495 2769 1628 2811 dicata
