1832 3276
276 209 376 259 552
742 207 1264 255 ANIMADVERSIONES

215 331 259 364 10
283 322 404 366 vixit,
445 321 619 372 suspicio
661 320 822 370 cadere,
863 320 930 360 ubi
961 320 1010 359 de
1038 319 1323 359 Melchisedece
1354 319 1432 371 agit
1461 333 1563 359 anno
1592 332 1731 360 mxxiv.

276 376 489 416 Abrahami
517 390 558 415 se
588 376 685 416 dicit
713 383 852 416 auctor
881 377 1008 416 Salem
1038 377 1174 415 vicum
1202 376 1359 415 vidisse.

388 433 610 472 Laudatum
651 440 713 472 est
749 432 829 472 hoc
859 433 1082 472 Chronicon
1120 433 1168 471 ab
1199 433 1324 472 nostri
1354 432 1501 470 saeculi
1531 431 1735 484 scriptori·

275 490 375 541 bus,
407 490 550 529 Carolo
575 490 737 541 Sigonio
765 490 937 542 primum
962 490 1004 529 in
1034 487 1249 531 comment.
1279 489 1330 528 ad
1355 489 1490 528 Fastos
1519 494 1558 527 et
1585 488 1735 527 trium-

276 545 377 598 phos
396 547 673 586 Romanorum.
730 546 827 595 Nos,
854 546 996 598 inquit,
1025 546 1260 598 Dionysium
1290 546 1418 585 secuti
1437 557 1586 593 sumus,
1616 557 1734 596 quem

274 603 383 640 Fasti
416 602 576 654 quidam
607 603 834 642 consulares
865 604 1012 641 Graece
1047 603 1208 655 scripti,
1250 608 1369 654 atque
1407 615 1457 640 ex
1496 600 1628 639 Sicilia
1664 599 1736 654 (ut

277 658 425 713 audio)
464 659 645 708 advecti,
685 665 725 698 et
753 659 820 698 alii
851 660 965 698 etiam
995 660 1143 708 Latini,
1183 672 1285 711 quos
1322 658 1417 697 citat
1455 656 1735 710 Cuspinianus,

278 720 516 767 sequuntur:
547 716 589 754 in
620 715 764 768 quibus
794 716 972 754 consules
999 715 1186 767 deinceps
1215 715 1482 763 collocantur,
1524 713 1736 764 cognomi-

274 772 392 823 nibus
421 785 558 811 eorum
587 778 743 814 tantum
773 772 900 811 allatis
928 771 1004 810 hoc
1032 773 1151 810 modo
1180 766 1362 824 Βρούτου
1383 770 1451 811 καὶ
1476 770 1734 811 Κολλατίνου.

275 827 470 873 Panvinio
501 828 665 877 deinde,
706 829 775 880 qui
803 828 844 867 in
874 829 1047 880 generali
1074 828 1317 881 praefatione
1355 826 1745 866 Commentariorum

277 883 328 922 ad
356 884 386 922 F
388 890 495 923 astos
523 885 580 923 ita
609 883 768 923 scribit:
814 883 1034 924 Novissimus
1061 887 1213 923 omnium
1240 897 1284 922 ex
1310 886 1489 935 antiquis,
1518 885 1581 935 qui
1606 882 1736 922 Fastos

275 941 494 990 consulares,
529 942 621 993 quod
647 943 777 990 sciam,
811 943 1009 994 scripserit,
1043 946 1094 980 est
1121 942 1216 980 alius·
1243 943 1316 979 sine
1342 943 1475 978 nomine
1502 943 1646 989 auctor,
1675 941 1739 992 qui

274 999 311 1035 in
338 997 536 1037 universali
564 998 731 1036 Chronico
759 1011 784 1035 a
810 1011 846 1035 se
875 999 1010 1037 Graece
1045 1001 1238 1049 conscripto
1277 997 1465 1035 Consulum
1507 1010 1639 1048 quoque
1674 1010 1736 1035 no-

273 1055 370 1093 mina
397 1054 534 1103 adjecit
562 1055 608 1093 ab
636 1056 772 1092 exactis
800 1056 941 1104 regibus
969 1054 1018 1092 ad
1040 1057 1194 1105 primum
1220 1053 1387 1092 Heraclii
1414 1052 1641 1104 Imperatoris
1670 1066 1738 1091 an-

56 1110 200 1144 ‘Codex
209 1111 372 1148 Au·num.
430 1111 469 1148 Is
508 1111 594 1148 liber
620 1111 638 1129 ¹*
674 1113 920 1150 vetustissimis
956 1111 1069 1148 literis
1106 1114 1276 1149 exaratus
1303 1112 1463 1148 inventus
1492 1113 1543 1147 est
1570 1111 1608 1147 in
1636 1108 1738 1147 Sici-

86 1161 254 1201 gustanus
276 1165 352 1214 lia,
396 1168 435 1204 in
474 1169 626 1218 antiqua
663 1167 869 1205 bibliotheca
897 1181 921 1205 a
949 1167 1163 1219 Hieronymo
1192 1166 1323 1204 Surita
1337 1194 1349 1214 ,
1397 1178 1566 1216 operaque
1591 1165 1739 1205 Antonii

55 1206 473 1282 fimssfffitssssjAugustini
498 1223 615 1261 Rotae
643 1223 820 1262 auditoris
840 1223 984 1275 factum
1012 1228 1074 1273 est,
1102 1227 1144 1261 ut
1170 1223 1248 1271 eJ'us
1275 1223 1360 1260 libri
1381 1235 1466 1273 pars
1494 1223 1590 1260 nobis
1615 1225 1736 1260 trans-

56 1260 491 1340 rfscriptusfflitteretur,
522 1292 612 1331 quae
644 1280 798 1318 consules
826 1281 1032 1319 continebat.
1092 1280 1207 1328 Cujus
1234 1279 1373 1317 auxilio
1401 1278 1549 1317 multum
1576 1279 1736 1318 subleva-

275 1339 334 1373 tus
361 1348 438 1374 sum
467 1337 504 1374 in
532 1336 588 1373 his
606 1335 720 1386 fastis
748 1337 1007 1376 concinnandis.
1736 1377 1742 1384 ,

253 1390 255 1399 ’
386 1391 496 1430 Idem
525 1391 592 1430 lib.
624 1396 663 1435 2.
693 1392 859 1444 praefat.
918 1392 1014 1432 Nam
1047 1394 1192 1441 Orosio,
1223 1391 1451 1439 Cassiodoro,
1479 1394 1513 1428 et
1540 1390 1664 1430 Fastis
1690 1393 1738 1430 il-

273 1449 319 1486 lis
349 1448 497 1487 Graecis
526 1462 638 1500 nuper
665 1448 816 1487 Romam
845 1463 888 1487 esc
919 1449 1051 1488 Sicilia
1079 1451 1152 1487 viri
1179 1449 1411 1487 eruditissimi
1436 1447 1584 1486 Antonii
1607 1449 1736 1499 Augu-

273 1507 362 1543 stini
393 1518 498 1556 opera
525 1505 714 1554 adductis,
751 1510 784 1543 et
823 1506 960 1557 quidem
991 1506 1292 1558 depravatissimi-s
1320 1508 1458 1542 tantum
1485 1517 1571 1542 usus
1597 1518 1674 1544 sum
1700 1507 1738 1544 in

275 1561 481 1599 ordinandis
509 1562 718 1600 consulibus.

386 1618 438 1656 Et
464 1617 531 1655 libi
566 1620 603 1660 3.
633 1618 800 1669 praefat.
859 1616 955 1656 Nam
993 1631 1102 1669 usque
1131 1618 1181 1656 ad
1209 1616 1376 1655 Heraclii
1400 1616 1559 1666 Augusti
1584 1621 1740 1669 tempora

275 1673 382 1712 Fasti
411 1675 543 1712 Graeci
568 1674 719 1713 Antonii
743 1675 942 1724 Augustini
962 1678 994 1713 et
1021 1675 1232 1726 Hieronymi
1258 1672 1409 1711 Suritae
1437 1685 1541 1724 opera
1568 1687 1612 1712 ex
1641 1674 1740 1713 Sici-

277 1731 330 1768 lia
359 1732 396 1768 in
425 1732 542 1769 urbem
571 1731 713 1770 advecti
734 1732 919 1782 pertinent.
1531 1776 1535 1780 ,

211 1787 252 1821 11
393 1786 543 1834 Quanti
577 1787 681 1826 idem
715 1786 857 1826 fecerit
894 1786 1129 1838 Sylburgius
1168 1791 1336 1824 testatur
1375 1783 1483 1837 ipse,
1526 1786 1592 1837 qui
1631 1785 1739 1825 hunc

275 1842 404 1893 ipsum
437 1843 634 1892 codicem,
668 1857 782 1896 quem
814 1857 864 1881 ex
893 1843 1133 1882 bibliotheca
1163 1843 1390 1893 Augustana
1419 1840 1632 1891 habemus‘,
1669 1843 1740 1882 tri-

276 1898 381 1948 ginta
416 1913 487 1938 sex
524 1900 650 1938 aureis
679 1899 874 1938 solaribus
906 1914 926 1938 a
957 1914 998 1939 se
1027 1907 1194 1947 emtum,
1232 1904 1399 1937 testatus
1430 1904 1512 1949 est,
1547 1899 1740 1952 illumque

276 1955 323 1993 D.
352 1954 613 2004 Hoeschelio‚
650 1955 907 1995 Hoeschelius
935 1957 1099 2008 Reipub.
1128 1955 1284 1994 obtulit.

389 2011 606 2063 Descripsit
635 2012 728 2051 inde
753 2025 934 2063 magnam
965 2019 1118 2064 partem
1150 2011 1431 2058 casaubonus,
1469 2023 1588 2062 quam
1619 2010 1739 2048 Scali-

277 2081 344 2118 ger
380 2068 422 2105 in
461 2081 577 2107 suum
616 2075 840 2121 temporum
877 2068 957 2122 (an
997 2067 1233 2120 errorum‘2)
1282 2066 1512 2105 thesaurum
1557 2067 1740 2116 contulit,

276 2124 502 2176 Graeceque
541 2138 672 2178 nuper
711 2126 861 2178 primus
903 2125 1050 2174 edidit,
1101 2127 1235 2176 itaque
1278 2122 1503 2175 inscripsit:
1553 2120 1740 2176 Επιτομῆ

277 2176 433 2232 χρόνων
471 2177 552 2221 eino*
592 2178 712 2233 Λόἂμ
747 2185 819 2221 τοῦ
855 2178 1164 2234 πρωτοπλάστου
1203 2175 1427 2234 ἀνθρώπου
1467 2178 1538 2227 ἕως
1566 2176 1600 2219 κ’
1629 2178 1740 2228 ἔτους

276 2239 349 2288 τῆς
378 2237 579 2288 βασιλείας
607 2239 843 2290 Ηρακλείου.

391 2293 634 2344 Compendium
680 2299 866 2346 temporum
906 2296 1061 2333 auctoris
1088 2295 1300 2332 innominati
1324 2304 1502 2344 nunquam
1530 2296 1636 2331 antea
1663 2292 1738 2330 edi-

277 2353 361 2387 tum.
420 2349 474 2387 Ab
506 2350 640 2388 Adamo
661 2353 777 2400 primo
805 2352 938 2389 homine
962 2352 1012 2389 ad
1039 2347 1170 2389 annum
1199 2349 1290 2389 XX.
1315 2351 1456 2400 imperii
1478 2349 1646 2387 Heraclii
1661 2361 1738 2387 cum

138 2450 147 2459 .
280 2406 477 2444 consulibus
515 2420 597 2457 opus
635 2408 882 2455 utilissimum,
925 2420 1133 2459 quamquam
1163 2408 1340 2458 scriptoris
1370 2406 1501 2444 idiotae
1530 2418 1572 2442 ex
1600 2404 1738 2444 Biblio-

60 2451 384 2505 '‘MiroraR-theca
422 2463 458 2500 V.
492 2461 529 2500 C.
557 2461 682 2501 Isaaci
708 2463 917 2501 Casauboni.

59 2496 284 2586 ffizffiffgss
397 2518 655 2558 Commendat
689 2519 872 2571 pluribus
912 2519 1043 2558 verbis
1079 2518 1183 2557 idem
1225 2517 1303 2556 alio
1339 2517 1451 2565 loco,
1491 2528 1579 2554 cum
1620 2516 1737 2555 dicit:

60 2574 460 2633 praefatiunaeaeterum
498 2576 581 2614 huic
619 2578 715 2627 operi
750 2576 952 2613 Eusebiano
982 2580 1126 2627 propter
1155 2576 1390 2624 cognationem
1418 2575 1604 2621 materiae,
1648 2577 1738 2612 atte-

60 2635 136 2669 cula
145 2634 424 2680 praese-acuimus·
446 2634 598 2684 primum
628 2632 817 2671 Chronicon
847 2636 885 2656 **
910 2628 1138 2682 α’νώνυμον,
1174 2632 1321 2669 hominis
1350 2629 1485 2680 quidem
1509 2629 1643 2667 idiotae
1659 2643 1737 2667 cen-

71 2684 127 2715 sat
149 2691 268 2714 ¹¹⁰me¹¹
280 2691 412 2738 tonem,
453 2689 513 2726 sed
542 2702 585 2729 ex
614 2690 711 2727 bonis
739 2688 931 2740 aliquando
954 2691 1085 2740 pannis
1114 2691 1314 2733 consutum,
1353 2689 1556 2736 praesertim
1585 2699 1628 2724 ex
1655 2686 1738 2724 Eu·

70 2726 366 2814 {Zt'ffirfflg‘sebii
394 2749 427 2783 et
450 2745 619 2797 Africani
645 2745 814 2783 analectis
832 2747 1055 2783 instructum.
1113 2743 1242 2782 Fastos
1263 2742 1403 2780 Siculos
1421 2744 1558 2792 primus
1577 2745 1738 2790 omnium,

62 2828 120 2852 seu
132 2805 345 2852 Alexan-aut
376 2804 466 2839 inter
489 2805 620 2854 primos
647 2805 782 2840 vocavit
807 2805 909 2852 pater
946 2802 1111 2839 historiae
1153 2798 1332 2850 Onufrins
1372 2798 1567 2837 Panvinius
1605 2801 1739 2836 amicus

115 2864 224 2899 driae.
280 2862 405 2908 noster,
432 2861 515 2910 quia
542 2862 692 2910 primum
723 2861 758 2897 in
791 2858 921 2897 Sicilia
950 2859 1083 2897 inventi
1108 2859 1145 2895 in
1175 2857 1322 2894 aliorum
1353 2868 1476 2894 manus
1500 2860 1738 2907 pervenerunt.
