1884 3262
280 182 346 229 56
822 177 1227 219 PRAEFATIO.

283 299 441 333 rentur:
485 307 530 330 ac
551 291 720 341 denique
743 289 851 328 aliud
869 290 920 328 sit
941 296 1074 339 notas,
1105 290 1213 329 aliud
1237 291 1539 329 commentarios
1560 289 1743 331 scribere.

281 349 396 387 Unde
414 362 529 400 saepe
559 347 609 385 ad
628 346 908 396 Scaligerianas
934 347 974 386 in
995 345 1220 385 Chronicon
1237 346 1417 395 Eusebii‚
1448 360 1496 384 ex
1514 360 1592 398 quo
1613 348 1744 398 plera-

283 419 360 457 que
377 406 441 443 vel
465 411 569 442 certe
588 402 758 454 plurima
778 402 910 440 hausit
929 403 1114 455 scriptor,
1146 404 1333 441 lectorem
1355 402 1622 451 amandemus,
1652 417 1743 441 cum

280 463 323 500 in
344 462 392 499 iis
423 459 669 512 explicandis
687 459 749 496 vir
783 459 994 497 omniscius
1026 459 1124 498 nihil
1153 458 1351 507 omiserit,
1383 459 1525 509 quibus
1547 461 1661 497 etiam
1682 473 1748 497 eas

282 518 428 556 addere
458 517 603 555 Lector
628 515 776 566 poterit
807 529 903 567 quas
931 515 1129 554 Arnaldus
1160 516 1355 553 Pontacus
1384 514 1558 566 ejusdem
1587 515 1750 553 Eusebii

283 572 479 611 Chronico
511 571 711 620 subdidit3
752 577 795 609 ut
821 578 858 610 et
888 572 938 609 ad
968 572 1194 621 Petavium,
1239 570 1462 620 salianum,
1493 577 1750 622 caeterosque

283 628 475 681 ejusmodi
501 642 636 667 rerum
660 627 1035 678 Chronologicarum
1065 627 1242 666 eruditos
1261 634 1298 665 et
1320 633 1524 665 accuratos
1545 633 1751 665 scrutato-

283 700 370 733 res,
401 698 452 723 ex
473 685 615 735 quibus
637 683 670 721 si
694 683 791 734 quid
811 685 925 722 naevi
949 690 1017 722 aut
1037 683 1147 721 dubii
1174 684 1373 731 suboleat,
1405 683 1515 721 illius
1542 683 1748 721 enodatio-

284 756 372 779 nem
389 740 551 779 haurire
571 739 700 791 quivis
723 740 837 779 facile
857 740 993 792 possit.
1052 740 1272 791 Scriptores
1291 739 1438 791 quippe
1462 739 1531 790 qui
1549 739 1753 778 universa-

283 799 362 836 lem
382 797 586 847 historiam
616 796 861 847 aliquatenus
890 796 1229 847 complectuntur,
1262 795 1483 847 cujusmodi
1517 802 1610 833 sunt
1630 794 1751 834 Chro-

285 854 444 903 nologi,
493 854 561 904 qui
591 853 874 904 prolixioribus
906 853 1203 890 Commentariis
1233 852 1426 889 adornare
1457 852 1752 901 aggrederetur,

285 923 620 962 supervacaneam
638 922 685 946 ac
705 910 880 957 inanem,
913 909 976 947 vel
996 914 1100 946 certe
1116 909 1381 960 importunam
1402 907 1558 945 luderet
1576 921 1752 959 operam,

286 967 346 1004 uti
376 979 502 1017 nuper
531 965 754 1003 monuimus
782 965 823 1002 in
842 965 1090 1003 Praefatioue
1116 964 1165 1002 ad
1188 965 1346 1002 Joannis
1369 965 1545 1002 Zonarae
1564 963 1752 1011 Annales,

289 1036 381 1060 cum
402 1035 501 1073 quae
518 1022 546 1059 ii
566 1022 606 1059 in
625 1027 732 1059 tanta
751 1035 885 1059 rerum
906 1021 1096 1059 varietate
1116 1021 1193 1059 levi
1211 1034 1329 1058 manu
1354 1020 1537 1070 attigere,
1569 1020 1752 1071 pluribus

286 1079 405 1128 longe
422 1078 553 1116 verbis
579 1078 788 1116 enucleare
806 1091 963 1115 necesse
980 1076 1165 1123 haberet,
1196 1084 1234 1115 et
1258 1076 1627 1115 commentariorum
1647 1075 1754 1114 mole

288 1135 498 1182 lectorem,
530 1133 642 1186 cujus
658 1133 826 1172 fastidiis
850 1134 986 1185 potius
1008 1147 1125 1184 quam
1151 1133 1318 1171 aliorum
1339 1132 1518 1170 tarditati
1544 1145 1755 1171 occurren-

291 1190 386 1228 dum
404 1191 445 1228 in
462 1189 542 1228 hoc
564 1203 702 1240 genere
725 1196 797 1238 est,
818 1191 977 1240 penitus
999 1190 1195 1227 obrueret.
1255 1190 1475 1240 Eapropter
1495 1189 1620 1226 multa
1642 1201 1757 1241 prae-

289 1247 529 1285 termisimus
548 1260 597 1284 ex
617 1246 666 1283 iis
688 1259 788 1296 quae
809 1246 975 1283 fortasse
997 1246 1219 1296 potuissent
1241 1244 1451 1293 illustrari,
1481 1251 1525 1282 ut
1544 1252 1637 1282 sunt
1655 1258 1756 1296 quae

291 1317 427 1340 sacros
442 1302 568 1340 libros
594 1307 796 1353 spectant,
828 1308 947 1352 atque
975 1300 1017 1338 in
1046 1301 1181 1351 primis
1205 1301 1371 1338 Annales
1390 1300 1481 1338 illos
1503 1301 1756 1339 Ecclesiasti-

291 1372 358 1396 cos
382 1373 431 1397 ex
450 1357 572 1396 veteri
591 1358 864 1406 Testamento‚
897 1357 1005 1407 quod
1033 1357 1074 1394 id
1105 1356 1327 1406 argumenti
1359 1357 1481 1394 multa
1511 1370 1600 1394 cum
1624 1357 1759 1396 erudi-

289 1415 398 1452 tione
417 1414 574 1465 pridem
598 1419 884 1464 pertractatum
902 1412 953 1450 sit
976 1413 1026 1450 ab
1049 1412 1217 1451 eruditis
1234 1413 1341 1450 illius
1358 1413 1660 1464 interpretibus,
1689 1414 1759 1451 iis-

292 1484 368 1521 que
389 1471 457 1520 qui
479 1470 570 1508 data
592 1483 712 1520 opera
734 1469 948 1507 Historiam
971 1470 1132 1507 Sacram
1155 1469 1201 1506 ab
1227 1469 1314 1521 ipso
1334 1469 1473 1507 mundi
1493 1470 1655 1508 conditu
1686 1483 1759 1521 per

292 1540 486 1564 annorum
511 1525 672 1574 seriem,
711 1525 775 1564 vel
802 1525 917 1564 aliter
944 1534 1036 1564 sunt
1066 1526 1286 1576 persecuti,
1327 1527 1398 1577 qui
1422 1524 1522 1563 nihil
1551 1526 1633 1564 fere
1658 1527 1762 1565 inta-

293 1589 401 1620 ctum
418 1583 481 1620 vel
499 1582 735 1619 intentatum
765 1581 978 1633 reliquere.
1037 1581 1098 1619 Ab
1128 1582 1176 1619 iis
1206 1596 1299 1620 vero
1329 1595 1430 1633 quae
1454 1581 1759 1634 descriptionem

290 1639 405 1676 urbis
421 1638 902 1689 Constantinopolitanae,
933 1638 999 1676 vel
1019 1638 1125 1675 illius
1154 1638 1268 1676 aedes
1289 1652 1335 1676 ae
1354 1638 1534 1688 regiones
1553 1645 1758 1691 spectant:

293 1701 413 1744 atque
440 1694 537 1732 adeo
567 1708 587 1731 a
610 1694 964 1742 Graecobarbaris,
995 1701 1064 1732 aut
1089 1695 1292 1732 insolentis
1331 1695 1506 1732 notionis
1540 1695 1759 1745 vocabulis,

294 1751 438 1801 quibus
454 1751 601 1802 passim
620 1749 743 1788 hocce
764 1750 1005 1801 inspergitur
1025 1749 1270 1798 Chronicon,
1302 1751 1550 1789 illustrandis
1579 1752 1643 1790 vel
1664 1765 1759 1790 eno-

294 1806 436 1843 «landis
463 1807 642 1844 consulto
672 1807 955 1854 abstinuimus,
986 1820 1075 1845 cum
1109 1807 1218 1845 aliud
1250 1806 1351 1844 nihil
1375 1807 1488 1845 nobis
1513 1815 1760 1856 occurreret,

293 1862 402 1912 quod
432 1863 472 1899 in
494 1863 834 1914 Constantinopoli
855 1862 1098 1912 Christiana,
1129 1870 1168 1901 et
1187 1864 1229 1901 in
1254 1863 1455 1901 Glossario
1475 1864 1624 1902 mediae
1643 1870 1682 1902 et
1698 1864 1763 1902 in-

291 1918 405 1956 fimae
429 1919 662 1957 Graecitatis
696 1934 716 1957 a
749 1920 861 1957 nobis
891 1918 1082 1958 hactenus
1114 1920 1227 1958 editis
1246 1920 1486 1958 illustratum
1507 1921 1569 1959 vel
1587 1920 1762 1971 explica-

293 1981 378 2012 tum
411 1989 490 2012 non
514 1975 651 2023 fuerit,
692 1990 825 2014 rerum
868 1989 914 2014 ac
942 1976 1151 2014 verborum
1183 1976 1380 2014 duntaxat
1409 1977 1590 2015 confecto
1618 1976 1761 2026 indice,

295 2032 453 2080 quaein
481 2037 652 2081 utraque
680 2032 956 2070 lucubratione
985 2033 1122 2084 plene,
1154 2033 1316 2084 opinor,
1348 2039 1585 2083 pertractata
1618 2034 1761 2071 Lector

292 2087 475 2137 reperiet.
534 2087 645 2125 Notis
667 2089 813 2126 nostris
838 2088 966 2126 varias
987 2089 1176 2127 lectiones
1209 2095 1248 2127 et
1267 2088 1517 2139 conjecturas
1538 2089 1762 2127 eruditissi-

295 2144 349 2179 mi
378 2143 595 2191 Holstenii‚
636 2158 802 2194 quarum
838 2158 958 2196 supra
994 2146 1262 2194 meminimus,
1306 2145 1474 2184 subinde
1511 2146 1762 2194 inseruimus,

296 2212 375 2248 quo
393 2199 492 2237 nihil
519 2202 803 2250 praeteriretur
830 2215 878 2238 ex
896 2201 942 2238 iis
970 2202 1110 2252 quibus
1132 2201 1253 2239 hocce
1277 2200 1500 2239 chronicon
1521 2203 1644 2253 possit
1665 2202 1761 2240 illu-

296 2256 427 2292 strari.
487 2255 786 2307 Chronologicis
816 2270 912 2295 vero
942 2258 1130 2308 calculis,
1169 2257 1238 2309 qui
1268 2258 1446 2296 crebrius
1477 2259 1516 2296 in
1545 2273 1590 2297 eo
1614 2271 1762 2297 occur-

294 2317 389 2348 runt
419 2312 708 2363 expendendis,
738 2313 938 2351 interdum
974 2320 1013 2353 et
1032 2320 1152 2366 prout
1179 2327 1219 2351 se
1237 2327 1278 2352 se
1297 2314 1446 2352 obtulit
1465 2316 1620 2353 occasio
1638 2315 1763 2352 insti-

293 2366 434 2415 timus,
468 2381 542 2405 nec
560 2375 692 2406 tamen
725 2383 905 2420 semper,
935 2375 1019 2408 tum
1048 2370 1155 2421 quod
1176 2369 1276 2407 haec
1305 2371 1431 2422 majus
1453 2371 1576 2408 otium
1598 2385 1644 2408 ac
1666 2370 1762 2410 dili-

301 2436 396 2472 gens
427 2437 588 2462 examen
618 2425 853 2475 efflagitent,
895 2427 1038 2476 quibus
1071 2426 1340 2465 examinandis
1370 2427 1572 2465 immorari
1603 2427 1762 2466 minime

299 2479 444 2518 debere
473 2479 599 2518 visum
630 2488 713 2529 est,
744 2495 836 2519 cum
871 2483 965 2520 satis
994 2496 1077 2520 esse
1110 2482 1392 2521 arbitraremur
1420 2483 1453 2520 si
1483 2497 1584 2534 quae
1605 2484 1653 2521 ab
1676 2484 1762 2522 aliis

299 2535 468 2574 subinde
489 2543 618 2574 essent
650 2538 692 2574 in
719 2537 822 2576 hanc
848 2551 931 2576 rem
951 2545 1134 2577 annotata
1160 2538 1354 2577 duntaxat
1375 2539 1668 2589 indicarentur,
1695 2540 1762 2578 via

298 2593 552 2642 caeteroquin
576 2592 663 2630 aliis
681 2594 843 2643 relicta,
874 2608 952 2644 quo
981 2595 1116 2645 ignota
1147 2608 1167 2633 e
1193 2595 1274 2632 suis
1293 2595 1438 2633 loculis
1458 2594 1689 2647 proferant,
1715 2609 1762 2634 ac

180 2644 207 2676 V
231 2644 275 2680 37
299 2647 347 2684 iis
370 2649 598 2698 praesertim
622 2651 689 2699 qui
710 2650 750 2687 in
769 2649 878 2687 hisce
895 2650 1035 2687 studiis
1057 2665 1215 2703 operam
1235 2664 1345 2689 suam
1368 2652 1629 2691 collocarunt.
1685 2652 1765 2691 Sed

303 2711 341 2741 et
366 2718 513 2755 neque,
543 2711 589 2743 ut
614 2705 805 2745 fateamur
835 2706 943 2758 quod
972 2720 1037 2744 res
1071 2713 1150 2758 est,
1179 2721 1365 2746 numeros
1394 2708 1510 2746 toties
1539 2708 1765 2760 passimque

303 2760 525 2813 descriptos
557 2762 831 2814 scrupulosius
862 2762 911 2799 ad
947 2763 1122 2801 calculos
1151 2764 1453 2814 revocavimus,
1482 2765 1545 2803 vel
1565 2779 1614 2803 an
1641 2766 1684 2803 in
1703 2765 1766 2803 his

304 2823 444 2855 auctor
463 2818 528 2855 vel
552 2818 799 2870 antiquarius
829 2820 1074 2871 peccaverit,
1107 2821 1439 2870 examinavimus,
1470 2827 1638 2875 utraque
1664 2821 1768 2860 dun-

1852 110 1865 194 32⁴-ss
