1884 3262
270 204 376 253 264
850 206 888 249 N
924 207 965 250 Ο
1000 207 1037 249 Τ
1070 208 1104 249 Α
1137 207 1173 249 E

348 361 355 367 ,
393 318 485 365 Pag.
517 317 612 359 266.
641 319 682 358 2.
741 312 902 369 Κύρος]
931 317 993 356 Ex
1019 316 1181 356 Eusebii
1211 316 1359 357 Chron.
1389 316 1460 359 lib.
1488 332 1515 357 1.
1535 323 1575 357 et
1593 331 1639 356 11.
1674 316 1743 356 ubi

276 372 485 477 scallg'igcig.
516 430 611 469 267.
641 430 680 471 3.
740 428 993 481 Σιμωνίδης]
1024 429 1126 468 Vide
1155 430 1345 480 Scaliger.
1375 429 1426 468 ad
1444 429 1573 468 Euseb
1611 444 1650 482 p.
1672 432 1742 472 93.

275 484 344 523 ubi
363 490 401 522 et
419 485 469 522 de
490 483 677 534 Chilone,
707 484 953 538 Pythagora,
982 485 1254 539 Xenophane,
1284 485 1471 536 Thalete,
1500 486 1742 537 Theognide,

274 540 528 592 Pherecyde,
567 547 606 579 et
634 541 721 580 aliis
745 541 842 581 viris
870 541 1118 592 illustribus,
1152 556 1323 594 quorum
1345 541 1533 582 Chronici
1561 542 1742 595 Scriptor

276 611 326 635 ex
345 597 517 636 Eusebio
536 597 736 648 meminit,
767 599 818 638 de
839 598 983 651 quibus
1004 600 1122 638 etiam
1144 600 1305 652 copiose
1323 601 1406 638 suis
1425 600 1526 638 loeis
1547 612 1744 638 commen-

274 660 384 692 tatur
402 653 596 693 Salianus.

392 713 489 760 Pag.
516 713 614 753 268.
648 714 712 753 10.
776 713 809 752 Ο
837 710 878 761 ἐξ
906 707 1076 764 Αμύου]
1108 711 1197 761 Leg.
1223 712 1430 764 Εξαμίου,
1460 713 1519 751 uti
1547 712 1743 751 edidimus

276 780 327 806 ex
344 767 543 816 Eusebio,
572 767 644 805 ubi
664 768 864 819 Scaliger,
893 774 933 806 et
952 782 1001 806 ex
1028 768 1213 820 Syncello
1230 782 1271 820 p.
1289 771 1386 811 213.

392 826 486 874 Pag.
516 827 611 867 269.
644 824 708 866 15.
773 821 968 877 Τόμυρις]
1001 825 1061 862 Ex
1086 823 1275 875 Eusebio,
1296 825 1376 877 'Ubi
1397 826 1583 875 Scaliger.

393 883 488 930 Pag.
517 883 614 924 270.
648 883 689 922 9.
747 878 999 934 Καμβύσης]
1034 881 1099 920 Ex
1125 881 1267 920 Euseb.
1296 882 1371 920 ›ubi
1402 882 1611 923 adeundus
1637 882 1746 921 idem

273 936 379 977 Scali
407 949 460 974 er.
1123 942 1126 943 ⁷

381 950 485 1043 8Ρας.
516 995 611 1035 270.
644 991 715 1035 10.
773 995 807 1033 Ο
827 990 871 1034 δὲ
891 988 1032 1044 αὖτός]
1063 993 1209 1032 Eadem
1230 1001 1300 1033 aut
1319 994 1460 1033 similia
1479 993 1600 1034 habet
1621 996 1746 1033 Euse-

272 1050 364 1089 bius
391 1050 462 1088 lib.
481 1063 510 1088 1.
529 1048 680 1091 Chron.
701 1064 740 1103 p.
765 1053 834 1092 13.
853 1055 900 1087 ut
921 1055 960 1088 et
986 1051 1180 1101 Georgius
1205 1051 1414 1103 Syncellus
1435 1065 1485 1090 ex
1507 1052 1645 1091 eodem
1663 1052 1746 1090 Po-

272 1107 419 1159 lyaeno
438 1105 672 1145 Atheniensi
685 1133 697 1151 ,
729 1106 794 1144 cui
817 1108 1072 1158 Αμενῶφθις
1091 1106 1239 1145 dicitur
1260 1122 1299 1159 p.
1318 1107 1412 1150 151.

391 1165 484 1212 Pag.
512 1166 608 1205 270.
638 1165 706 1205 20.
764 1165 897 1211 Ετους
923 1162 1110 1216 δευτέρου
1131 1164 1331 1221 Δαρείου]
1360 1165 1424 1203 Ex
1448 1164 1618 1204 Eusebio
1651 1177 1745 1217 pag.

276 1221 371 1262 129.
393 1219 464 1257 ubi
486 1219 676 1270 Scaliger.
1748 1238 1752 1242 ’

393 1278 485 1325 Pag.
515 1279 613 1317 271.
645 1274 710 1317 15.
770 1269 966 1326 Κλήμης]
996 1266 1067 1313 Ex*
1091 1275 1261 1314 Eusebio
1283 1275 1351 1316 lib.
1371 1290 1398 1315 1.
1417 1291 1459 1329 p.
1479 1281 1545 1320 30.
1565 1277 1634 1316 ubi
1653 1277 1746 1317 Cle—

274 1331 417 1370 mentis
433 1332 548 1370 locus
565 1330 806 1377 adducitur,
836 1344 888 1369 ex
910 1344 1000 1383 pag.
1021 1334 1117 1374 331.
1139 1332 1233 1371 edit.
1254 1332 1379 1374 Paris.

387 1388 483 1427 Ibid.
545 1391 578 1428 O
603 1387 647 1428 ἐν
675 1389 735 1442 τῷ
759 1383 925 1443 πρώτῳ,
955 1388 1054 1440 etc.]
1097 1389 1241 1439 Scalig.
1269 1389 1376 1428 delet
1404 1387 1441 1431 6·
1486 1388 1594 1428 delet
1629 1390 1747 1429 etiam

274 1458 416 1482 vocem
445 1443 514 1484 καὶ
543 1445 798 1497 Αἰγυπτίων,
829 1457 949 1495 quam
967 1443 1090 1484 habet
1105 1445 1314 1486 Eusebius.
1369 1446 1504 1496 Infra,
1534 1445 1602 1487 καὶ
1624 1449 1748 1487 ταῦτα

275 1500 363 1553 μέν.
424 1500 569 1551 Scalig.
588 1497 688 1541 κατοὶ
707 1502 842 1540 ταῦτα.
1124 1508 1126 1510 ’
1329 1525 1331 1529 ,

391 1560 486 1607 Pag.
517 1560 614 1600 272.
649 1555 714 1598 14.
774 1552 1003 1609 Αρμόδιος]
1034 1558 1097 1596 Ex
1116 1557 1308 1608 Eusebio,
1337 1559 1406 1597 ubi
1433 1558 1621 1609 Scaliger.
1790 1557 1828 1574 '⁸

392 1616 487 1664 Pag.
517 1613 612 1656 274.
641 1613 680 1656 4.
740 1610 979 1663 Ελλάνικος,
1009 1615 1106 1667 etc.]
1137 1616 1198 1654 Ex
1220 1615 1408 1667 Eusebio,
1440 1616 1507 1655 ubi
1521 1616 1626 1655 idem
1645 1618 1746 1656 Sca-

274 1670 302 1708 li
332 1683 387 1708 er.

306 1683 330 1720 g
391 1728 486 1776 Pag.
514 1722 612 1768 274.
645 1724 708 1769 14.
766 1724 872 1768 Δέον
896 1726 939 1768 ἐν
962 1722 1171 1783 συντόμῳ]
1206 1728 1317 1777 Quae
1349 1729 1538 1783 deinceps
1567 1728 1746 1768 Paschali

276 1795 350 1820 suo
380 1782 430 1826 de
457 1781 668 1834 Prophetis
697 1783 882 1836 Scriptor
901 1784 1087 1830 inseruit,
1123 1799 1203 1835 quo
1224 1785 1370 1825 Christi
1386 1787 1643 1838 οἰκονομίαν,
1675 1801 1748 1826 seu

278 1839 595 1889 dispensationem,
637 1839 685 1877 ab
726 1839 776 1877 iis
817 1840 1063 1892 praedictam
1103 1841 1224 1879 fuisse
1253 1840 1499 1893 ostenderet,
1537 1843 1744 1896 desumpta

276 1901 370 1932 sunt
400 1909 452 1933 ex
482 1894 699 1944 Dorotheo,
730 1901 895 1934 auctore
925 1896 1068 1935 dubiae
1099 1911 1260 1948 prorsus
1288 1898 1393 1949 fidei,
1423 1900 1467 1937 ut
1496 1899 1747 1940 animadver-

276 1956 413 1989 terunt
452 1952 609 2003 pridem
649 1952 863 2000 Baronius,
894 1953 1156 2002 Possevinus,
1187 1954 1379 2004 Huetius,
1409 1956 1568 2004 Binius‚
1609 1963 1649 1995 et
1679 1957 1747 1996 alii

276 2006 358 2045 viri
386 2007 559 2055 eruditi,
589 2007 703 2059 cujus
735 2008 885 2046 Graeca
913 2007 1106 2047 hactenus
1129 2010 1478 2050 desiderabantur:
1508 2026 1622 2064 quae,
1652 2028 1747 2053 nec-

129 2062 158 2095 V
183 2060 252 2098 415
277 2063 374 2101 dum
403 2071 534 2102 tamen
564 2064 719 2114 onmia,
762 2078 813 2102 ex
842 2064 968 2103 hocce
998 2064 1181 2104 Paschali
1215 2074 1384 2119 possunt
1412 2069 1616 2120 suppleri,
1654 2084 1745 2111 cum

277 2120 416 2158 Latina
454 2121 649 2159 duntaxat
687 2121 841 2166 versio,
882 2135 1001 2173 quam
1030 2122 1200 2161 Musculi
1230 2137 1315 2163 esse
1345 2125 1481 2175 aiunt,
1515 2125 1560 2163 in
1587 2126 1748 2166 Biblio-

277 2175 395 2215 theca
429 2177 592 2215 Panum
632 2176 827 2215 habeatur
864 2183 920 2220 to.
961 2191 1034 2217 vn.
1073 2179 1165 2218 edit.
1204 2194 1266 2222 an.
1306 2194 1503 2220 MDcxmv.
1570 2183 1748 2224 Priorem

280 2232 385 2272 enim
425 2233 617 2272 Dorothei
657 2247 739 2271 non
774 2233 873 2273 vidi.
941 2234 1041 2282 Quis
1073 2243 1204 2276 autem
1228 2236 1295 2276 hic
1325 2238 1551 2277 Dorotheus
1580 2240 1746 2293 Martyr,

280 2295 321 2328 et
358 2302 440 2341 qua
479 2296 606 2328 aetate
637 2290 808 2340 vixerit,
845 2290 963 2329 docet
1000 2292 1190 2344 prologus
1217 2293 1267 2332 ad
1296 2294 1406 2334 illius
1435 2296 1667 2336 Tractatum
1695 2297 1747 2336 de

278 2359 378 2385 Lxx.
411 2346 629 2398 Apostolis:
669 2359 719 2384 ex
749 2360 829 2398 quo
859 2348 1073 2398 docemur,
1104 2350 1138 2387 si
1166 2351 1367 2403 Scriptori
1396 2352 1492 2390 fides
1523 2353 1672 2404 danda,
1701 2354 1747 2392 iu

281 2401 444 2440 Graecis
490 2416 537 2440 ac
581 2402 730 2441 Latinis
772 2403 899 2442 literis
934 2406 1116 2457 apprime
1147 2407 1270 2446 fuisse
1305 2414 1530 2458 versatum,
1578 2415 1618 2448 et
1654 2416 1747 2462 post

279 2463 449 2497 mortem
482 2458 714 2504 Diocletiani
743 2466 783 2498 et
811 2461 953 2499 Licinii
982 2462 1078 2514 Tyri
1107 2463 1258 2502 factum
1285 2464 1556 2517 Episcopum,
1599 2465 1649 2504 ad
1678 2467 1747 2506 Ju-

278 2514 376 2553 liani
410 2515 623 2555 Parabatae
660 2522 839 2568 tempora
875 2517 999 2557 vitam
1035 2520 1293 2572 produxisse,
1342 2521 1607 2573 tandemque,
1643 2536 1746 2570 ⁴cum

280 2570 449 2610 subinde
477 2572 586 2610 illius
613 2576 930 2624 persecutionem
960 2575 1189 2626 defugeret,
1230 2577 1274 2615 in
1303 2577 1401 2616 urbe
1431 2577 1589 2629 Odysso
1620 2579 1669 2617 ab
1697 2580 1745 2618 il-

280 2627 360 2666 lius
389 2628 578 2667 ministris
608 2628 961 2681 comprehensum,
996 2633 1195 2684 variisque
1224 2634 1432 2672 tormentis
1461 2641 1674 2684 vexatum,
1702 2636 1746 2674 in

280 2683 379 2735 ipsis
416 2685 625 2738 suppliciis
663 2685 787 2725 vitam
827 2687 983 2727 exuisse
1027 2703 1149 2727 annos
1195 2695 1331 2727 natum
1380 2703 1478 2730 cvn.
1536 2691 1598 2730 Ita
1644 2692 1745 2732 alius

282 2739 404 2779 fuerit
435 2741 493 2789 (si
522 2741 681 2794 quidem
708 2742 743 2781 is
768 2745 1128 2795 unquamextitit)
1158 2759 1181 2783 a
1211 2745 1434 2796 Dorotheo,
1480 2748 1547 2799 qui
1574 2748 1614 2786 in
1647 2749 1746 2789 urbe

282 2796 574 2837 Nicomediensi
601 2799 837 2852 martyrium
867 2800 967 2839 obiit
995 2801 1069 2839 sub
1101 2801 1189 2853 ipso
1229 2802 1498 2854 Diocletiano,
1537 2811 1584 2842 ut
1612 2811 1672 2845 est
1701 2805 1746 2844 in

284 2851 485 2894 Chronico
509 2855 691 2900 Paschali
728 2869 830 2895 anno
864 2870 955 2899 m.
992 2857 1171 2911 eiusdem
1208 2858 1402 2912 Augusti,
1438 2867 1558 2914 atque
1593 2861 1692 2903 adeo
1721 2877 1744 2902 a
