1884 3262
546 179 815 223 CHROMCI
846 167 1151 224 PAsc'HALIS.
1500 180 1597 227 107

121 305 209 330 nem
232 289 402 340 Christi,
436 289 708 340 generationes
731 304 818 330 xxv.
846 306 908 329 an.
926 305 1046 333 DCLX.
1068 297 1108 331 et
1129 306 1153 331 a
1177 291 1432 343 generatione
1448 291 1598 331 Christi

120 362 250 401 usque
267 348 317 386 ad
341 348 566 386 Passionem
588 347 683 386 anni
703 361 805 387 xxx.
826 354 866 387 et
892 363 914 387 a
933 348 1122 387 Passione
1149 362 1278 401 usque
1309 349 1362 388 ad
1384 348 1495 388 hunc
1518 363 1617 389 an-⁷

120 419 241 450 num,
276 405 345 457 qui
366 410 428 444 est
445 418 534 445 xm.
562 404 723 457 Imperii
741 405 983 444 Auxanum
1002 419 1151 455 annus,
1182 421 1244 446 an.
1263 420 1366 446 σενι.

224 462 348 502 Fiunt
377 461 502 512 igitur
527 476 663 502 omnes
696 463 791 502 anni
816 462 865 500 ab
892 463 1018 502 Adam
1034 493 1045 512 ‚
1078 477 1205 515 usque
1224 464 1276 502 ad
1306 463 1467 503 tertium
1486 462 1597 503 deei-

121 533 228 558 mum
251 520 487 557 Amexxnmu
511 519 769 571 Imperatoris
790 533 939 558 annum
951 548 964 569 ‚
995 520 1090 557 anni
1107 534 1147 558 v.
1164 534 1454 561 mccxxxvm.

235 577 287 615 Ut
312 583 446 615 autem
466 583 506 615 et
526 577 643 616 aliter
662 576 922 615 ostendamus
939 590 1021 615 non
1041 583 1198 615 tantum
1217 592 1291 630 per
1310 585 1493 630 tempora
1512 578 1597 616 Re-

119 647 232 685 gum,
263 633 334 672 sed
357 633 473 680 etiam
500 648 521 671 a
550 647 630 686 quo
650 633 798 672 Pascha
818 640 1022 693 servatum
1043 640 1126 686 est,
1157 634 1457 676 dinumerantes
1476 635 1597 674 simul

119 698 244 730 'annos
272 691 466 731 dicemus.
1575 706 1580 709 ’

230 747 292 786 Ab
313 747 438 786 Adam
460 760 586 799 usque
608 747 813 787 Diluvium
834 762 895 787 an.
921 762 968 790 11.
987 762 1174 788 uccxmr.

230 806 267 844 A
291 804 453 844 Diluvio
473 818 602 856 usque
623 805 674 844 ad
694 805 844 844 exitum
863 805 1063 845 Abraham
1085 806 1135 844 de
1152 812 1260 845 terra
1284 820 1358 846 sua
1378 820 1531 846 manv.

229 861 334 900 Hine
355 875 567 913 usquequo
593 862 750 901 exirent
772 863 976 902 Israelitae
1006 863 1057 902 de
1079 863 1281 915 Aegypto,
1311 864 1505 904 educente
1527 877 1596 904 eos

117 918 276 971 Moyse,
309 919 468 970 quando
487 925 527 957 et
549 918 699 958 Pascha
725 920 930 969 fecerunt,
963 921 1056 959 anni
1076 928 1173 960 sunt
1196 934 1394 961 ccccxxx.

231 976 289 1015 Ab
319 976 462 1014 Exodo
494 977 664 1029 Aegypti
692 990 821 1029 usque
853 978 895 1015 in
924 978 1153 1016 -transitum
1188 978 1398 1029 Jordanis,
1435 977 1596 1031 quando

116 1033 229 1071 Jssns
249 1033 401 1071 Pascha
423 1033 641 1072 celebravit
656 1064 668 1083 ,
699 1041 794 1073 sunt
812 1035 906 1073 anni
928 1049 1013 1075 xm.

228 1090 420 1129 Ezechias
440 1097 537 1142 post
558 1104 683 1130 annos
710 1104 921 1132 ccccnxw.
940 1092 1162 1131 celebravit
1181 1090 1344 1132 Pascha.

228 1148 325 1187 Post
342 1147 554 1187 Ezechiam
574 1149 701 1187 Josias
725 1163 830 1188 anno
853 1163 962 1189 cxiv.
981 1149 1134 1188 Pascha
1159 1149 1391 1190 celebravit.

228 1205 323 1244 Post
342 1205 487 1244 Josiam
510 1205 680 1245 Heszras
704 1213 795 1259 post
813 1221 938 1246 annos
963 1220 1078 1246 cvnr.
1100 1207 1248 1246 Pascha
1270 1203 1521 1259 celebram‘t.*)

227 1262 324 1301 Post
349 1262 540 1301 Heszram
570 1267 760 1303 servatoris
785 1278 895 1317 usque
922 1267 1191 1315 generationes
1212 1263 1359 1304 Christi
1380 1268 1464 1317 post
1486 1278 1598 1303 armos

111 1331 257 1359 nnxm.
287 1318 439 1359 Pascha
463 1319 520 1359 fit.

227 1376 262 1414 A
284 1379 523 1428 generatione
551 1380 672 1415 autem
696 1376 835 1416 Christi
860 1383 954 1430 post
975 1392 1077 1418 xxx.
1093 1391 1242 1428 annos,
1272 1391 1358 1418 cum
1386 1392 1521 1430 passus
1544 1383 1597 1418 est

112 1432 306 1482 Dominus,
337 1433 488 1473 Pascha
508 1434 757 1483 celebratur,
787 1437 864 1486 ipse
883 1438 976 1474 enim
994 1441 1081 1474 erat
1100 1435 1252 1487 justum
1270 1434 1439 1474 Pascha.

225 1491 259 1530 A
276 1491 448 1530 Passione
470 1491 779 1531 autem'Domini
798 1505 926 1544 usque
945 1494 987 1531 in
1008 1506 1100 1531 x111.
1122 1505 1272 1531 annum
1298 1492 1461 1545 imperii
1480 1491 1597 1544 Impe-
1619 1495 1650 1530 P
1673 1494 1744 1533 419

111 1549 246 1586 ratoris
270 1546 602 1588 ALEXANDRI
634 1549 807 1588 Caesaris
836 1550 931 1589 anni
962 1563 1066 1591 ccw.
1106 1554 1296 1589 servatum
1337 1554 1389 1588 est
1425 1549 1595 1601 Pascha,

111 1604 223 1655 quod
255 1605 302 1644 id
332 1608 704 1645 commemorationem
733 1607 891 1646 Domini
919 1607 1049 1646 nostri
1080 1607 1174 1646 Jnsn
1194 1607 1362 1646 Cmus'n
1383 1612 1551 1646 servatur
1571 1621 1597 1646 a

108 1663 220 1700 nobis.
774 1693 780 1697 .

225 1718 347 1757 Fiunt
373 1719 498 1770 igitur
528 1732 651 1759 omnes
681 1722 774 1758 anni
797 1721 845 1759 ab
867 1721 987 1760 Adam
1015 1733 1147 1774 usque
1179 1720 1223 1760 in
1255 1719 1354 1761 hum
1381 1720 1474 1760 diem
1505 1723 1599 1760 anni

111 1778 298 1827 quinquies
315 1777 413 1815 mille
430 1779 649 1830 septingenti
668 1779 830 1829 triginta
843 1782 929 1818 octo.

339 1902 511 1942 REGES
544 1902 823 1943 PERSARUM
853 1904 925 1944 EX
955 1903 1209 1968 TEMPORE·
1235 1902 1370 1943 CYRI.

227 1981 358 2032 Cyrus
374 1984 547 2033 regnavit
563 1982 683 2022 Persis
703 1986 810 2023 annis
826 1997 929 2028 xxx.

226 2038 322 2076 Post
343 2037 454 2077 hunc
464 2068 477 2088 ‚
509 2040 698 2092 Cambyses
712 2044 822 2080 annis
834 2055 964 2081 novem.

225 2095 432 2135 Smerdius
452 2096 588 2147 Magus
602 2099 779 2137 mensibus
795 2103 880 2138 octo.

225 2151 369 2191 Darius
389 2153 501 2192 annis
514 2167 661 2194 xxxvl.

226 2207 364 2248 Xerxes
383 2210 497 2249 annis
515 2224 630 2250 xxvr.

225 2264 460 2306 Artaxerxes
478 2267 732 2318 Longimanus
747 2269 855 2307 annis
873 2281 1019 2310 xxxvx.

227 2323 376 2361 Xerxes
393 2323 468 2363 dies
491 2328 699 2375 sexaginta.

226 2378 443 2429 ‚Sogdianus
462 2395 616 2421 menses
638 2387 804 2435 septem.

226 2436 368 2475 Darius
385 2437 541 2477 Nothus
562 2439 677 2478 annis
694 2453 814 2478 xvm.

226 2491 492 2547 Artaxerxes,
523 2496 614 2549 Cyri
627 2498 789 2546 junioris
798 2495 949 2548 frater,
978 2495 1215 2538 annisum.

226 2548 344 2599 Ocar,
375 2555 440 2604 qui
454 2557 488 2591 et
506 2554 738 2592 Artaxerxes
763 2553 876 2592 annis
897 2567 1018 2594 xxm.
1034 2557 1210 2594 mensibus
1233 2560 1368 2608 septem.

228 2607 334 2646 Arses
353 2608 390 2647 N
393 2609 511 2649 othus
529 2611 642 2650 annis
660 2613 786 2650 tribus.

194 2700 196 2706 χ
229 2664 367 2703 Darius
384 2669 492 2706 annis
510 2682 583 2708 x11.
614 2669 691 2708 Hic
708 2673 759 2707 est
781 2682 880 2721 quem
904 2667 1132 2708 Alexander
1150 2669 1315 2709 Macedo
1334 2669 1525 2723 deposuit
1548 2670 1588 2709 in

8 2760 21 2785 k
114 2717 246 2771 bello,
277 2721 387 2774 quod
407 2723 486 2763 suit
506 2724 783 2766 inenarrabile.

211 2867 245 2922 ⁸)
291 2867 413 2904 Italics
431 2869 638 2916 supplentur
659 2882 700 2905 ex
719 2870 788 2906 alio
806 2870 893 2906 eod.
