1884 3262
306 180 406 228 320
611 226 617 232 ,
872 181 1190 224 NOTAE

427 293 522 342 Pag.
553 290 650 334 464.
682 293 748 334 13.
810 293 844 332 Ο
873 290 1100 345 Κολοσσός]
1149 293 1208 332 Ita
1247 293 1321 331 Dio
1361 293 1467 344 apud
1506 291 1771 345 Xiphilinum,

304 350 499 392 Eusebius
529 349 570 386 in
602 348 748 386 Chron.
778 349 1003 400 Syncellus-
1031 363 1120 402 pag.
1149 350 1244 392 842.
1284 356 1324 388 et
1361 351 1530 388 Senator
1560 350 1603 388 in
1631 350 1774 388 Fastis.

303 409 449 447 Mirum
482 419 604 457 porro
636 418 710 443 cur
739 404 788 443 ab
819 405 868 443 iis
901 406 1089 446 Colossus
1118 413 1206 445 tum
1236 406 1409 458 primum
1440 413 1594 445 erectus
1622 407 1772 459 Vespa-

305 466 417 503 siano
448 463 669 514 imperante
700 461 883 511 dicatur,
929 477 1045 515 quem
1084 463 1158 501 sub
1188 463 1345 502 Nerone
1377 464 1604 502 confectum
1636 469 1775 502 exerte

306 522 360 560 ait
391 519 543 559 Plinius
569 519 640 557 lib.
673 531 792 557 xxm.
823 533 909 571 cap.
937 534 1010 560 vn.
1050 533 1143 558 cum
1181 519 1451 573 Vespasianus
1493 520 1655 571 dempto
1692 520 1774 558 Ne—

304 578 414 617 ronis
446 576 600 628 capite,
642 581 680 614 et
710 576 816 614 Solis
845 576 999 629 adjecto
1040 591 1131 615 cum
1160 590 1231 615 vn.
1262 576 1410 625 radiis,
1454 577 1539 615 Soli
1569 576 1774 615 dicaverit.
1827 622 1830 629 ι

306 636 356 673 Et
394 647 487 673 sane
526 634 686 672 Sueton.
734 647 820 685 cap.
851 647 972 673 xvm.
1010 634 1248 672 refectorem
1303 633 1499 672 duntaxat
1547 633 1669 671 fuisse
1705 633 1774 671 ait.

305 691 407 730 Vide
438 690 581 741 Scalig.
611 689 660 728 ad
690 690 834 729 Euseb.
881 703 967 742 pag.
999 693 1096 733 200.
1127 696 1166 729 et
1195 693 1291 732 226.
1331 696 1370 728 et
1409 690 1683 728 casaubonum
1724 689 1776 728 ad

305 748 561 800 spartianum
605 746 646 784 in
686 747 906 786 Hadriano.
971 748 1186 800 Perperam
1237 760 1362 799 porro
1413 747 1523 800 apud
1558 746 1777 786 Auctorem

310 804 500 845 Chronici
530 803 573 844 ἐν
599 800 706 859 Ρὸδῳ
731 804 903 856 irrepsit

426 862 522 911 Pag.
554 860 649 904 464·
679 844 747 903 ²20.
805 859 1019 913 Αλκίππη]
1059 861 1118 899 Ita
1148 859 1300 899 finxere
1335 859 1480 898 Graeci
1513 860 1777 912 Glaucippem

310 919 563 973 elephantum
594 916 750 956 enixam
775 931 880 966 esse,
910 924 956 956 ut
986 909 1128 956 auctor
1145 923 1206 957 est
1227 916 1415 956 Tatianus
1437 923 1577 956 contra
1591 918 1780 955 Giaecos.

422 976 518 1015 Ibid.
579 977 641 1014 Ev
673 969 707 1029 ᾦ
734 974 884 1030 καιρῷ]
933 975 1049 1014 Istius
1078 974 1158 1012 luis
1188 973 1267 1013 hoc
1307 986 1413 1012 anno
1448 974 1628 1013 meminit
1655 974 1779 1012 Euse-

307 1033 432 1073 bius'
420 1047 462 1071 m
494 1031 642 1071 chron.

426 1093 518 1139 Pag.
548 1089 642 1131 465.
678 1090 713 1128 1.
779 1087 897 1128 Τίτου
926 1085 969 1128 vc>
989 1083 1051 1138 ς’.]
1100 1086 1177 1125 Hic
1206 1087 1449 1126 omittuntur
1479 1086 1558 1126 duo
1590 1085 1781 1124 Consula-

311 1155 400 1196 tus,
431 1159 602 1198 quorum
632 1144 735 1183 alter
763 1144 843 1182 fuit
874 1143 1055 1182 Commodi
1076 1148 1110 1182 et
1133 1143 1277 1194 Prisci,
1317 1144 1388 1195 qui
1418 1137 1781 1196 paritervpraeter-

312 1203 487 1243 mittitur
508 1202 552 1240 in
581 1201 711 1239 Fastis
728 1200 866 1250 matii,
897 1200 945 1238 de
977 1214 1056 1252 quo
1087 1199 1272 1252 pluribus
1303 1200 1381 1251 egit
1409 1200 1591 1239 Norisius
1618 1200 1660 1238 in
1682 1199 1782 1252 Epi-

310 1261 413 1300 stola
446 1257 654 1298 Consulari
678 1270 765 1308 pag·
797 1259 864 1299 87.
907 1257 973 1294 ubi
1013 1256 1087 1294 hos
1116 1257 1187 1295 ille
1218 1257 1397 1308 privatos
1429 1257 1620 1295 Consules
1647 1262 1780 1296 vocat.

310 1318 421 1356 Alter
450 1322 509 1356 est
546 1316 754 1366 Vespasiani
780 1327 840 1353 1x.
877 1318 910 1352 et
945 1314 981 1352 T
979 1316 1023 1352 itz
1050 1328 1121 1352 vn.
1153 1313 1227 1352 sub
1259 1327 1341 1365 quo
1371 1313 1637 1366 Vespasianus
1668 1312 1782 1363 obiit,

309 1381 356 1413 ut
386 1381 446 1413 est
476 1372 584 1424 apud
614 1370 847 1409 Suetonium
880 1376 919 1408 et
953 1370 1065 1411 alios.
1111 1370 1285 1409 Proinde
1314 1370 1570 1422 reponendus
1592 1370 1634 1408 in
1653 1369 1782 1408 Chro-

309 1432 401 1470 nico
433 1429 674 1468 Consulatus
708 1428 787 1466 Titi
808 1431 841 1465 et
861 1427 1081 1475 Domitiani,
1123 1433 1214 1479 post
1243 1427 1395 1466 obitum
1426 1427 1669 1479 Vespasiani.

423 1488 519 1529 Ibid.
582 1484 665 1525 Καὶ
691 1486 947 1537 Δομετιανοῦ
973 1481 1019 1525 τό
1051 1480 1099 1537 β’.
1101 1483 1117 1535 ]
1170 1485 1226 1523 De
1258 1484 1537 1523 consulatibus
1567 1482 1783 1526 Domitiani

311 1545 389 1597 egit
420 1544 485 1582 vir
524 1541 778 1582 doctissimus
818 1541 860 1578 in
901 1541 1185 1579 Dissertatione
1226 1541 1423 1593 Hypatica
1461 1555 1549 1593 pag.
1578 1540 1646 1582 64.
1703 1539 1783 1579 Sed

310 1603 353 1641 in
386 1615 432 1640 eo
474 1599 585 1652 quod
615 1599 783 1651 primam
822 1598 971 1636 seriem
999 1598 1114 1636 Dioni
1152 1597 1434 1663 adscripserit,
1482 1610 1635 1638 errasse
1673 1603 1783 1636 recte

309 1658 491 1697 Norisius
522 1655 798 1708 deprehendit.
860 1655 1005 1703 Quoad
1035 1669 1223 1694 numeros
1251 1655 1293 1693 in
1325 1654 1525 1694 Chronico
1555 1654 1782 1707 adscriptos

310 1729 390 1754 non
429 1713 688 1753 consentiunt
728 1712 838 1751 Fasti
874 1712 1016 1760 Idatii,
1056 1712 1269 1764 Prosperi,
1309 1717 1349 1752 et
1391 1710 1472 1753 alii.
1541 1711 1690 1751 Notum
1729 1716 1783 1749 e'x

312 1771 503 1811 Suetonio
532 1783 618 1822 cap.
646 1783 735 1810 xm.
765 1770 1035 1809 Domitianum
1067 1769 1305 1808 Consulatus
1332 1782 1434 1808 xvu
1465 1769 1630 1822 cepisse,
1660 1767 1782 1819 quod,

310 1828 466 1880 inquit,
498 1833 588 1865 ante
617 1840 706 1865 eum
731 1840 869 1875 nemo,
904 1840 954 1865 ex
985 1826 1132 1877 quibus
1162 1833 1313 1890 septem
1342 1825 1495 1864 medios
1524 1824 1782 1891 continuarit,

312 1898 447 1923 omnes
477 1890 609 1922 autem
642 1896 765 1935 paene
794 1883 914 1921 titulo
955 1889 1072 1922 tenus
1111 1883 1255 1934 gessit,
1300 1896 1375 1921 nec
1413 1883 1640 1935 quempiam
1675 1881 1783 1920 ultra

310 1942 400 1980 Kal.
428 1940 542 1990 Maii,
582 1940 719 1992 plures
752 1939 804 1977 ad
832 1939 931 1978 Idus
960 1953 1089 1991 usque
1116 1938 1333 1978 Ιαηυειιὶεε.
1406 1939 1464 1977 De
1502 1939 1617 1978 annis
1657 1952 1782 1991 porro

313 1997 527 2036 Domitiani
560 1996 827 2035 consulendus
859 1996 1044 2035 Petavius
1074 1997 1124 2034 ad
1155 1995 1353 2048 Epiphan.
1384 2009 1470 2046 pag.
1502 1998 1599 2039 386.

430 2057 524 2105 Pag
553 2054 647 2097 465.
678 2057 718 2095 7.
778 2049 914 2105 Γάλβα
951 2052 1020 2093 καὶ
1054 2054 1310 2104 Πολλίωνος]
1351 2052 1458 2090 Fasti
1485 2052 1627 2104 Idatii,
1658 2053 1783 2092 Galva

314 2115 348 2150 et
381 2111 546 2151 Pollione.
606 2110 684 2148 Alii
712 2123 789 2162 pro
822 2111 945 2148 Galba
975 2110 1180 2148 Silvanum
1209 2110 1358 2160 legunt.
1399 2110 1594 2162 Prosper,
1629 2109 1783 2150 Silvano

314 2172 348 2205 et
380 2169 475 2207 Vero.
535 2166 637 2205 Vide
666 2167 867 2205 Norisium
896 2167 936 2205 in
951 2167 1092 2234 Epist.
1123 2166 1335 2205 Consulari
1364 2179 1453 2218 pag.
1485 2167 1550 2208 50.

328 2234 331 2240 “
431 2227 530 2275 Pag.
556 2222 650 2266 465.
680 2226 717 2266 8
777 2226 871 2272 Εως
888 2239 1034 2264 τουτου
1051 2226 1126 2265 τοῦ
1142 2221 1314 2278 χρόνου]
1346 2222 1541 2262 Eusebius
1568 2222 1610 2261 in
1631 2218 1781 2261 Chron.

313 2280 364 2318 ad
393 2295 483 2322 ann.
514 2294 606 2319 xm.
636 2280 873 2319 Domitiani:
913 2280 1067 2319 Flavius
1095 2281 1265 2332 Iosephus
1300 2282 1498 2319 vicesimum
1525 2280 1653 2319 librum
1678 2281 1784 2319 Anti-

310 2339 489 2389 quitatum
511 2338 621 2386 hujus
646 2340 809 2389 temporis
836 2339 970 2377 scribit.
1027 2337 1131 2377 Vide
1161 2337 1420 2388 Scaligerum.

412 2397 520 2444 Pag
559 2394 754 2436 465.11.
814 2390 954 2435 Πάθει
984 2393 1130 2449 δεινω]
1161 2394 1262 2433 Vide
1291 2400 1450 2446 praeter
1474 2394 1573 2433 alios
1595 2394 1782 2446 Scripto-

312 2464 402 2500 res,
433 2450 767 2502 Albupharaijum
796 2451 853 2488 in
869 2452 1031 2503 Dynast.
1062 2465 1149 2503 pag.
1179 2451 1245 2494 75.
1288 2456 1328 2489 et
1368 2449 1519 2488 Theod
1561 2450 1812 2490 Marsilium‘

169 2518 203 2551 v
220 2514 290 2554 450
313 2507 366 2547 ad
394 2506 574 2546 Suetonii
603 2507 737 2545 Titum
766 2520 854 2559 cap.
883 2521 925 2546 x.
959 2507 1027 2546 ubi
1057 2509 1173 2559 plura
1207 2507 1256 2545 de
1285 2519 1425 2558 genere
1454 2506 1591 2546 mortis
1619 2507 1712 2547 Titi.

164 2587 193 2621 P
217 2586 288 2622 532
431 2566 522 2614 Pag.
552 2563 649 2606 465.
683 2563 747 2605 14.
807 2564 1012 2616 Σαβίνου]
1042 2564 1278 2610 Messalinum
1305 2569 1427 2602 vocat
1455 2564 1640 2616 Prosper.

432 2619 750 2671 pag-4651&
808 2617 1094 2672 Εὕνουχίζειν]
1124 2621 1187 2659 Ex
1207 2618 1354 2659 Chron.
1373 2620 1561 2673 Eusebii,
1591 2619 1662 2660 ubi
1680 2621 1780 2660 Sca-

311 2676 423 2729 liger.

430 2732 746 2784 Pag.465.18.
811 2730 863 2774 T&
892 2729 950 2784 ς’.]
979 2746 1068 2772 vm.
1097 2732 1208 2784 apud
1238 2731 1398 2773 Gruter.
1427 2746 1572 2774 xxvm.
1602 2747 1630 2773 1.
1658 2732 1781 2773 suffe-

311 2791 389 2829 ctis
418 2790 573 2831 scilicet
600 2788 830 2830 numeratis.
