1820 3276
261 200 361 251 4²86
670 201 692 204 ”
832 202 1160 247 NOTAE

261 312 368 366 apud
396 306 538 352 Persas
547 308 716 364 'captivi
743 308 965 365 Epistulam
996 311 1045 350 ad
1062 311 1464 365 Hierosolymitanos',
1493 316 1573 366 qua
1590 311 1632 352 i'n
1647 313 1724 352 hae

258 369 481 408 calamitate
497 368 589 407 illos
607 367 659 406 ad
680 369 944 407 constantiam
962 367 1158 412 hortatur.
1218 369 1270 409 At
1290 369 1543 423 Nicephorus
1564 370 1619 409 ait
1639 370 1723 409 Mo..

259 427 417 465 destum
447 424 818 477 Hierosolymorum
847 425 1050 465 Ecclesiae
1081 431 1164 465 tum
1201 426 1441 478 praefuisse,
1471 439 1563 464 oum
1594 425 1726 466 Chos—

256 486 348 521 rers
375 481 548 521 Sarbaro
581 481 682 520 duce
707 481 909 520 Orientem
936 481 1138 534 pervasit,
1171 487 1210 521 et
1244 483 1430 522 salutaris
1455 482 1595 521 Crucis
1621 483 1727 523 vivi-

259 538 333 577 fica
351 538 455 588 ligna
479 551 500 576 e
518 540 641 577 sacris
664 538 764 577 locis
784 537 958 576 abstulit.
1017 538 1096 577 Sed
1125 538 1173 576 de
1199 544 1374 591 utroque
1393 539 1500 579 Patr.
1519 539 1728 578 consulem

260 595 336 633 dus
364 594 430 633 vir
461 594 754 633 eruditissimus
775 594 914 634 Daniel
935 594 1227 647 Papebrochius
1246 595 1289 634 in
1306 596 1415 634 Serie
1434 594 1635 634 Historica
1653 596 1728 635 Pa-

257 649 526 690 triarcharum
554 651 753 690 Hierosol.
781 665 821 689 n.
849 664 931 690 1.v¹.
962 657 1001 689 et
1029 658 1135 690 Lvn:
1156 657 1212 691 to.
1228 664 1290 691 111.
1319 651 1438 702 Maii,
1462 652 1559 691 dum
1579 664 1730 706 prope·b

258 721 405 746 ramus.
1669 731 1671 735 ι
1718 724 1720 726 ’

374 762 469 812 Pag.
499 765 596 806 705.
625 762 664 803 4.
724 765 788 803 Εν
805 765 856 819 τῇ
871 762 982 819 τρίτῃ
1003 758 1180 815 ὖψώσει]
1209 763 1357 816 Nempe
1377 764 1419 803 in
1438 764 1552 803 Festo
1570 764 1609 805 S.
1630 765 1728 804 Gru.

261 820 317 858 cis
349 819 632 865 Exaltationis,
662 825 731 858 aut
759 826 866 858 certe
898 819 1006 858 intra
1032 819 1222 859 Octavam
1240 821 1348 859 Festi
1368 820 1544 873 ejusdem
1559 848 1575 871 ,-
1597 820 1667 860 illa
1685 821 1729 860 in

261 876 438 914 Ecclesia
462 876 713 924 exaltabatur,
743 890 789 914 ac
806 876 959 928 populo
980 876 1183 914 adoranda
1204 876 1493 916 ostendebatur
1510 892 1533 915 a
1554 877 1730 916 Patriam·

261 931 359 972 cha:
390 945 468 984 qua
498 945 594 971 vero
622 932 778 973 ratione
806 946 937 984 quove
967 932 1049 971 ritu
1076 946 1174 985 prae
1204 934 1371 973 caeteris
1401 934 1522 973 docet
1551 934 1729 973 Andreas

259 989 459 1028 Cretensis
491 988 602 1029 Orat.
620 1003 667 1030 11.
695 988 738 1027 in
771 989 945 1028 Exultat.
971 989 1011 1029 S.
1046 989 1208 1041 Crucis,
1238 991 1330 1029 loco
1347 991 1468 1029 allato
1488 990 1530 1029 in
1546 990 1730 1049 Append.

259 1045 309 1084 ad
332 1045 508 1083 Glossar.
530 1045 635 1084 med.
658 1045 831 1083 Graecit.
853 1045 894 1083 in
913 1058 954 1085 v.
980 1048 1154 1096 Ῥψωσις.
1211 1047 1294 1086 Nec
1315 1047 1550 1100 scrupulum
1570 1048 1732 1088 movere

258 1101 378 1152 debet
397 1100 504 1153 quod
533 1116 636 1140 anno
658 1102 817 1140 demum
837 1101 1012 1140 Heraclii
1034 1115 1150 1142 xxlv.
1180 1102 1469 1156 Hierosolymis
1490 1117 1603 1142 sacra
1622 1105 1732 1156 ligna

258 1158 301 1197 in
325 1158 465 1197 urbem
484 1157 532 1196 ab
554 1158 694 1197 eodem
714 1159 893 1209 Augusto
912 1159 1035 1196 relata
1058 1157 1158 1208 sint,
1189 1172 1282 1198 cum
1301 1159 1349 1198 iis
1371 1175 1394 1199 a
1414 1161 1453 1198 S.
1475 1159 1628 1199 Helena
1649 1161 1731 1213 pri-

257 1228 365 1253 mum
390 1214 586 1262 inventis,
616 1213 763 1253 horum
793 1219 950 1267 partem
978 1213 1027 1252 ad
1057 1215 1361 1255 Constantinum
1377 1215 1502 1254 filium
1519 1216 1590 1256 illa
1611 1217 1731 1256 detu—

257 1270 372 1319 lerit,
403 1270 462 1308 uti
490 1277 655 1310 narrant
671 1270 936 1323 Theophanes
958 1283 1060 1309 anno
1081 1285 1167 1312 xm.
1192 1271 1369 1325 ejusdem
1387 1273 1660 1324 Constantini,
1690 1279 1732 1313 et

113 1335 142 1369 Ρ
167 1337 233 1373 611
263 1327 329 1366 alii
356 1326 524 1379 passim:
554 1341 604 1365 ex
630 1341 712 1379 quo
731 1326 893 1366 Festum
915 1327 1175 1366 Exaltationis
1196 1328 1343 1368 deinde
1364 1329 1575 1382 profluxit.
1629 1330 1730 1369 Nam

257 1384 324 1423 vel
342 1396 395 1422 ex
415 1382 493 1421 hoc
518 1384 658 1423 saltem
674 1384 766 1423 loco
785 1390 876 1422 ante
898 1396 943 1422 ea
970 1383 1095 1423 relata
1111 1385 1159 1423 ab
1181 1385 1366 1425 Heraclio
1385 1385 1488 1425 illud
1509 1385 1732 1426 obtinuisse

289 1440 390 1478 alam
419 1446 490 1478 est.

257 1454 284 1494 P
371 1496 465 1535 Ibid.
523 1494 795 1549 Αποδεχθεὶς]
827 1495 924 1536 Cod.
951 1495 1079 1535 vatic.
1105 1491 1345 1549 ἄποδεθεὶς,
1374 1503 1495 1551 atque
1516 1498 1575 1538 sic
1594 1512 1731 1540 emen-

260 1552 456 1592 davimus.

377 1609 474 1659 Pag.
508 1610 602 1653 705.
632 1609 671 1652 5.
729 1609 910 1662 Οτίμιος,Ι
929 1605 1124 1663 σπόγγος]
1155 1610 1213 1650 De
1245 1624 1361 1650 sacra
1383 1611 1556 1665 Spongia
1577 1611 1733 1664 legendi

257 1671 465 1718 praeterea
490 1666 714 1705 Willelmus
746 1666 890 1717 Tyrius
922 1666 993 1707 lib.
1018 1664 1088 1706 xx.
1117 1680 1202 1719 cap.
1224 1682 1324 1707 xxv.
1354 1668 1486 1707 Ducas
1512 1667 1614 1708 Hist.
1643 1682 1733 1722 cap.

258 1736 344 1761 xm.
384 1735 474 1775 pag.
503 1725 596 1765 172.
636 1723 964 1762 Bondelmontius
1004 1722 1048 1761 in
1087 1723 1284 1779 Descript.
1323 1725 1663 1778 Constantinopol.
1694 1721 1734 1765 et

261 1785 358 1818 tom.
378 1792 438 1816 ιιι.
461 1778 561 1817 Hist.
583 1778 722 1818 Franc.
743 1793 784 1831 p.
806 1779 902 1822 343.

376 1835 471 1884 Pag.
502 1836 597 1877 705.
629 1838 669 1877 8.
724 1834 887 1890 Ημέρᾳ]
917 1834 1002 1873 Hoc
1027 1848 1131 1873 anno
1159 1836 1276 1875 litera
1308 1836 1561 1876 Dominicalis
1584 1843 1669 1877 erat
1687 1837 1733 1877 F.

374 1890 470 1929 Ibid.
533 1893 581 1930 H
598 1892 709 1944 τιμία
739 1888 886 1944 λόγχη]
918 1891 973 1930 De
992 1905 1103 1930 sacra
1120 1893 1274 1932 Lancea
1292 1893 1639 1947 Constantinopoli
1658 1907 1733 1933 asa

261 1953 417 1985 servata
445 1953 504 1984 sat
530 1948 655 1986 multa
682 1947 951 1999 congessimus
978 1947 1021 1986 in
1050 1948 1162 1987 Notis
1193 1948 1245 1988 ad
1271 1949 1502 1990 Alexiadem
1531 1951 1732 1990 Annaeam

260 2017 300 2055 p.
323 2002 416 2045 344.
437 2005 531 2045 370.
551 2009 590 2042 et
608 2004 703 2046 402.

377 2059 471 2109 Pag.
502 2060 599 2102 705.
629 2062 667 2101 9.
726 2056 944 2114 Σάρβαρα]
978 2055 1169 2114 Σάλβαρα
1196 2060 1432 2112 legendum,
1462 2069 1508 2102 ut
1533 2063 1637 2102 infra
1660 2063 1732 2103 sub

263 2127 455 2154 anmxvi.
474 2115 670 2155 Heraclii:
701 2112 916 2170 Σάλβαρον
937 2116 1139 2155 interdum
1156 2124 1278 2157 vocat
1294 2117 1580 2171 Theophanes,
1608 2121 1733 2159 inter-

263 2172 362 2210 dum
386 2173 649 2225 Σαρβαραζᾶ,
678 2178 724 2211 ut
747 2186 850 2212 xvu.
876 2172 1075 2222 Heraclii,
1104 2173 1173 2211 ubi
1196 2171 1262 2224 ζοὶ,
1293 2176 1360 2215 vel
1383 2174 1471 2228 Σοὶ,
1505 2183 1567 2218 est
1584 2189 1732 2217 nomen

263 2228 488 2279 dignitatis,
519 2230 570 2268 de
594 2242 672 2281 qua
691 2229 840 2281 egimus
861 2229 902 2267 in
919 2235 1090 2281 utroque
1108 2230 1324 2273 Glossario.

378 2284 473 2335 Pag.
503 2287 600 2328 705.
634 2288 698 2329 15.
760 2287 842 2326 Ινδ.
865 2282 911 2339 γ’.
933 2283 994 2338 ε’.]
1025 2286 1069 2324 ln
1097 2285 1207 2325 hunc
1227 2302 1372 2327 annum
1393 2301 1431 2328 v.
1454 2288 1631 2328 Heraclii
1649 2288 1730 2328 de-⁴

265 2340 357 2379 sinit
375 2340 509 2379 brevis
528 2347 755 2393 temporum
775 2342 983 2395 Expositio
1001 2342 1140 2382 Melliti
1157 2344 1236 2386 MS.
1256 2359 1373 2398 quem
1392 2345 1426 2384 is
1444 2346 1500 2384 ait
1517 2346 1642 2386 fuisse
1659 2360 1732 2385 nn-

264 2410 360 2435 num
383 2410 404 2434 a
427 2397 563 2435 mundi
586 2398 751 2436 exordio
777 2412 814 2436 v.
839 2413 1118 2438 Mncccxmnn.

380 2452 477 2503 Pag.
508 2453 602 2496 705.
631 2458 698 2496 20.
759 2452 1122 2508 Κατευθυνθήτω]
1154 2455 1253 2495 Vide
1284 2457 1500 2508 Liturgiam
1532 2458 1731 2497 Praesan-

264 2508 529 2548 ctificatorum
561 2510 668 2562 apud
699 2511 874 2549 Goarum
905 2512 945 2550 in
973 2511 1191 2563 Eucholog.
1216 2527 1254 2565 p.
1286 2516 1378 2556 191.
1407 2519 1447 2552 et
1473 2513 1567 2557 204.
1627 2514 1732 2554 Hinc

266 2565 428 2604 conficit
454 2566 621 2604 Allatius
643 2568 684 2605 in
712 2567 967 2618 syntagmate
999 2568 1050 2607 de
1077 2568 1153 2606 hac
1183 2571 1299 2608 missa
1318 2582 1356 2610 n.
1378 2583 1447 2611 xx.
1469 2569 1512 2608 in
1533 2570 1731 2623 ejusmodi

264 2622 439 2674 Liturgia
459 2623 652 2662 nonnulla
672 2623 793 2662 fuisse
820 2623 976 2674 addita,
1007 2624 1184 2663 detracta
1202 2632 1242 2664 et
1258 2625 1462 2665 immutata
1483 2639 1506 2664 a
1525 2627 1732 2667 recentio-

116 2690 145 2722 v
169 2689 237 2724 555
267 2678 391 2719 ribus.
446 2679 583 2730 Neque
603 2680 728 2725 enim,
758 2685 806 2718 ut
820 2680 925 2718 idem
943 2681 1100 2729 subdit,
1130 2687 1222 2732 post
1240 2679 1285 2723 τό
1305 2680 1640 2736 κατευθυνθήτω,
1669 2697 1732 2723 se-

269 2741 449 2785 quuntur
469 2735 650 2788 proxime
677 2736 775 2774 haec
796 2736 919 2775 verba
948 2737 1192 2788 Sacerdotis,
1222 2735 1322 2779 κατά
1346 2736 1422 2791 τήν
1453 2737 1628 2792 δωρεάν·
1658 2740 1730 2779 sed

268 2797 307 2829 et
337 2792 463 2831 multa
494 2793 570 2831 alia
596 2792 905 2847 interjiciuntur.
963 2793 1171 2843 Secundo,
1202 2795 1311 2846 quod
1335 2796 1559 2848 psallitura
1576 2797 1730 2850 populo

268 2846 312 2886 in
339 2847 476 2889 eadem
495 2849 693 2902 Liturgia,
721 2863 801 2890 non
830 2856 890 2890 est
910 2849 1130 2903 integrum,
1160 2852 1231 2891 sed
1257 2858 1350 2905 post
1369 2855 1441 2906 τῆς
1459 2849 1578 2906 δόξης
1594 2853 1729 2907 posito
