1884 3262
311 222 412 273 258
885 223 1211 268 NOTAE

312 337 396 390 stit.
416 334 558 388 Apost.
577 346 664 387 cap.
684 348 709 373 x.
727 332 799 373 ubi
820 333 863 373 in
881 332 991 375 MSS.
1014 333 1142 374 Codd.
1159 333 1333 385 ejusdem
1355 332 1522 380 Rusfini,
1551 344 1676 372 Lxxx.
1699 330 1781 371 ha-

314 393 400 432 beri
420 397 597 431 annotat.

432 463 524 509 Pag.
556 461 648 502 168.
679 461 718 500 7.
783 454 922 510 Νεών]
963 457 1019 496 De
1043 471 1147 496 anno
1171 454 1358 497 conditfis
1377 457 1517 509 templi
1539 456 1782 495 Salomonici

316 530 429 567 egere
456 514 723 565 chronologi:
755 527 850 566 prae
876 513 1041 553 caeteris
1065 528 1163 553 vero
1189 515 1363 563 Scaliger
1390 514 1440 552 de
1472 513 1631 552 Emend.
1660 520 1782 565 temp.

313 574 382 611 lib.
398 586 438 612 v.
460 585 498 624 p.
513 575 607 615 380.
630 577 670 611 et
686 570 737 610 ad
757 570 985 620 Eusebium,
1012 577 1050 610 et
1072 571 1255 611 Pet-avius
1274 570 1344 610 lib.
1362 584 1417 609 xx.
1437 571 1487 609 de
1507 571 1639 610 Doctr.
1657 577 1783 623 temp.

315 631 403 682 cap.
425 642 558 670 xxxu.
579 634 618 667 et
631 641 778 667 xxxm.

315 752 371 791 Ch
432 699 524 747 Pag-
557 698 648 740 168.
682 699 746 738 10-
806 694 890 737 Καὶ
925 691 1161 748 συνάγεται]
1206 694 1481 733 conferendus
1517 693 1714 732 Eusebius
1742 693 1787 733 in

375 766 460 794 ron.
768 764 770 768 ·

433 823 526 871 Pag.
558 821 652 863 168.
685 817 749 863 14.
810 814 1031 872 Ουάφρῆς]
1064 820 1277 857 Successor
1306 816 1600 864 Psammitichi,
1631 816 1682 855 de
1705 829 1786 869 quo

317 876 423 916 idem
444 876 658 927 Eusebius,
689 876 921 927 Synoellus,
952 876 1105 914 Auctor
1128 874 1385 913 collectionis
1403 874 1615 915 Historiar.
1639 880 1678 913 et
1697 873 1786 912 alii=

319 932 389 985 qui
410 932 583 986 Ophrias
599 932 810 981 Jeremiae,
842 932 1002 986 Απρίης
1021 932 1229 971 Herodoto
1251 931 1410 973 dicitur.

435 1003 530 1051 Pag.
564 1002 658 1042 168.
690 1004 756 1042 16.
816 995 1080 1053 Εὐπόλεμος]
1114 999 1220 1038 Haec
1249 999 1299 1037 de
1323 998 1445 1038 Vafre
1464 999 1588 1038 refert
1607 998 1786 1037 Clemens

318 1055 616 1098 Alexandrinus
651 1057 718 1095 lib.
740 1070 772 1096 1.
815 1057 960 1096 Strom.
997 1069 1047 1094 ex
1079 1055 1310 1095 Alexandro
1342 1054 1595 1105 Polyhistore
1620 1069 1664 1110 p.
1690 1057 1787 1098 332.

167 1118 200 1153 V
227 1116 294 1155 411
314 1114 528 1211 ξιιιιῧὲὲεωί
560 1125 660 1153 vero
689 1111 1058 1165 chronographiam
1089 1118 1128 1151 et
1147 1112 1217 1151 lib.
1236 1111 1286 1151 de
1304 1112 1480 1151 Judai'cis
1499 1111 1672 1163 Regibus
1691 1109 1789 1155 alibi

434 1251 528 1298 Pag.
561 1249 656 1292 168.
695 1251 761 1291 19.
790 1218 793 1220 Ι
825 1244 904 1287 Τδν
939 1243 1120 1299 Βαροῦχ]
1167 1246 1394 1297 Legendum
1423 1245 1570 1288 Σαδώκ
1602 1243 1789 1286 observat

318 1303 513 1345 Seldenus
540 1303 613 1343 lib.
644 1318 671 1342 1.
704 1304 755 1344 de
788 1305 965 1343 Success.
991 1303 1035 1341 in
1066 1303 1212 1342 Pontis.
1242 1302 1363 1344 Hebr.
1397 1317 1485 1358 cap.
1513 1318 1568 1344 ιν.
1595 1316 1685 1357 pag.
1709 1304 1789 1341 mi-

316 1361 361 1401 hi
384 1360 481 1404 251.

436 1442 531 1490 Pag.
561 1441 658 1484 169.
692 1442 727 1481 1.
787 1438 1009 1493 Θείραμος]
1041 1438 1147 1480 Edit.
1170 1438 1310 1490 scalig.
1336 1438 1550 1491 Χείραμος.
1607 1438 1792 1492 Εἴραμος

321 1496 513 1538 Clementi
541 1494 757 1535 Alexandr.
785 1495 857 1535 lib.
875 1510 904 1536 1.
932 1497 1118 1536 Stromat.
1151 1509 1238 1547 pag.
1260 1496 1357 1538 325.
1384 1494 1550 1549 Ιὲρομος
1569 1494 1792 1548 Theophilo

320 1553 393 1593 lib.
417 1566 482 1597 111.
506 1552 558 1591 ad
579 1552 821 1605 Autolycum
835 1582 847 1601 ,
874 1552 1065 1604 Εἴρωμος
1089 1551 1283 1604 Josepho,
1311 1558 1349 1590 et
1367 1551 1409 1590 in
1429 1553 1636 1604 Synagoge
1655 1552 1792 1592 Histo-

320 1610 414 1652 riar.
433 1610 696 1660 Scaligeriana
716 1623 756 1661 p.
778 1612 874 1653 397.
907 1609 1138 1647 Hieromum
1161 1622 1256 1648 vero
1277 1608 1481 1647 Salomoni
1498 1608 1714 1648 admodum
1733 1609 1793 1647 fa-

307 1663 520 1710 'miliarem
541 1665 664 1704 fuisse
682 1671 854 1704 testatur
871 1665 976 1704 idem
997 1664 1268 1718 Theophilus,
1299 1665 1369 1717 qui
1389 1664 1436 1704 de
1453 1665 1561 1705 illius
1580 1665 1662 1704 filia
1680 1665 1792 1704 Salo-

323 1722 432 1763 moni
450 1729 575 1774 nupta
598 1721 698 1760 nihil
718 1721 865 1771 tradit,
894 1728 938 1760 ut
959 1736 1035 1760 nec
1055 1722 1247 1760 Tatianus
1279 1722 1432 1771 editus,
1462 1721 1574 1773 quod
1597 1721 1793 1761 duntaxat

321 1779 443 1820 habet
463 1778 644 1818 Clemens
663 1778 878 1819 Alexandr.
938 1778 1016 1818 Sed
1035 1778 1068 1816 is
1085 1778 1293 1830 complura
1310 1778 1388 1818 alia
1407 1778 1590 1832 scripsit,
1619 1784 1667 1817 ut
1684 1778 1791 1818 idem

308 1836 503 1878 *Clemens
519 1841 688 1877 testatur
708 1835 776 1873 lib.
798 1849 857 1874 111.
879 1836 1023 1875 Strom.
1081 1834 1207 1873 Multa
1225 1848 1349 1887 porro
1375 1834 1424 1873 de
1447 1834 1526 1874 hoc
1549 1836 1681 1875 Iromo
1703 1849 1791 1874 cae-

321 1893 495 1943 terisque
515 1891 614 1943 Tyri
634 1891 809 1942 Regibus
828 1897 1118 1929 commentatur
1142 1904 1192 1928 ex
1210 1890 1336 1929 veteri
1352 1891 1554 1943 Scriptore
1582 1890 1674 1944 περὶ
1695 1893 1790 1934 Φοι-

321 1949 448 1990 νίκων
469 1948 657 1999 sareptae,
673 1947 825 1987 Auctor
836 1950 1022 2002 Εκλογῆς
1042 1946 1242 2000 ἱστοριῶν,
1261 1946 1304 1985 in
1317 1947 1522 1998 Cod.Reg.
1536 1961 1790 1988 nmenxxxt.

321 2005 392 2046 fol.
421 2007 489 2053 79.
529 2003 648 2044 'Vide
677 2003 866 2053 Scaliger.
892 2003 936 2041 in
970 2003 1084 2042 Notis
1115 2003 1165 2041 ad
1194 2003 1348 2055 Fragm.
1371 2004 1563 2058 Scriptor.
1595 2005 1787 2045 Graecor.

323 2075 366 2113 p.
386 2065 453 2104 28.
472 2064 541 2104 29.
557 2062 626 2104 83.
650 2066 690 2099 et
717 2060 758 2098 in
780 2059 998 2110 Prolegom.
1019 2059 1069 2098 de
1089 2060 1296 2099 Emendat.
1316 2067 1438 2114 temp.
1459 2075 1501 2117 p.
1526 2064 1593 2105 88.
1615 2067 1656 2103 et
1675 2061 1721 2104 V.
1741 2061 1786 2102 C.

322 2117 514 2161 Huetium
532 2116 581 2159 de
597 2117 862 2159 Demonstrat.
880 2116 1065 2170 Evangel.
1086 2131 1124 2168 p.
1143 2119 1235 2159 162.
1259 2131 1289 2156 1.
1310 2116 1404 2161 edit,

439 2199 532 2247 Pag.
562 2198 657 2239 169.
687 2195 727 2238 4.
783 2193 958 2248 Λαρῶν]
988 2195 1182 2235 Seldenus
1201 2195 1290 2234 loco
1308 2186 1492 2236 laudato:
1525 2196 1626 2240 Quid
1643 2197 1715 2236 loci
1730 2196 1788 2238 liic

323 2253 463 2292 Aarom‘
491 2253 685 2305 Pontffici?
719 2253 906 2301 trajectio,
941 2256 1050 2303 puto,
1096 2256 1147 2290 est
1179 2253 1284 2291 simul
1318 2265 1398 2295 cum
1427 2252 1564 2304 defectu
1594 2255 1785 2294 verborum.

323 2309 439 2360 Lego,
460 2310 652 2363 Εβραίων
675 2306 886 2362 Αρχιερεΰς
902 2304 971 2349 ἀπ’
991 2306 1140 2361 Ααρών
1155 2304 1193 2360 η’
1215 2306 1381 2350 Σαδώκ·
1406 2307 1683 2363 προεφήτευσε
1701 2313 1786 2350 Να-

312 2363 430 2415 -θοῖν,
460 2373 533 2405 etc.
590 2365 859 2404 Hebraeorum
881 2378 1059 2404 summus
1075 2365 1262 2405 Pontifex
1285 2365 1334 2405 ab
1357 2366 1512 2406 Aarone
1531 2379 1621 2408 vm.
1637 2366 1786 2406 zadoc.

324 2421 587 2475 Prophetavit
609 2421 785 2468 Nathan,
816 2429 890 2462 etc.
950 2420 1046 2460 Nam
1073 2423 1223 2460 Aut-ton·
1251 2421 1416 2460 chronici
1439 2425 1479 2461 in
1499 2425 1786 2463 recensimaefma

324 2480 520 2528 numerali,
549 2478 638 2517 Heli
663 2492 707 2530 qu
734 2482 813 2517 rtus
839 2482 913 2527 est,
941 2483 975 2517 et
1000 2481 1064 2530 qui
1087 2479 1228 2518 Zadoci
1251 2482 1406 2529 tempora
1430 2481 1591 2530 proxime
1612 2481 1786 2530 sequitur,

322 2549 445 2583 nonus.
503 2535 672 2574 Zadocus
695 2530 734 2585 ig‘
752 2538 811 2573 tur
838 2539 984 2573 octavus
1002 2539 1054 2573 est
1074 2537 1112 2573 in
1130 2535 1328 2573 illiusmodi
1342 2537 1552 2585 recensione,
1582 2538 1725 2575 tametsi
1747 2538 1786 2578 iu

324 2590 448 2631 Fastis
470 2592 545 2631 illis
569 2594 675 2630 etiam
705 2593 893 2644 Pontifices
922 2592 1056 2640 decem,
1085 2591 1147 2629 sed
1168 2593 1205 2630 in
1222 2592 1434 2631 numerandi
1455 2594 1627 2633 rationem
1648 2594 1700 2631 ibi
1715 2605 1786 2631 mm

325 2651 474 2701 recepti,
501 2648 685 2697 Zadocum
707 2648 934 2700 praecedant.
992 2647 1039 2686 In
1064 2647 1324 2687 Eleazaridum
1347 2651 1466 2686 autem
1488 2651 1597 2700 stirpe
1615 2649 1786 2688 zadocus

324 2709 403 2743 erat
434 2705 530 2744 Uni
559 2706 740 2757 Ponttfict’s
766 2709 932 2756 atnepos,
961 2708 1024 2743 etc.
1091 2703 1158 2742 Sic
1186 2709 1318 2742 tamen
1346 2704 1542 2743 Eusebius
1563 2706 1605 2744 in
1634 2704 1785 2746 ebron.

331 2762 558 2812 Prophetavit
596 2761 764 2810 sadoch,
802 2761 933 2800 Achias
966 2761 1158 2810 silonites,
1203 2760 1375 2810 Sameas,
1413 2760 1482 2800 ubi
1515 2760 1786 2802 consulendus

325 2816 512 2868 Scaliger.
569 2817 683 2860 Hanc
720 2823 851 2858 autem
882 2817 1075 2870 integram
1113 2814 1308 2869 περιοχῆν
1343 2817 1491 2857 omittit
1529 2818 1654 2858 editio
1683 2819 1786 2857 Sca-

323 2873 451 2925 ligeri.
