1820 3276
110 2321 139 2356 P
162 2321 232 2357 590

289 219 389 268 444
852 222 1171 266 ΝΟΤΑΕ

407 333 499 382 Pag.
529 333 623 374 610-
655 333 720 373 17.
778 328 1010 385 Αμοὶντιον]
1040 332 1263 372 Amantium
1286 333 1407 373 alium
1423 334 1654 386 Magistrum
1674 335 1753 374 mi-

286 389 402 427 litum
431 386 504 426 sub
536 401 597 427 an.
627 401 744 427 xxxx.
773 388 983 428 Justiniani
1022 396 1215 429 memorat
1241 390 1494 444 Nicephorus
1525 393 1679 430 Uranus
1708 391 1751 430 in

286 444 378 484 Vita
407 445 445 482 S.
475 444 680 496 Symeonis
710 445 844 497 stylit.
874 459 913 485 n.
945 459 1113 485 chxm.

403 503 495 550 Pag.
527 503 620 543 610.
651 503 716 543 18.
774 502 853 550 Εἰς
875 500 942 544 τὸν
969 503 1097 544 αἰῶνα
1124 504 1220 556 ζῆθι.
1246 502 1442 554 Baetice]
1480 502 1588 542 Haec
1618 503 1752 542 omisit

285 556 561 609 Theophanes.
619 557 825 597 Caeterum
861 559 1033 598 formula
1077 565 1137 597 sat
1177 559 1366 610 frequens
1394 560 1436 597 in
1468 559 1593 598 sacris
1621 560 1750 611 libris,

285 620 332 652 ut
364 614 460 653 Dan·
492 617 622 656 v1.7
651 618 719 657 21.
749 622 821 654 etc.
861 629 962 668 quae
1005 616 1182 655 occurrit
1221 616 1338 654 etiam
1376 615 1418 654 in
1457 616 1651 668 Martyrio
1681 617 1750 654 SS.

284 669 595 722 Anargyrorum.

400 730 493 777 Pag
523 729 617 768 611.
647 728 684 768 8.
741 724 1039 782 Αρῤωστήσας]
1072 727 1305 780 Anonymus
1328 727 1558 766 Valesianus
1580 728 1630 766 de
1649 728 1752 768 Ana-

285 783 427 822 stasio:
457 781 540 821 Non
562 787 645 835 post
668 783 815 822 multum
843 789 1003 837 temporis
1035 799 1073 824 m
1093 787 1180 824 lecto
1199 799 1262 824 suo
1280 787 1378 824 intra
1402 785 1528 824 Urbem
1551 785 1753 825 Constanti-

283 840 434 893 neapolim
452 841 567 878 morbo
589 843 704 879 tentus
720 844 908 880 extremum
932 843 1063 881 clausit
1085 843 1186 880 diem.

402 899 495 946 Pag.
527 899 625 939 611.
656 899 693 939 9.
749 898 991 951 Αστραπῆς]
1032 899 1087 936 De
1116 898 1241 936 hocce
1269 897 1447 936 tonitruo
1477 897 1542 935 vel
1572 897 1746 948 fulgure,

285 967 367 1005 quo
402 953 670 991 exanimatum
700 952 953 992 Anastasium
984 955 1148 994 tradunt
1174 954 1421 1006 Scriptores,
1451 960 1569 1005 atque
1598 954 1638 992 in
1667 954 1751 1006 pri-

284 1009 359 1049 mis
399 1009 623 1059 cedrenus,
663 1011 834 1061 Symeon
875 1011 1116 1062 Logotheta‚
1155 1011 1389 1063 Anonymus
1417 1011 1457 1048 in
1488 1009 1639 1051 Chron.
1670 1011 1750 1050 MS.

285 1066 335 1104 ab
366 1065 517 1104 Adamo
549 1065 601 1104 ad
630 1067 802 1104 Leonem
831 1068 1079 1120 Sapientem,
1111 1074 1151 1106 et
1181 1068 1267 1116 alii,
1300 1067 1567 1106 consulendus
1595 1067 1636 1105 in
1666 1067 1751 1119 pri-

285 1122 360 1161 mis
391 1123 567 1172 cyrillus
598 1122 952 1175 Scythopolitanus
981 1124 1022 1162 in
1052 1124 1139 1163 Vita
1170 1126 1208 1165 S.
1240 1124 1362 1162 Sabae
1393 1137 1480 1176 cap.
1499 1137 1568 1162 Lx.
1598 1123 1751 1162 Auctor

282 1178 480 1218 Historiae
509 1192 753 1218 summorum
784 1180 1048 1229 Pontificum,
1094 1180 1164 1232 qui
1195 1180 1268 1219 sub
1294 1179 1513 1219 Justiniano
1546 1179 1670 1231 vixit,
1707 1179 1750 1219 in

286 1235 521 1274 Hormisda:
555 1235 744 1274 Perculsus
770 1237 889 1274 divino
913 1240 991 1276 ictu
1008 1237 1224 1275 Anastasius
1251 1239 1396 1275 interiit.

403 1295 496 1342 Pag.
540 1295 635 1334 611.
668 1295 735 1334 12.
794 1293 1057 1347 Βενδερίτης]
1090 1292 1350 1332 Scribendum
1367 1292 1577 1347 Βεδερίτης
1595 1292 1749 1345 pridem
1779 1288 1783 1291 ’

285 1348 443 1387 monuit
483 1347 609 1386 Nicol.
655 1348 899 1388 Alemannus
942 1350 992 1388 ad
1033 1350 1220 1402 Procopii
1262 1349 1361 1388 Hist.
1401 1351 1608 1388 Arcanam.
1679 1350 1751 1389 Est

287 1411 420 1444 autern
449 1404 643 1443 Bederina
672 1405 770 1443 urbs
800 1406 984 1458 Illyriae,
1029 1412 1075 1444 ut
1112 1406 1252 1444 scribit
1291 1405 1477 1457 Agathias
1513 1405 1582 1447 lib.
1610 1419 1650 1445 v.
1678 1419 1751 1444 seu

284 1467 332 1499 ut
359 1461 605 1500 Justinianus
633 1462 676 1500 in
705 1461 879 1503 Nov.x1.
900 1463 1097 1502 secundae
1124 1463 1369 1514 Pannoniae,
1400 1463 1450 1502 de
1481 1475 1559 1514 qua
1588 1461 1750 1515 copiose

285 1517 365 1569 egit
387 1518 494 1556 idem
520 1518 774 1557 Alemannus.

394 1572 683 1628 nias-1902&
713 1575 771 1613 Ita
805 1575 992 1627 Evagrius
1022 1582 1060 1614 et
1090 1575 1258 1614 Basilius
1291 1575 1394 1614 Cilix
1426 1574 1534 1627 apud
1552 1573 1750 1615 Photium.

279 1629 466 1682 Illyrium
511 1631 651 1671 dicunt
689 1631 925 1671 Theodorus
969 1634 1132 1683 Lector,
1188 1632 1407 1684 Procopius
1443 1632 1534 1670 loco
1574 1631 1749 1682 laudato,

278 1686 562 1739 Theophanes,
593 1695 633 1727 et
663 1688 890 1739 cedrenus,
922 1689 992 1741 qui
1021 1688 1120 1727 haec
1149 1689 1278 1727 addit:
1311 1689 1353 1730 οἴ
1372 1686 1415 1729 δὲ
1446 1685 1587 1741 Θράκα
1615 1687 1749 1742 λέγου-

278 1755 343 1783 σιν
379 1741 493 1785 εἶναι.
553 1745 630 1783 Sed
659 1745 759 1785 haec
789 1746 1056 1784 conciliantur
1090 1759 1141 1783 ex
1179 1759 1225 1784 eo
1265 1745 1374 1798 quod
1404 1745 1598 1784 Bederina
1627 1744 1668 1783 in
1700 1745 1749 1783 li-

276 1799 459 1839 mitaneis
504 1801 666 1853 Illyriae
719 1801 993 1855 Thraciaeque
1041 1802 1143 1853 agris
1191 1803 1266 1841 sita
1315 1802 1473 1841 dicatur
1515 1801 1565 1840 ab
1605 1801 1748 1841 eodem

277 1856 488 1909 Procopio.

395 1917 490 1964 Pag·
521 1917 616 1957 611
654 1918 719 1958 13.
778 1915 922 1971 Ιουλίῳ
951 1911 1007 1955 θ’.
1019 1915 1035 1967 ]
1083 1915 1211 1953 Nocte
1252 1914 1427 1954 decimae
1468 1913 1548 1953 diei
1588 1913 1746 1964 mensis,

279 1981 360 2020 quo
388 1970 609 2009 extinctum
641 1972 888 2010 Anastasium
919 1971 1040 2010 tradit
1070 1972 1278 2023 Cyrillus.

397 2029 488 2077 Pag
525 2030 620 2070 611.
660 2027 723 2070 14.
783 2025 896 2068 Karai
935 2044 1028 2075 τους
1056 2027 1312 2079 Αντιοχείας]
1365 2027 1426 2065 Ita
1473 2026 1574 2066 cod.
1619 2026 1748 2066 Vatic.

279 2081 421 2133 scalig.
463 2079 546 2122 κατ’
575 2079 725 2133 αὐτοῦς
754 2088 962 2137 Αντιοχεῖς
995 2086 1069 2136 τῆς
1103 2084 1266 2135 Συρίας.
1334 2083 1463 2121 Possit
1502 2083 1614 2121 eiiam
1651 2083 1745 2134 legi,

277 2136 379 2178 κατοῖ
413 2155 509 2187 τους
530 2143 736 2193 Αντιοχεῖς
765 2144 836 2192 τῆς
867 2141 1031 2193 Συρίας.
1092 2140 1146 2178 De
1174 2139 1253 2179 hoc
1284 2146 1414 2178 autem
1447 2153 1562 2178 aerae
1593 2139 1746 2178 Antio·-

279 2193 428 2234 chenae
467 2210 571 2235 anno
617 2197 883 2236 consulendus
923 2196 1107 2236 Petavius
1146 2196 1215 2235 lib.
1257 2211 1301 2237 x.
1344 2197 1394 2236 de
1432 2197 1568 2237 Doctr.
1607 2197 1744 2249 Temp.

278 2265 365 2303 cap.
394 2266 496 2294 ωσι,
528 2267 617 2305 pag.
649 2257 746 2297 266.

394 2311 487 2358 Pag·
519 2313 614 2351 611.
645 2313 709 2353 18.
770 2306 1040 2363 Εὕθαρίχου]
1071 2309 1298 2348 Eutharicus
1320 2309 1447 2348 cillica
1476 2309 1564 2347 Cos.
1593 2309 1634 2347 in
1665 2309 1745 2347 Oc·

278 2363 435 2403 cidente
458 2372 629 2403 vocatur
659 2381 679 2405 a
711 2368 924 2416 Senatore,
959 2365 1283 2405 Amalasuenthae
1307 2364 1546 2404 Gotthorum
1565 2364 1606 2404 in
1627 2364 1744 2404 Italia

276 2420 446 2472 Reginae
477 2421 651 2473 conjux,
686 2422 905 2461 Athalarici
935 2423 1052 2475 Regis
1081 2429 1205 2475 pater.
1246 2422 1359 2461 Adde
1378 2421 1546 2460 eundem
1567 2422 1745 2462 Senator.

275 2476 346 2515 lib.
377 2491 471 2516 vnt.
502 2477 656 2516 V-ariar.
687 2494 713 2516 1.
743 2479 932 2518 Jornand.
961 2479 1002 2517 in
1034 2479 1162 2518 Getic.
1194 2492 1279 2531 cap.
1309 2491 1393 2518 Lxx.
1424 2478 1640 2530 Epistulam
1668 2478 1745 2516 Jo-

276 2533 389 2572 annis
419 2533 526 2574 Patr.
559 2535 902 2587 Constantinopol.
935 2535 982 2574 ad
1016 2536 1161 2587 Papam
1183 2534 1462 2582 Hormisdam,
1490 2534 1744 2587 Anonymum

274 2588 552 2639 Valesianum,
584 2596 658 2629 etc.
716 2592 925 2643 Perperam
956 2592 1170 2630 Eutherium
1190 2590 1256 2629 hic
1273 2590 1422 2628 habent
1444 2591 1592 2630 Marius
1613 2592 1742 2630 Aven-

275 2646 341 2685 tic.
373 2652 411 2685 et
438 2646 652 2687 Victorius.
711 2647 813 2686 Vide
846 2648 1041 2700 Epistolas
1070 2647 1308 2685 Hormisdae
1338 2647 1466 2698 Papae
1495 2660 1585 2700 pag.
1604 2648 1742 2691 ’.1487

279 2700 399 2746 1495.
429 2708 468 2742 et
496 2717 604 2756 seqq.
637 2703 730 2743 edit.
759 2695 926 2752 labbei,
974 2703 1017 2742 in
1058 2702 1203 2755 quibus
1239 2704 1348 2742 solus
1380 2702 1619 2742 Eutharicus
1652 2703 1743 2744 Cos.

278 2758 498 2810 scribitur,
527 2766 574 2798 ut
602 2767 694 2814 pote
723 2760 765 2799 in
795 2760 1011 2798 Occidente
1044 2759 1215 2826 scriptis.

396 2818 488 2867 Pag.
519 2818 616 2859 611.
651 2819 715 2860 19.
775 2820 943 2858 Ανεῖλεν
974 2811 1207 2870 Αμᾶντιον]
1249 2815 1523 2855 Marcellinus.
1553 2817 1741 2856 Amantius

277 2875 309 2910 et
325 2871 486 2912 Andreas
504 2872 605 2925 ferro
631 2874 804 2914 trucidati
825 2877 916 2915 sunt.
