1884 3262
299 223 393 268 100
617 216 860 262 SELECTA
887 216 960 258 AD
998 215 1489 259 ILLUSTRATIONEM

294 331 450 381 Friges,
496 328 683 378 Magones
706 357 718 377 ,
757 325 922 378 Bithyni
943 354 956 374 ,
1002 325 1199 365 Nomades
1221 356 1233 375 ,
1276 325 1431 377 Lycinii
1453 355 1463 374 ,
1507 322 1765 372 Mariandeni,

293 385 484 438 Pamfyli,
514 384 696 434 Minisci‚
728 382 970 435 Dipisideni,
1000 383 1188 435 Lygallii,
1229 383 1395 430 Cilices,
1423 381 1638 430 Maurosii‚
1669 381 1766 419 Cre-

294 452 379 493 tae,
409 443 634 492 Magartae,
663 440 894 488 Numidiae,
924 440 1165 488 Macrones„
1185 440 1440 477 Nasomones.

380 535 383 537 a
410 499 459 537 Hi
481 496 690 550 possident
711 497 759 535 ab
781 498 960 548 Aegypto
982 510 1108 548 usque
1126 496 1176 534 ad
1206 496 1424 535 Oceanum.
1484 519 1486 523 ·

410 557 512 594 Sunt
533 560 665 593 autem
683 553 843 592 Insulae
870 553 913 591 in
940 551 1003 591 his
1034 565 1264 591 comumnes
1287 551 1382 590 hae:
1417 550 1602 599 Corsola,
1633 549 1768 600 Lupa-

297 613 398 661 dus,
430 610 656 661 Agaudius‚
695 611 882 659 Meletae,
923 610 1147 657 Cercenna,
1184 609 1332 658 Menis,
1374 607 1582 656 cardinia,
1615 606 1766 653 Galata,

299 670 498 716 corsuna,
531 668 694 717 Cretae,
727 665 906 712 Gaulhs,
932 665 1090 716 Rheda,
1121 665 1294 712 Ethera,
1326 665 1538 713 Careatus,
1568 662 1769 713 Astypala,

300 725 447 774 Chius,
487 723 659 774 Lesbus,
708 723 912 772 Tenedos,
953 723 1133 772 Imbrus,
1178 723 1337 775 Jassus,
1378 721 1536 770 Cobus,
1578 718 1771 767 Chnidos,

298 783 489 830 Nisurus‚
523 780 732 831 Megistae,
765 781 935 832 Cyprus.
1542 800 1547 805 =

294 874 299 876 ,
376 855 397 873 π
414 837 495 885 Qui
516 843 648 876 autem
668 850 807 876 eorum
827 843 920 875 sunt
937 835 1123 886 litterati,
1153 834 1196 873 hi
1219 840 1334 873 sunt:
1365 833 1529 873 Fenices
1542 862 1554 882 ,
1574 830 1770 883 Aegyptii,

271 933 274 935 .
300 894 487 947 Pamsyli,
516 894 677 945 Fryges.
1490 923 1494 930 ‚
1598 898 1607 903 ²
1820 932 1821 935 Ἰ

413 953 514 989 Sunt
542 957 673 989 autem
699 949 798 988 fines
821 947 942 987 Cham
971 963 992 986 a
1017 947 1296 999 Rinocoryris,
1328 959 1430 998 quae
1451 944 1596 990 dividit
1614 943 1772 996 Syriam

304 1014 345 1047 et
362 1009 584 1059 Aegyptum
597 1038 607 1057 ,
621 1001 626 1006 ⁴
638 1020 765 1058 usque
787 1005 930 1044 Garira
951 1005 994 1043 in
1010 1005 1187 1055 longum.

417 1063 583 1102 Nomina
610 1070 742 1101 autem
764 1062 962 1113 gentium,
990 1061 1092 1100 haec
1119 1066 1235 1099 sunt:
1268 1059 1472 1110 Aegyptus
1503 1063 1542 1096 et
1565 1056 1775 1109 Aethiopia

306 1134 406 1173 quae
426 1120 554 1159 tendit
577 1120 769 1158 adversus
789 1119 944 1157 Indiam
958 1150 968 1167 ,
991 1124 1029 1156 et
1048 1119 1170 1156 altera
1191 1113 1426 1168 Aethiopia,
1457 1114 1563 1153 unde
1586 1114 1777 1165 proficis-

276 1203 278 1206 *
305 1173 580 1216 diturfflumen
602 1173 866 1227 Aethiopum,
898 1174 1116 1226 Erythara,
1149 1173 1261 1226 quod
1283 1179 1343 1210 est
1369 1172 1537 1210 rubrum
1557 1171 1776 1210 adtendens

286 1235 359 1273 .ad
382 1234 606 1273 Orientem:
636 1232 794 1271 Thebea
814 1231 983 1282 Libyae,
1015 1245 1116 1282 quae
1149 1229 1329 1268 extendit
1356 1241 1482 1280 usque
1514 1229 1671 1280 Syrtes,
1701 1226 1778 1265 ha·—

305 1291 404 1329 bens
432 1297 568 1340 gentes
596 1288 690 1327 has:
721 1289 992 1336 Nasamonas,
1026 1288 1181 1334 Macas‚
1214 1287 1486 1324 Tautameosz·
1507 1285 1655 1337 Lybiae
1680 1297 1780 1335 quae

307 1361 328 1385 a
359 1346 474 1398 Lepti
505 1345 683 1385 extendit
724 1358 851 1395 usque
882 1345 1077 1382 minorem
1118 1345 1298 1395 Syrtem:
1340 1341 1550 1389 Numidia,
1581 1341 1781 1390 Masseria,

310 1403 547 1441 Mauritania
573 1415 673 1453 quae
700 1401 878 1439 extendit
905 1414 1031 1452 usque
1056 1400 1295 1449 Herculeas,
1325 1398 1434 1450 quod
1455 1403 1513 1450 est
1533 1397 1784 1437 Heracleoti-

310 1473 376 1506 cas
398 1459 532 1497 stellas
553 1465 694 1497 contra
715 1458 916 1498 Gadiram.

423 1516 554 1554 Habet
576 1521 714 1553 ¹autem
753 1514 804 1552 ad
840 1515 1010 1552 Borram
1039 1512 1275 1551 maritimam
1305 1512 1503 1562 Ciliciam,
1535 1510 1784 1563 Pamfyliam,

310 1572 523 1620 Pisidiam,
563 1572 755 1623 Mysiam,
794 1571 1055 1623 Lycaoniam,
1093 1570 1298 1621 Frygiam,
1342 1569 1576 1619 camaliam,
1607 1567 1786 1619 Lyciam,

313 1629 488 1678 Cariam,
521 1628 710 1680 Lydiam,
740 1627 908 1678 Mysiam
937 1627 1080 1676 aliam,
1103 1626 1325 1677 Troadem,
1348 1626 1554 1676 Aolidem,
1584 1624 1787 1677 Bityniam

310 1692 488 1726 veterem
507 1717 518 1734 ,
550 1686 581 1722 F
582 1685 735 1736 rygiam
754 1684 950 1723 altiorem.

171 1760 202 1793 v
225 1759 294 1798 333
427 1742 560 1780 Habet
587 1742 704 1780 etiam
727 1741 879 1779 Insulas
905 1740 1000 1778 has:
1031 1738 1278 1787 Sardiniam,
1304 1739 1481 1784 Cretam,
1517 1739 1716 1790 Cyprum,
1749 1742 1789 1774 et

313 1799 462 1836 flumen
491 1799 626 1846 Geon,
660 1797 731 1849 qui
751 1797 978 1850 appellatur
996 1796 1124 1834 Nilus.
1185 1795 1338 1834 Dividit
1369 1802 1501 1834 autern
1528 1796 1635 1833 inter
1664 1793 1786 1831 Cham

317 1861 356 1894 et
374 1855 479 1894 inter
494 1853 656 1906 Japhet,
690 1860 728 1892 et
748 1868 792 1893 os
816 1852 1036 1906 vespertini
1055 1852 1187 1891 maris.
1244 1852 1354 1891 Haec
1373 1852 1503 1891 media
1525 1851 1646 1890 Cham
1665 1863 1787 1902 gene-—

315 1912 431 1950 ratio.
1709 1923 1712 1927 ·

429 1968 487 2006 De
507 1968 598 2020 Sem
618 1973 751 2005 autem
769 1966 924 2005 seniore
952 1965 1033 2004 filio
1058 1966 1166 2015 Noe,
1197 1971 1292 2004 sunt
1321 1965 1452 2003 tribus
1484 1964 1663 2016 cognitae
1686 1976 1788 2002 xxv.

318 2024 370 2063 Hi
392 2023 444 2063 ad
463 2023 666 2062 Orientem
690 2022 1027 2061 inhabitaverunt.

430 2079 524 2118 Filii
548 2082 660 2129 Sem,
692 2080 847 2128 Aelam,
883 2080 933 2118 de
956 2093 1036 2131 quo
1059 2079 1238 2130 Aelymei
1258 2084 1297 2117 et
1320 2077 1497 2129 Assyrii:
1528 2078 1578 2116 Et

434 2137 626 2186 Arfaxat,
655 2135 762 2174 unde
783 2136 974 2174 Chaldaei
992 2142 1030 2174 et
1050 2136 1191 2185 Ludii,
1223 2135 1329 2174 unde
1346 2135 1539 2173 Lazones:
1569 2136 1621 2174 Et
1874 2152 1884 2162 =·

435 2194 573 2243 Aram,
615 2192 720 2231 unde
760 2192 879 2231 Ethes
914 2193 1061 2244 prioris
1095 2192 1169 2230 hos
1206 2192 1356 2230 excidit
1391 2191 1614 2230 Abraham:
1646 2197 1685 2230 et
1716 2189 1791 2228 filii
1819 2221 1822 2224 ⁴
1878 2190 1884 2230 ,’

325 2252 443 2288 Aram
466 2250 636 2299 Oscevi,
668 2250 717 2287 de
741 2263 820 2301 quo
842 2249 969 2299 Lidii,
993 2256 1031 2288 et
1046 2249 1170 2300 Gart,
1194 2249 1242 2287 de
1264 2262 1343 2300 quo
1363 2248 1548 2299 Gasfeni,
1580 2254 1619 2287 et
1641 2248 1790 2296 Mosoc,
1880 2253 1884 2264 “

324 2305 431 2344 unde
461 2306 663 2357 Mossyni:
696 2306 746 2344 Et

439 2361 605 2400 Arfaxat
635 2362 770 2413 genuit
792 2362 901 2409 Sala,
933 2368 972 2400 et
991 2362 1080 2400 Sala
1110 2361 1247 2413 genuit
1276 2361 1428 2410 Heber,
1461 2362 1567 2401 unde
1593 2360 1791 2400 Hebraeiz

326 2424 365 2458 et
383 2417 514 2467 Heber
535 2418 615 2456 nati
635 2425 725 2457 sunt
747 2419 826 2458 duo
850 2418 946 2465 filii,
969 2418 1084 2456 Falec
1108 2424 1148 2457 et
1165 2418 1299 2456 Deboc
1313 2448 1324 2467 ,
1355 2419 1460 2457 unde
1485 2418 1647 2457 ducitur
1667 2430 1790 2470 genus

324 2473 547 2524 Abraham,
582 2481 621 2513 et
637 2475 822 2524 Tactem,
854 2482 892 2513 et
908 2475 1057 2513 Jectan.
1115 2475 1250 2513 Jectan
1276 2481 1407 2513 autem
1439 2475 1575 2526 genuit
1596 2473 1792 2523 Elmodal,
1879 2488 1884 2524 ξ

327 2532 376 2570 de
409 2544 489 2582 quo
513 2530 627 2580 Indi3
671 2538 709 2569 et
737 2532 863 2580 salef,
893 2531 942 2570 de
975 2545 1053 2583 quo
1083 2531 1304 2578 Bactriani,
1337 2538 1375 2570 et
1406 2531 1596 2570 Asarmot
1627 2532 1677 2570 de
1710 2544 1790 2584 quo
1869 2523 1884 2571 ἓ

326 2587 476 2626 Arabes
494 2588 683 2640 'pri-ores,
725 2594 764 2626 et
793 2588 953 2636 Duran,
985 2587 1035 2626 de
1066 2602 1145 2639 quo
1177 2587 1359 2638 Camehi3
1391 2594 1430 2626 et
1457 2589 1601 2637 Derra,
1631 2587 1681 2626 de
1710 2600 1790 2640 quo
1874 2575 1884 2619 ‘¹⁴2

328 2644 485 2694 Mardi,
519 2651 558 2683 et
573 2644 686 2692 Ezei,
719 2644 767 2682 de
785 2658 865 2695 quo
885 2644 1065 2692 Arriani,
1096 2651 1135 2683 et
1153 2645 1336 2693 Declam,
1357 2644 1407 2683 de
1427 2658 1506 2696 quo
1528 2644 1719 2693 Cedrusi,
1750 2649 1792 2682 et

330 2700 474 2750 Gebal,
505 2700 554 2739 de
581 2715 659 2752 quo
682 2700 835 2752 Scythii
863 2701 1042 2752 prioreS,
1075 2707 1115 2739 et-
1132 2700 1333 2751 Abimeel,
1362 2701 1412 2740 de
1439 2715 1516 2752 quo
1534 2701 1720 2750 Hircani,
1751 2706 1792 2739 et

332 2757 471 2806 Sabat,
499 2757 610 2796 unde
637 2757 757 2796 Arabi
782 2757 925 2809 primi:
955 2763 994 2797 et
1018 2756 1128 2807 Ufir,
1159 2757 1209 2796 de
1235 2771 1315 2809 quo
1333 2757 1527 2807 Armenii,
1558 2763 1598 2797 et
1619 2757 1791 2807 Oevilat,

331 2811 438 2852 unde
456 2813 797 2854 Gemnosofaetae.
856 2813 908 2852 Hi
931 2827 1074 2853 omnes.
1085 2814 1297 2853 Bactriani.

447 2869 591 2909 Omnes
610 2879 741 2910 autem
769 2870 819 2911 de
838 2870 968 2910 tribus
988 2870 1081 2909 filiis
1101 2871 1186 2911 Noe
1205 2877 1298 2910 sunt
1316 2870 1442 2912 mum.
