1884 3262
626 187 1031 232 PRAEFATIO.
1516 190 1579 239 45

118 301 193 356 τήν
227 301 468 356 οἰκουμένην
494 298 655 342 ἅπασαν
679 300 799 354 ἡλίου
829 303 946 355 δίκην
969 301 1096 355 ἐπέχει
1130 305 1182 358 τῇ
1208 302 1473 358 προσηγορίᾳ,
1511 303 1579 344 καὶ

117 357 280 400 πάντων
312 354 545 413 ἀνθρώπων
585 357 630 400 ἐν
663 356 830 411 στόμασί
866 359 947 399 ἔστι
974 357 1164 411 τοῦνομα.
1229 360 1419 398 Rursum:
1473 361 1506 399 Ο
1537 358 1581 399 δὲ

124 419 280 464 Τπατος
308 416 356 456 ’ἓν
389 417 595 466 πανταχοῦ
603 418 630 464 ‚·'
651 413 719 454 καὶ
738 413 866 455 πολΰν
882 412 1047 468 χρόνον,
1077 412 1223 456 ἐλάττω
1249 417 1317 457 καὶ
1344 417 1466 457 πλείω
1491 416 1581 456 διο-

118 473 259 524 ρίζων,
290 468 366 512 οὐκ
385 471 462 512 ἐῶν
483 469 578 519 τούς
595 470 812 524 νεωτέρους
828 468 877 511 τοὶ
900 474 982 511 τῶν
999 470 1276 525 πρεσβυτέρων
1298 472 1410 524 ἔχειν.
1467 472 1580 510 Unde

117 530 156 566 S.
191 526 525 579 Epiphaniusl),
567 527 635 565 ubi
671 526 818 566 Christi
854 528 1008 580 priores
1047 542 1144 568 xxx.
1186 543 1307 567 annos
1341 530 1580 581 percensuit,

117 583 215 622 haec
234 584 389 623 subdit:
417 583 486 624 καὶ
505 582 610 639 ὁρᾷς
628 580 690 624 δ’τι
713 584 1014 638 τριακονταέτης
1039 583 1119 624 ἐστὶ
1150 581 1314 637 χρόνος,
1345 584 1408 627 διὸ
1437 584 1582 634 ἐφιλο-

117 637 371 692 τιμησάμεθα
397 638 467 688 τοῖς
495 641 672 692 καθεξῆς
691 639 882 689 ὑπατείας
917 636 1091 693 οἷκριβῶς
1115 640 1289 690 θέσθαι,
1329 642 1386 690 εἷς
1418 638 1462 681 τὸ
1487 639 1581 690 του’ς

118 696 392 750 διερχομένους
413 697 534 743 ἰδεῖν,
563 693 624 737 ὅτι
648 693 723 737 ov'u
750 696 830 737 ἔστι
852 713 890 737 τι
915 696 1292 749 παραπεποιημένον
1324 697 1366 739 ἐν
1393 700 1450 752 τῷ
1476 699 1579 753 θείῳ

117 749 282 806 δόγματι
303 755 376 805 τῆς
392 748 608 805 ἅληθείας,
643 748 741 793 efflei
767 750 862 806 μετοῖ
882 749 1085 807 ἀκριβείας
1109 751 1157 793 w*
1175 749 1307 793 πάντα
1338 757 1389 809 τῇ
1417 757 1582 806 Εκκλη-

117 809 184 864 σία
207 805 466 862 κεκήρυκται·
505 808 565 857 τὶς
592 806 666 863 γοῖρ
696 805 920 864 οῗριθμῆσαι
943 807 1015 858 τοῖς
1044 807 1101 862 μή
1127 809 1351 862 δυναμένας
1376 813 1582 862 σφαλῆναι

114 861 218 905 καθ’
245 863 384 918 εἴρμόν
407 864 620 913 ὑπατείας,
652 862 704 906 ου’
730 863 1022 918 καταγνώσεται
1047 869 1130 906 τῶν
1157 863 1402 918 νομιζόντων
1422 868 1580 917 διαφω-

115 922 209 962 νίαν
238 918 361 971 εἷναις
388 922 527 960 Fastos
544 921 666 972 igitur
688 923 922 962 Consulares
947 923 989 961 in
1015 923 1201 974 putandis
1228 923 1340 961 annis
1363 922 1580 962 adhibuere

115 976 363 1016 Pascbalium
385 979 652 1027 confectores,
683 979 811 1017 veluti
832 979 1096 1031 praecipuum
1118 994 1163 1018 ac
1184 985 1333 1018 certum
1354 986 1580 1031 temporum

116 1034 312 1072 Canonem
325 1065 336 1085 ,
366 1034 406 1072 in
425 1034 625 1073 firmandis
645 1035 890 1075 Christianae
911 1036 1113 1087 religionis
1132 1036 1385 1087 argumentis.
1426 1036 1581 1083 Quem-

115 1090 328 1129 admodum
346 1090 591 1143 Theophilus
611 1091 788 1130 Antistes
809 1092 1101 1133 Alexandrinus
1117 1093 1368 1131 Laterculum
1390 1106 1462 1144 per
1483 1106 1582 1130 cen-

114 1154 198 1185 tum
227 1161 349 1185 annos
382 1147 576 1198 digestum
619 1149 906 1201 conscripsisse
944 1149 1114 1198 dicitur,
1152 1164 1173 1187 a
1204 1151 1334 1200 primo
1361 1149 1581 1187 Consulatu

114 1203 327 1241 Theodosii
358 1203 525 1255 Augusti
557 1210 596 1243 et
623 1205 801 1244 Gratiani
834 1219 873 1245 v.
912 1205 954 1243 in
994 1220 1074 1256 quo
1109 1218 1373 1245 annumerans
1410 1205 1460 1243 ab
1486 1219 1577 1244 vm.

113 1260 209 1298 Idus
229 1259 360 1298 Martii
389 1273 515 1312 usque
545 1262 597 1298 in‘
616 1262 720 1301 diem
749 1263 882 1301 Nonas
912 1261 1082 1313 Aprilis,
1113 1262 1289 1314 quolibet
1311 1262 1442 1301 medio
1460 1261 1581 1313 hujus

112 1317 304 1368 temporis
323 1317 474 1368 spatio,
503 1325 635 1356 natam
659 1317 844 1370 perhibet
864 1319 1014 1356 Lunam
1041 1319 1172 1358 facere
1198 1318 1317 1370 primi
1339 1318 1482 1357 mensis
1503 1318 1584 1356 ini-

112 1373 235 1421 tium,
272 1379 319 1411 ut
345 1373 525 1411 scribunt
558 1373 762 1412 Victorius
787 1380 827 1413 et
859 1374 1031 1413 Idatius:
1076 1375 1183 1414 unde
1209 1374 1394 1414 Chronici
1424 1376 1581 1413 nomine

114 1430 282 1468 eundem
309 1429 563 1467 Laterculum
601 1430 725 1468 donat
760 1431 928 1470 Joannes
960 1431 1258 1470 Sarisberiensis
1284 1429 1358 1485 ²),
1398 1431 1504 1481 quod
1541 1431 1584 1469 in

113 1499 160 1524 eo
191 1485 405 1524 Consulum
434 1486 642 1536 Catalogus
670 1486 882 1538 digeratur.
955 1486 1067 1526 Hanc
1101 1488 1218 1526 etiam
1244 1486 1448 1526 Paschalia
1482 1488 1585 1525 scri-

111 1541 231 1580 bendi
258 1541 452 1580 rationem
479 1542 607 1591 attigit
639 1543 808 1582 Senator
826 1541 894 1595 ³),
946 1542 1058 1583 hisce
1097 1544 1255 1583 verbis:
1311 1543 1358 1582 A
1386 1542 1514 1582 Bruto
1549 1553 1585 1582 et

116 1598 335 1651 Tarquinio
356 1613 475 1652 usque
504 1596 559 1635 ad
586 1596 839 1637 Consulatum
871 1609 1059 1649 vestrum,
1089 1601 1191 1639 sicut
1215 1615 1270 1639 ex
1296 1599 1391 1638 Tito
1409 1599 1528 1638 Livio
1548 1610 1585 1638 et

111 1652 281 1705 Aufidio
300 1653 451 1705 Basso,
480 1664 515 1693 et
536 1652 726 1693 Paschale
755 1657 926 1694 virorum
957 1654 1155 1695 clarorum
1175 1656 1584 1709 auctoritaiefirmalo

112 1708 359 1762 colligimus,
390 1711 485 1749 αηηί
516 1720 605 1749 sunt
628 1725 763 1750 mxxx.
819 1711 911 1750 Non
937 1713 1083 1752 mirum
1112 1713 1280 1764 proinde
1302 1712 1433 1750 videri
1452 1711 1582 1761 debet,

112 1766 148 1804 si
167 1772 309 1804 auctor
331 1765 516 1805 Chronici
538 1766 740 1806 Paschalis
770 1768 908 1807 eadem
934 1769 976 1807 in
1004 1770 1281 1820 consignandis
1303 1774 1526 1821 temporum
1546 1777 1585 1807 et

113 1836 306 1861 annorum
322 1824 425 1862 notis
448 1824 573 1863 utitur
589 1824 800 1875 methodo,
830 1838 900 1864 sua
932 1831 1062 1866 aetate
1089 1832 1276 1879 recepta,
1307 1831 1346 1864 et
1370 1839 1393 1864 a
1409 1823 1583 1865 Pascha-

86 1874 93 1879 ⁵
110 1879 208 1918 lium
229 1880 520 1920 confectoribus
536 1879 731 1920 hactenus
751 1888 958 1934 usurpata.

224 1992 425 2031 XXXVII.
484 1993 691 2032 Caeterum
731 2008 806 2046 per
845 1994 1129 2046 quadriennis,
1168 2008 1239 2033 seu
1269 1983 1786 2063 τετραετηρίδας,.ῙῘὲῐ,Ῑ’“5ἵΓ8

113 2062 212 2101 quas
240 2049 498 2101 Olympiadas
522 2055 664 2100 vocat,
695 2051 887 2090 Consules
914 2051 950 2090 is
981 2052 1166 2102 digessit,
1198 2051 1399 2102 quomodo
1427 2051 1575 2090 haben·
1591 2030 1785 2123 (ἦξὲξιῧὸῗι

112 2106 236 2144 turin
255 2105 381 2143 Fastis
401 2107 594 2157 antiquis,
625 2120 726 2157 quos
744 2108 882 2146 laudat
905 2109 1192 2160 Cuspinianus‚
1225 2107 1268 2145 in
1286 2108 1416 2146 Fastis
1442 2108 1580 2147 Victo-
1612 2121 1685 2158 des·

111 2162 185 2212 rii,
225 2168 273 2200 ut
301 2168 470 2200 testatur
500 2161 738 2212 Bucherius,
779 2171 818 2203 et
847 2164 889 2202 in
917 2165 1137 2215 fragmento
1164 2164 1372 2203 Fastorum
1401 2165 1448 2203 ab
1478 2179 1582 2206 anno

113 2218 262 2257 Christi
285 2232 393 2256 cccv.
424 2219 473 2258 ad
505 2232 651 2257 anuum
678 2233 829 2258 cccmv.
860 2226 900 2258 et
930 2221 973 2258 in
995 2219 1175 2258 Paschali
1206 2226 1365 2259 centum
1387 2235 1582 2262 annorum

111 2275 267 2313 initium
295 2275 467 2314 ducente
497 2290 519 2312 a
548 2275 765 2314 Consulatu
794 2277 1041 2315 Constantini
1070 2290 1114 2314 11.
1147 2282 1187 2315 et
1216 2276 1356 2315 Licinii
1373 2291 1417 2316 11.
1438 2278 1487 2316 ab
1513 2291 1582 2318 eo-

111 2331 201 2370 dem
225 2331 422 2370 Bucherio
443 2329 491 2385 4)
524 2331 662 2381 editis,
689 2333 758 2371 ubi
788 2333 941 2383 singula
966 2332 1228 2384 quadriennia
1250 2334 1305 2371 ita
1322 2333 1581 2386 distinguun-

110 2394 203 2437 tur,
231 2394 278 2426 ut
305 2402 431 2426 annus
465 2388 628 2426 illorum
663 2389 816 2441 primus
846 2389 900 2428 sit
928 2403 1084 2441 semper
1106 2389 1350 2440 Bissextilis,
1388 2391 1510 2439 litera¹
1533 2393 1580 2430 B.

111 2443 201 2483 ideo
220 2451 401 2492 notatus,
433 2443 597 2497 adjectis
627 2453 831 2496 praeterea
854 2445 1041 2484 Kalendis
1060 2445 1235 2483 Januarii
1262 2453 1302 2484 et
1322 2447 1504 2499 Epactis,
1535 2454 1580 2486 ut

110 2501 150 2538 in
181 2501 275 2542 cod.
300 2501 508 2539 Colberteo
541 2515 654 2540 CCXL.
683 2503 788 2553 cycli
818 2502 1202 2541 Decemnovennales
1245 2502 1480 2555 digeruntur
1511 2518 1584 2555 per
1613 2511 1642 2545 P
1666 2513 1710 2547 31

110 2557 337 2610 Bissextos,
375 2557 490 2596 initio
516 2558 640 2598 ducto
674 2560 723 2598 ab
761 2574 862 2598 anno
887 2559 1088 2598 Bissextili
1113 2572 1277 2601 nxxxu.
1318 2574 1419 2612 quos
1451 2561 1583 2599 omisit

157 2713 198 2756 ι)
220 2713 326 2747 Haer.
350 2714 407 2749 51.
430 2725 463 2748 n.
486 2716 544 2751 22.

156 2758 201 2825 ζ)

156 2804 200 2893 ⁴3
226 2850 370 2885 Bucher.
393 2862 429 2897 p.
456 2853 509 2887 11.
