1884 3262
637 223 1041 269 PRAEFATIO.
1510 221 1575 270 15

106 349 193 400 bri,
223 361 325 400 quae
344 359 428 396 res,
457 344 588 397 inquit
615 342 805 382 Petavius
821 340 890 394 ¹),
922 347 964 381 et
991 338 1236 379 chronicum
1258 336 1392 390 ipsum
1416 342 1576 377 contur-

104 407 200 455 bat,
230 411 270 444 et
296 402 458 443 lectoris
488 400 701 441 confundit
728 399 940 451 ingenium.
995 398 1134 450 Neque
1162 395 1320 436 aliunde
1339 393 1449 433 Fasti
1475 394 1577 433 Con-

107 464 259 503 salares
293 459 486 512 exscripti
518 464 635 509 sunt,
667 471 759 496 cum
783 457 826 495 in
850 454 1108 495 Paschalibus
1135 453 1165 492 ii
1195 452 1366 492 describi
1391 451 1580 490 solerent.

107 526 153 559 ut
168 520 271 558 infra
293 518 567 557 observamus.
623 515 690 553 Sic
706 528 831 566 porro
853 513 1014 552 Latinos
1035 510 1238 550 Paschalia
1268 523 1339 549 sua
1357 508 1577 548 confecisse

106 578 238 630 palam
261 582 342 624 est,
374 588 424 613 ex
445 572 607 612 Tabulis
635 585 734 623 quas
753 570 887 609 Cereis
913 567 1168 608 paschalibus
1200 566 1425 620 appendere
1447 566 1578 605 solent

108 634 286 685 singulae
312 632 376 671 vel
400 631 580 669 civitates
606 629 670 667 vel
701 628 899 667 dioeceses
914 623 985 682 2),
1014 627 1056 664 in
1085 625 1230 677 quibus
1250 622 1464 676 singularia
1486 623 1578 669 ista,

110 705 212 743 qnae
235 690 324 728 illas
344 693 544 741 spectant,
575 686 758 724 annotari
775 685 915 725 solent.
975 683 1188 721 Enimvero
1211 687 1250 720 et
1268 681 1300 719 si
1320 695 1404 720 rem
1425 686 1472 718 ut
1492 694 1518 718 a·
1536 693 1579 718 se

107 750 235 787 visam
256 745 459 784 interdum
487 749 643 782 enarret
669 742 774 781 idem
803 741 998 794 scriptor,
1038 740 1102 778 vel
1131 739 1167 777 ei
1193 744 1324 789 gestae
1354 737 1580 776 interfuisse

109 805 360 856 aliquatenus
388 801 522 852 colligi
547 800 735 840 videatur
761 812 879 852 posse
911 810 960 836 ex
997 796 1081 850 ejus
1109 795 1292 848 scriptis,
1332 794 1461 833 veluti
1489 806 1581 833 cum

106 858 405 900 Melchisedecis
422 865 462 897 et
479 856 699 896 Hieremiae
717 856 843 907 elogia
872 854 1126 907 perstringit,
1156 866 1270 891 nemo
1289 852 1448 902 ignorat
1474 851 1581 905 ejus-

108 917 219 957 modi
245 915 534 955 chronicorum
573 914 843 962 confectores,
883 912 977 950 dum
1005 925 1078 950 sua
1107 924 1157 949 ex
1186 909 1323 948 alienis
1347 909 1580 960 resarciunt,

108 975 351 1027 scriptorum
382 972 505 1011 verba
533 971 708 1023 integra,
747 970 856 1008 nullo
887 968 1024 1007 habito
1055 968 1232 1016 delectu,
1262 966 1460 1016 inserere,
1491 981 1582 1006 cum

109 1045 214 1084 quae
238 1030 286 1068 ab
304 1029 384 1068 illis
403 1029 488 1068 visa
508 1034 620 1078 sunt,
649 1027 716 1066 vel
737 1041 874 1066 eorum
890 1031 1053 1079 peracta
1074 1030 1201 1064 aetate
1219 1030 1446 1072 recensent,
1471 1023 1583 1076 quasi

111 1103 132 1127 a
153 1101 196 1127 se
212 1088 321 1136 visa,
350 1087 415 1125 vel
444 1098 515 1125 sua
541 1090 776 1137 tempestate
805 1090 912 1135 gesta
938 1088 1137 1121 enarrant.
1198 1082 1329 1132 Atque
1356 1081 1399 1120 id
1422 1081 1582 1132 potissi-

109 1158 218 1183 mum
236 1144 450 1182 observare
468 1148 529 1182 est
548 1156 598 1180 ex
610 1141 819 1180 Chronicis
839 1139 999 1192 Georgii
1019 1138 1208 1191 Syncelli,
1237 1139 1395 1189 Georgii
1416 1138 1584 1177 Hamar-

108 1202 205 1250 toli,
236 1200 442 1254 Symeonis
473 1198 735 1250 Logothetae,
766 1204 806 1237 et
834 1198 945 1245 aliis3
975 1196 1133 1236 tametsi
1150 1195 1355 1234 fatendum
1378 1195 1450 1244 sit,
1480 1208 1584 1246 quae

109 1272 190 1311 quo
205 1258 368 1310 ipsimet
386 1258 524 1297 vixere
554 1263 734 1309 tempore
761 1255 986 1306 contigere,
1015 1267 1098 1292 non
1128 1253 1177 1292 ab
1206 1253 1294 1292 aliis
1322 1253 1584 1305 scriptoribus

108 1317 235 1354 solere
259 1314 455 1364 mutuari,
497 1313 566 1352 sed
594 1327 638 1352 ea
670 1327 721 1351 ex
751 1326 822 1351 suo
851 1325 960 1364 penu
984 1323 1191 1364 promere,
1234 1310 1292 1348 ita
1324 1317 1370 1348 ut
1390 1309 1585 1361 siquidem

109 1371 306 1412 Paschalii
337 1371 542 1424 Scriptor,
581 1371 648 1408 vel
679 1375 786 1408 certe
819 1369 1081 1406 Continuator
1111 1366 1186 1405 sub
1218 1366 1403 1405 Heraclio
1426 1366 1586 1417 vixerit,

107 1430 151 1468 in
169 1429 284 1481 cujus
306 1442 452 1467 anuum
480 1441 550 1466 xx.
573 1426 801 1465 Chronicon
828 1425 1082 1477 perducitur,
1115 1437 1216 1475 quae
1243 1436 1314 1462 sua
1341 1428 1486 1472 aetate,
1517 1430 1587 1462 aut

107 1486 294 1539 proxime
313 1485 537 1535 contigere,
567 1484 634 1522 vel
659 1496 760 1535 quae
780 1482 951 1532 viderit,
982 1487 1052 1520 aut
1083 1480 1263 1528 sciverit,
1294 1493 1499 1519 enarrasse
1514 1493 1584 1519 ve·-

108 1557 156 1582 ro
176 1543 405 1594 proximum
424 1541 487 1581 sit.
548 1540 693 1579 Verum
715 1553 765 1577 an
793 1539 900 1578 idem
921 1539 1094 1590 scriptor
1119 1537 1192 1576 sub
1213 1537 1400 1575 Heraclio
1422 1537 1584 1584 vixerit,

110 1598 323 1639 addubitat
348 1598 504 1636 Goarus
528 1597 570 1634 in
597 1596 845 1635 Praefatione
881 1595 933 1633 ad
963 1594 1124 1646 Georgii
1158 1594 1335 1645 Syncelli
1363 1593 1585 1633 Chronolo-

108 1657 232 1707 giam,
261 1654 376 1705 cujus
396 1654 520 1693 verba
537 1652 606 1691 hic
627 1666 846 1705 apponam:
889 1649 1110 1691 Chronicon
1130 1648 1458 1690 Alexandrinum
1478 1648 1586 1689 haud
1607 1651 1638 1686 V
1661 1653 1683 1688 7

106 1711 250 1752 lectum
286 1709 453 1764 Geor-gio
478 1707 683 1765 Syucello,
725 1723 794 1748 nec
826 1707 966 1749 Phoiio
995 1716 1275 1757 memoratum,
1304 1707 1445 1746 aetatis
1471 1722 1588 1761 penes

107 1783 260 1807 menon
289 1777 346 1807 est
369 1765 568 1806 indubiae.
630 1763 749 1818 Quod
773 1766 875 1804 enim
903 1763 960 1803 ad
980 1762 1167 1804 Heraclii
1186 1773 1447 1817 tempestatem
1465 1763 1587 1804 hisio-

108 1827 212 1864 riam
225 1825 456 1879 profiteatur
473 1821 680 1873 deducere,
709 1823 885 1861 auctoris
913 1822 1063 1875 pariter
1078 1831 1114 1859 et
1144 1818 1302 1860 librarii
1321 1822 1584 1860 testimonium

108 1896 187 1921 esse
203 1890 352 1934 potest,
384 1881 454 1934 qui
479 1894 577 1934 opus
599 1877 774 1918 nondum
791 1878 910 1933 forte
933 1876 1156 1917 absolutum
1176 1887 1319 1917 nactus
1336 1877 1379 1916 in
1397 1875 1585 1917 Heraclii

108 1951 257 1986 annos,
288 1938 369 1990 ejus
385 1937 514 1991 finem
533 1934 728 1986 incidere,
754 1950 834 1974 non
853 1944 1051 1976 auctorem
1069 1935 1219 1973 vixisse
1236 1935 1452 1983 iniciari,-
1465 1944 1583 1987 prout
1606 1937 1635 1972 P
1660 1940 1682 1974 8

108 2009 189 2034 non
225 1991 400 2032 absimili
430 1991 615 2047 loquendi
643 2007 771 2043 more,
811 2007 888 2046 quo
928 1993 1043 2030 annis
1073 1991 1294 2045 quingentis
1331 1992 1583 2044 posteriorem

114 2049 324 2103 Georgium
356 2048 581 2103 Syncellum
610 2045 692 2090 ἆπδ
716 2046 837 2100 Αδᾶμ
866 2047 977 2102 μέχρι
998 2050 1314 2100 Διοκλητιανοῦ,
1345 2045 1400 2086 ad
1422 2046 1585 2086 Diocle-

109 2107 213 2146 tiani
247 2106 442 2159 Principis
475 2104 687 2159 Imperium
716 2104 1079 2159 Chronographiam
1115 2105 1362 2144 continuasse
1397 2101 1584 2143 librarius

109 2172 240 2202 noster
263 2164 454 2215 scriptum
474 2163 514 2201 in
540 2160 657 2201 titulo
677 2160 860 2216 reliquit,·
889 2162 1069 2217 quamvis
1096 2162 1204 2201 circa
1227 2159 1388 2199 dubium
1411 2175 1482 2200 nec
1500 2175 1584 2200 sen-

109 2220 271 2258 tentiam
292 2234 347 2258 ezr
363 2216 556 2258 tribunali
580 2219 859 2272 pronuntiare,
886 2233 957 2257 nec
982 2216 1090 2257 litem
1111 2231 1262 2256 movere
1275 2215 1420 2270 placet.
1475 2216 1584 2255 Hac-

108 2282 226 2315 tenus
255 2276 321 2314 vir
348 2275 629 2324 doctissimus,
668 2274 844 2327 mihique
877 2275 976 2314 dnm
1004 2274 1162 2314 viveret
1200 2274 1373 2312 amicitia
1404 2275 1585 2328 junctus,

111 2333 181 2384 qui
211 2338 415 2371 auctorem
440 2331 636 2371 Paschalii
664 2332 851 2385 Syncello
882 2338 923 2371 et
950 2330 1094 2370 Photio
1124 2331 1391 2383 posteriorem
1424 2330 1587 2370 videtur

109 2389 209 2428 inde·
229 2389 442 2440 colligere,
468 2390 531 2429 vel
566 2395 676 2429 certe
703 2388 923 2441 conjicere,
953 2387 1063 2440 quod
1089 2388 1140 2427 de
1166 2388 1236 2427 illo
1266 2402 1434 2440 prorsus
1466 2388 1587 2427 silue-

110 2446 204 2486 rint.
263 2446 337 2485 Cui
366 2446 527 2498 quidem
557 2446 772 2485 firmandae
801 2445 1054 2498 conjecturae
1091 2444 1196 2483 illud
1235 2444 1384 2485 addere
1413 2450 1585 2498 poterat,

112 2502 282 2543 eundem
303 2501 489 2542 Photium
510 2503 633 2542 trium
659 2509 890 2553 auctorum,
921 2515 1093 2554 quorum
1116 2502 1216 2540 alter
1234 2508 1294 2540 est
1317 2501 1585 2551 Metrodorus,

111 2560 196 2600 duo
213 2559 280 2598 alii
296 2565 390 2598 sunt
416 2561 626 2613 anonymi,
656 2561 805 2612 scripta
834 2560 884 2599 de
902 2558 1094 2599 Paschate
1112 2560 1378 2604 recensuisse,
1410 2557 1586 2598 auctoris

111 2630 207 2655 vero
229 2616 417 2656 Chronici
435 2618 562 2656 nostri
578 2631 658 2656 non
678 2617 914 2657 meminisse.
971 2616 1050 2656 Sed
1067 2615 1168 2656 haec
1187 2630 1272 2656 rem
1291 2614 1404 2655 haud
1422 2615 1585 2654 omnino

110 2673 307 2725 probant,
338 2686 430 2713 cum
457 2688 532 2714 nec
557 2674 688 2714 omnia
719 2674 870 2714 vidisse
900 2675 968 2714 vel
998 2673 1140 2724 legisse
1168 2672 1355 2712 Photium
1388 2686 1488 2726 quae
1513 2684 1583 2711 sua

109 2735 347 2783 tempestate
366 2737 600 2784 supererant
618 2732 824 2771 volumina
842 2745 917 2784 pro
935 2736 1045 2771 certo
1065 2729 1204 2770 haberi
1224 2730 1376 2770 debeat.

155 2863 197 2929 ζ)
219 2864 296 2919 Lib.
318 2866 352 2901 9.
378 2865 422 2899 de
445 2863 567 2899 Doetr.
587 2866 693 2909 temp.
717 2875 794 2910 cap.
817 2865 852 2900 3.

178 2909 197 2952 )
222 2910 311 2945 Vide
334 2912 450 2946 Gloss.
472 2911 562 2946 med.
585 2911 647 2945 lat.
669 2909 705 2945 in
728 2910 861 2946 Cereus
883 2909 1070 2946 Paschalis.
