1884 3262
656 175 1067 218 PRAEFATIO.
1537 177 1602 225 55

133 288 302 327 fortasse
321 287 436 327 etiam
459 287 694 326 cultioribus
723 288 852 327 minus
874 289 1049 340 placeat,
1082 289 1150 327 sed
1167 302 1289 340 quae,
1319 289 1393 327 nisi
1415 289 1500 341 ipse
1521 289 1603 329 sat-

132 346 216 395 lor,
246 344 295 383 ad
316 344 542 396 scriptionis
563 345 720 395 genium
741 345 908 397 propius
928 346 1110 394 accedat,
1142 346 1211 383 ubi
1227 345 1436 395 vertimus,
1470 352 1513 383 ut
1532 360 1603 384 so-

132 408 251 451 nant,
294 401 435 450 verba,
477 414 566 439 cum
599 407 736 439 auctor
767 401 979 452 plaeraque
1005 403 1109 453 stylo
1138 401 1341 441 humiliori
1369 416 1415 440 ac
1444 401 1601 453 plebeio

133 458 382 507 exaraverit,
417 457 522 495 unde
550 459 718 510 scriptor
749 455 876 502 idiota
903 457 1053 495 dicitur
1082 459 1306 509 Scaligero,
1337 472 1408 497 seu
1433 458 1602 511 ipsemet

132 527 202 552 sua
238 513 343 563 suis,
372 513 438 551 vel
464 513 588 551 aliena
613 513 751 552 alienis
772 513 904 551 verbis
927 513 982 551 ita
1012 514 1258 554 reddiderit:
1290 528 1529 567 quamquam
1556 521 1604 553 ut

131 583 269 610 verum
294 571 512 619 fateamur,
541 569 739 621 principio
762 583 842 608 non
866 575 943 608 tam
977 583 1143 618 novam,
1175 585 1292 623 quam
1326 572 1600 623 interpolatam

130 627 493 679 interpretationem
518 626 614 664 dare
638 628 887 678 propositum
912 625 1027 664 nobis
1047 633 1148 676 erat,
1179 628 1317 679 sicque
1336 628 1376 666 in
1401 629 1497 667 locis
1518 628 1602 666 ali-

131 690 231 734 quot
260 683 322 723 usi
350 696 498 721 sumus.
557 682 703 721 Verum
730 696 821 720 cum
849 683 1024 721 auctoris
1051 658 1168 722 verb⁷a
1192 684 1308 724 aliter
1339 698 1456 735 saepe
1482 698 1600 736 quam

131 739 312 778 eruditus
329 740 524 802 interpres
540 738 845 788 reddiderimus,
868 739 1097 778 asserendae
1117 747 1275 778 nostrae
1292 741 1353 779 vel
1376 741 1483 779 illius
1505 754 1601 778 con-

128 796 317 834 futandae
339 795 514 834 versioni
527 795 731 833 immorari
752 794 896 834 debere
926 795 1086 834 minime
1107 797 1355 843 censuimus,
1386 803 1470 835 tum
1490 797 1602 848 quod

129 866 268 892 sensus
296 851 412 890 allata
443 851 653 890 diversitas
675 851 912 890 sententiam
943 858 1139 902 nostram,
1169 854 1200 891 si
1230 867 1311 891 non
1342 852 1495 903 firmat,
1521 855 1601 892 sal-

129 915 208 951 tem
226 907 395 961 prodat,
424 907 474 946 de
504 915 672 959 utraque
696 907 904 960 judicandi
933 908 1076 948 relicto
1103 910 1258 948 Lectori
1293 909 1485 948 arbitrio:
1515 916 1600 948 tum

130 964 248 1004 etiam
282 964 392 1016 quod
417 978 468 1003 ex
496 965 634 1003 alienis
667 965 826 1014 erratis,
869 965 900 1003 si
924 978 1023 1016 quae
1049 972 1288 1014 occurrant,
1336 965 1447 1016 quod
1473 966 1602 1005 fecere

128 1021 206 1060 viri
231 1021 386 1072 aliquot
414 1020 653 1069 doctissimi,
683 1021 753 1072 qui
777 1021 854 1060 toti
881 1021 962 1060 fere
980 1028 1074 1060 sunt
1099 1022 1141 1060 in
1162 1023 1209 1061 iis
1228 1022 1412 1061 notandis
1433 1023 1475 1060 in
1494 1022 1602 1060 alio-

127 1090 217 1117 rum
235 1077 497 1126 versionibus,
528 1078 693 1127 gloriam
715 1078 906 1130 aucupari
928 1079 1071 1130 procul
1089 1079 1191 1118 absit
1207 1093 1226 1116 a
1245 1079 1421 1117 moribus
1440 1079 1600 1118 nostris.

127 1134 176 1173 ld
195 1141 327 1174 autem
360 1134 403 1172 in
420 1134 566 1186 primis,
577 1134 868 1186 praestitimus,
896 1134 937 1172 in
962 1134 1012 1173 iis
1034 1149 1135 1186 quae
1162 1150 1212 1174 ex
1232 1136 1361 1173 Sacris
1382 1135 1494 1173 libris
1521 1149 1602 1173 ex-

128 1196 266 1243 cerpta
299 1196 412 1239 sunt,
458 1190 637 1229 veter'um
667 1191 830 1230 Patrum
863 1191 1070 1242 utriusque
1094 1192 1254 1243 linguae
1283 1192 1492 1243 exemplo,
1531 1191 1602 1228 ubi

128 1247 332 1287 versiones
361 1253 562 1299 receptas,
607 1253 798 1298 quantum
827 1247 962 1296 licuit,
1004 1262 1140 1286 sumus
1167 1248 1317 1297 secuti,
1349 1261 1429 1286 non
1459 1247 1601 1286 omissa

128 1304 247 1343 etiam
275 1302 476 1342 scribendi
505 1303 613 1355 apud
633 1304 834 1342 Hebraeos
856 1303 1001 1342 usitata
1027 1305 1180 1343 ratione
1209 1305 1250 1342 in
1277 1303 1504 1342 nominibus
1526 1318 1601 1356 ap-

126 1360 326 1413 pellativis
345 1359 579 1407 reddendis,
609 1360 701 1411 qui,
731 1366 778 1398 ut
799 1359 855 1398 ait
870 1359 1085 1411 Josephus,
1110 1362 1157 1402 ὲν
1189 1357 1326 1401 αὐτων
1353 1363 1504 1413 σχῆμα,
1532 1359 1604 1400 καὶ

125 1414 312 1469 τελευτην
330 1417 428 1468 μίαν
447 1429 602 1468 semper
621 1422 797 1465 servant,
827 1422 966 1454 contra
991 1430 1109 1467 quam
1130 1418 1274 1456 Graeci
1294 1431 1339 1455 ac
1360 1417 1501 1467 Latini,
1532 1416 1603 1467 qui

127 1487 172 1513 ea
195 1471 262 1514 δια
284 1470 328 1516 τὸ
343 1475 414 1523 τῆς
429 1476 590 1526 γραφῆς
609 1468 821 1525 εὐπρεπές,
852 1473 933 1511 suis
952 1473 1098 1524 linguis
1118 1473 1433 1514 accommodant.
1488 1472 1603 1511 Adde

128 1529 260 1582 quod,
291 1528 451 1581 quando
481 1529 647 1569 Latinae
675 1530 835 1580 linguae
860 1529 1020 1580 lepores
1052 1536 1091 1568 et
1120 1530 1334 1569 munditias
1361 1530 1455 1582 plus
1484 1542 1604 1580 quam

125 1600 203 1640 par
221 1592 279 1625 est
299 1591 477 1625 sectatur
493 1586 705 1638 interpres,
735 1585 930 1625 vertendo
950 1599 1065 1637 saepe
1086 1592 1263 1631 evertat.
1294 1592 1341 1625 ut
1360 1591 1494 1624 censet
1511 1585 1606 1624 Hie-

126 1657 342 1696 ronymus:
382 1655 474 1680 cum
496 1649 699 1694 praeterea
722 1644 794 1694 τῆς
811 1640 1023 1694 ἑρμηνείας
1042 1638 1148 1695 μόνη
1171 1639 1291 1695 §pem
1312 1643 1363 1681 sit
1386 1637 1604 1694 σαφήνεια,

127 1706 174 1739 ut
205 1700 261 1738 ait
289 1700 463 1738 Galenus
481 1698 539 1751 1).
596 1699 643 1737 Ιιι
673 1713 793 1770 quam
818 1698 1051 1736 sententiam
1081 1700 1286 1751 praeclare
1306 1700 1488 1738 Clemens
1513 1698 1606 1736 Ale-

126 1756 349 1796 xandrinus
347 1753 440 1824 2),
469 1753 500 1808 ἦ
528 1753 600 1808 μὲν
623 1755 726 1805 λέξις
746 1751 835 1796 οἷον
855 1752 984 1823 ἐσθής
1004 1754 1085 1796 ἐστι
1118 1768 1324 1809 σωματος,
1354 1752 1402 1795 τοὶ
1429 1752 1473 1796 δὲ
1503 1750 1604 1807 προῖ-
1629 1761 1660 1795 V
1678 1762 1724 1798 36

128 1829 287 1880 γματα,
308 1809 453 1866 σάρκες
480 1811 557 1853 εἰσὶ
577 1811 646 1853 καὶ
663 1814 800 1880 νεῦρα.
834 1807 885 1852 ov’
902 1808 976 1863 χρῆ
1002 1811 1142 1852 τοίνυν
1160 1815 1232 1865 τῆς
1252 1812 1425 1864 ἐσθῆτος
1440 1808 1517 1863 πρὸ
1531 1813 1605 1861 τῆς

127 1873 202 1911 τοῦ
229 1865 412 1922 σώματος
439 1869 634 1922 σωτηρίας
659 1865 881 1922 κήδεσθαι,
911 1866 1036 1906 dicito
1058 1867 1179 1908 veluti
1203 1870 1318 1908 vestis
1338 1877 1394 1907 est
1414 1867 1603 1919 corporis.

128 1924 211 1965 Res
240 1935 368 1964 autem
396 1926 522 1978 ipsae,
553 1935 689 1964 carnes
716 1934 806 1964 sunl
824 1933 860 1963 et
880 1925 1011 1975 nervi,
1041 1939 1118 1965 non
1150 1926 1271 1979 igitur
1299 1939 1397 1979 prae
1427 1923 1605 1977 corporis

127 1981 255 2022 salute
273 1983 432 2021 vestium
459 1979 640 2021 habenda
664 1996 772 2021 cura.

238 2149 380 2190 XLVI.
440 2149 586 2198 Quoad
604 2163 699 2188 vero
717 2150 862 2200 Notas,
893 2162 991 2201 quas
1013 2148 1252 2188 illustrando
1271 2154 1478 2200 utcunque
1496 2147 1602 2187 scri-
1611 2158 1666 2193 De
1689 2158 1784 2193 Nota

126 2207 237 2262 ptori
259 2213 398 2246 nostro
426 2206 689 2259 subjecimus,
719 2206 762 2245 in
789 2220 834 2245 eo
853 2212 1081 2256 argumento
1114 2206 1170 2245 ita
1197 2218 1333 2244 sumus
1354 2204 1526 2254 versati,
1556 2210 1603 2243 ut
1632 2205 1796 2240 tionibus.

127 2265 207 2304 loci
230 2264 299 2316 qui
317 2263 447 2302 lucem
467 2263 640 2315 aliquam
668 2269 855 2315 expetere
872 2262 1128 2313 viderentur,
1157 2261 1270 2301 brevi
1287 2261 1482 2300 duntaxat
1499 2261 1606 2299 dilu-

129 2321 360 2360 cidarentur
388 2321 663 2359 annotatione:
708 2326 777 2358 aut
802 2319 834 2358 si
856 2319 905 2357 ab
929 2319 1015 2357 aliis
1042 2319 1107 2357 vel
1129 2332 1179 2357 ex
1202 2318 1406 2370 professo,
1437 2324 1507 2356 aut
1527 2318 1604 2356 alia

127 2378 307 2430 qualibet
336 2377 544 2419 occasione
571 2391 637 2416 res
666 2376 715 2415 de
743 2390 822 2427 qua
852 2376 982 2426 agitur
1006 2381 1106 2414 esset
1133 2381 1397 2428 pertractata,
1444 2374 1604 2414 Lectori

126 2441 279 2474 tantum
297 2433 561 2485 indicaretur,
590 2447 639 2472 ne
657 2439 790 2471 actum
811 2432 990 2471 dicamur
1012 2445 1128 2482 agere
1141 2461 1151 2479 ,
1182 2432 1248 2471 vel
1270 2432 1438 2470 aliorum
1457 2431 1602 2470 obser-
1625 2446 1654 2479 p
1679 2445 1725 2480 40

126 2491 355 2531 vationibus
380 2497 535 2530 nostras
565 2489 771 2530 infarcirez
814 2503 904 2527 cum
929 2489 1023 2527 alias
1056 2489 1216 2527 minime
1240 2488 1428 2540 persequi
1465 2501 1603 2526 eorum

132 2549 264 2600 potius
281 2548 332 2587 sit
349 2547 418 2600 qui
436 2562 487 2588 ne
505 2547 601 2587 satis
621 2547 767 2595 multa,
798 2559 917 2598 quam
935 2546 1004 2598 qui
1024 2558 1074 2584 ne
1095 2545 1187 2584 satis
1208 2545 1319 2585 utilia
1340 2544 1517 2583 scribant
1537 2557 1603 2583 ve-

179 2794 220 2836 1)
244 2794 369 2828 Galen.
394 2794 418 2828 1.
440 2795 474 2828 9.
499 2794 542 2828 de
569 2793 680 2839 simpl.
705 2792 824 2827 medic
852 2804 886 2838 p.
912 2792 989 2827 121.

178 2840 222 2884 2)
246 2839 321 2876 Lib.
345 2843 376 2876 1.
400 2840 526 2875 Strom.
