1820 3276
261 193 361 242 472
850 193 1175 238 NOTAE

261 303 369 357 pisso
399 307 537 342 auctor
565 307 640 342 est.
698 300 750 340 At
786 314 861 341 cur
898 299 989 351 νέος
1018 303 1323 351 Κωνσταντῖνος
1351 301 1540 357 deinceps
1568 303 1727 356 indigi-

261 366 368 400 tatus
396 359 469 408 sit,
500 371 594 397 vero
625 358 751 396 simile
781 365 840 397 est
866 358 911 397 id
941 372 963 396 a
991 359 1144 412 populo
1171 359 1426 411 profluxisse,
1457 360 1507 399 ob
1537 361 1726 413 praecla-

261 431 325 455 ras
367 415 488 455 animi
526 414 660 464 dotes,
707 414 820 466 quasi
869 415 971 453 alter
1009 415 1187 455 extiterit
1228 416 1509 455 Constantinus
1549 418 1726 468 Magnus.

115 481 143 513 V
169 479 236 516 545
268 474 325 511 An
366 485 487 523 porro
522 484 604 508 vox
645 470 756 519 νέος,
802 485 873 522 per
911 472 1056 520 Iunior,
1095 473 1160 510 vel
1189 485 1261 524 per
1288 485 1399 512 novus
1428 472 1560 512 efferri
1591 474 1726 515 Latine

262 528 426 578 debeat,
476 526 658 578 pluribus
706 527 964 579 disquirimus
1002 528 1043 566 in
1088 528 1218 566 Gloss.
1253 528 1356 566 med.
1397 529 1570 568 Graecit.
1605 529 1647 568 in
1686 541 1725 568 v.

263 584 365 632 νέος.
423 584 579 622 Addam
620 584 835 634 duntaxat,
888 598 958 636 per
993 585 1141 633 Iunior,
1194 598 1285 623 cum
1325 586 1607 636 postponitur:
1655 597 1728 636 per

261 655 392 689 novus,
423 653 512 679 cum
542 640 826 693 praeponitur,
853 640 897 679 id
926 641 1109 680 vocabuli
1137 640 1253 680 reddi
1281 646 1326 678 ut
1353 641 1572 692 plurimum
1599 641 1728 684 videri

262 697 419 736 debere.
1154 717 1156 719 >

377 753 470 803 Pag.
500 755 595 795 689.
627 756 690 796 12.
755 750 809 793 To*
840 748 927 803 ια’.]
960 751 1019 790 Ad
1051 751 1161 792 hunc
1190 767 1333 791 annum
1363 767 1547 792 anxvn.
1573 758 1730 806 spectat

264 808 594 849 characterismus
631 816 792 848 notatus
828 809 870 847 in
909 808 1122 861 Epitaphio
1162 810 1340 861 ejusdem
1372 811 1499 848 Boetii
1536 810 1576 849 in
1609 811 1730 849 Roma

265 867 519 906 subterranea
549 865 618 904 lib.
647 880 703 905 1v.
737 879 822 917 cap.
852 879 893 904 x.
923 865 992 904 ubi
1030 866 1236 917 depositus
1267 866 1416 905 dicitur
1443 871 1510 905 oct.
1539 867 1624 906 Kal.
1653 864 1732 905 No-

263 925 370 964 vemb.
402 923 534 961 Indict.
563 936 622 961 xl.
653 922 746 973 Imp.
776 921 865 962 DN.
893 923 1033 961 Iustino
1062 923 1141 962 ΡΡ.
1171 924 1266 973 Aug.
1297 937 1393 962 anno
1419 937 1494 963 ΧΠ.
1524 927 1559 962 et
1592 923 1733 966 Tiberio

267 980 419 1019 Caesare
446 992 538 1016 anno
566 992 627 1016 111.
685 979 747 1016 Ex
776 992 856 1030 quo
886 984 996 1017 recte
1026 979 1191 1032 conjicit
1217 980 1282 1018 vir
1308 979 1563 1018 doctissimus
1584 992 1732 1018 annum

125 1044 153 1077 P
177 1040 246 1079 604
268 1035 336 1075 hic
378 1035 579 1085 designari
617 1034 765 1074 Christi
800 1035 1004 1085 vulgarem
1045 1049 1229 1074 anxvu.
1269 1050 1350 1088 quo
1388 1049 1524 1075 mense
1562 1035 1733 1075 Octobri

266 1098 352 1132 erat
389 1091 562 1130 Indictio
591 1105 647 1129 XI.
687 1104 814 1130 annus
853 1104 952 1129 vero
978 1105 1052 1132 xn.
1091 1091 1251 1143 Imperii
1289 1093 1451 1142 Justini,
1496 1106 1576 1131 non
1616 1094 1733 1132 Post-

266 1149 517 1195 consulatus,
548 1147 698 1186 Tiberii
729 1153 859 1185 autem
890 1147 1102 1187 Caesareae
1131 1147 1333 1198 dignitatis
1365 1162 1426 1189 111.

379 1205 474 1254 Pag.
504 1206 599 1245 689.
632 1207 696 1246 18.
756 1200 848 1256 ιβ’]
889 1203 1107 1257 Inscriptio
1138 1204 1364 1243 Christiana
1403 1204 1514 1257 apud
1539 1205 1735 1256 Sponium

266 1264 307 1301 in
339 1260 553 1299 Miscellan.
588 1260 769 1298 eruditae
811 1259 1005 1311 Antiquit.
1035 1273 1123 1312 pag.
1155 1260 1249 1304 814.
1294 1262 1395 1300 Obiit
1423 1274 1512 1299 vlu.
1543 1261 1630 1300 Kal.
1659 1261 1736 1301 De-

267 1318 431 1366 cembris,
463 1316 645 1354 duodecies
674 1316 716 1355 P.
750 1316 789 1354 C.
818 1316 979 1365 Justini,
1009 1316 1207 1357 Indictione
1232 1331 1302 1358 xv.
1351 1317 1508 1356 ⁴Consul
1538 1323 1622 1356 tum
1651 1317 1737 1370 pri·

268 1387 373 1414 mum
405 1373 602 1424 processit
629 1373 816 1420 justinus,
845 1379 892 1411 ut
920 1386 1042 1425 supra
1070 1373 1284 1425 attigimus,
1314 1374 1401 1414 Kal.
1432 1373 1516 1413 Jan.
1546 1387 1610 1412 an.
1641 1373 1735 1416 Chr.

267 1443 422 1469 anvu.
463 1429 607 1467 Indict.
645 1443 711 1468 xv.
782 1429 909 1480 Igitur
945 1443 1016 1468 ΧΠ.
1063 1429 1149 1482 ejus
1187 1430 1509 1470 postconsulatus
1547 1430 1657 1469 cadit
1691 1430 1737 1469 in

268 1487 529 1525 Indictionem
558 1499 632 1523 ΧΗ.
674 1484 907 1537 (quomodo
944 1485 1012 1525 hic
1043 1486 1362 1540 emendandum)
1403 1501 1506 1525 anno
1537 1500 1738 1535 nnxxvnx.

270 1543 350 1582 Sed
390 1556 479 1580 cum
508 1541 588 1580 hoc
617 1555 721 1581 anno
750 1542 925 1581 Justinus
956 1556 977 1581 e
1007 1543 1087 1581 vita
1118 1544 1336 1583 excesserit
1364 1557 1404 1584 v.
1439 1543 1605 1583 Octobr.
1636 1557 1739 1597 pro-

269 1599 363 1638 inde
390 1605 482 1637 ante
510 1612 566 1637 1x.
594 1599 685 1636 Kal.
717 1599 921 1638 Decembr.
951 1598 1019 1638 hic
1054 1606 1237 1638 notatum
1275 1600 1401 1651 diem,
1441 1599 1653 1640 dicendum
1681 1601 1740 1640 il«-

269 1657 349 1694 lius
389 1655 523 1693 obitus
561 1655 746 1702 nuntium
782 1655 824 1694 in
862 1656 1018 1694 Italiam
1054 1657 1234 1695 nondum
1271 1657 1452 1706 venisse,
1501 1670 1598 1709 cum·
1635 1656 1741 1696 illud

271 1711 526 1763 Epitaphium
565 1711 759 1764 scriptum
801 1718 870 1752 est.
933 1713 995 1751 Ad
1031 1712 1142 1751 hunc
1180 1716 1326 1752 annum
1364 1713 1479 1752 etiam
1510 1714 1613 1752 forte
1642 1727 1741 1766 spe-

273 1774 354 1807 ctat
381 1774 479 1806 nota
510 1781 583 1805 xu.
614 1769 795 1820 apposita
826 1769 867 1807 in
896 1783 1059 1808 nummo
1089 1770 1234 1808 Justini
1263 1785 1285 1809 a
1315 1770 1430 1808 nobis
1461 1769 1667 1823 descripto
1698 1771 1740 1815 ju

271 1824 408 1862 Famil.
439 1825 602 1875 Byzant.
633 1824 712 1862 nisi
742 1825 792 1862 sit
825 1839 950 1864 annus
980 1826 1157 1877 Imperii.

386 1880 480 1929 Pag.
511 1883 608 1923 689.
637 1884 707 1922 20.
766 1879 885 1921 Μετοῖ
921 1885 995 1923 Τπ.
1034 1882 1243 1935 Τιβερίου,
1273 1882 1374 1933 etc.]
1414 1882 1490 1921 Hic
1519 1883 1741 1926 observan-

275 1937 348 1975 dae
377 1949 498 1974 voces
529 1933 624 1986 μετὰ
651 1942 690 1974 et
715 1933 759 1976 τὸ
791 1941 971 1989 πρῶτον,
1001 1952 1102 1989 quae
1133 1937 1234 1976 nihil
1261 1938 1370 1976 aliud
1400 1939 1594 1978 denotant
1623 1953 1741 1991 quam

277 2005 423 2031 annum
453 2005 479 2028 1.
521 1992 700 2044 Imperii,
740 1999 784 2030 ut
812 1994 954 2031 Justini
985 1995 1158 2046 primum
1194 1990 1425 2043 οἷνύπατον,
1462 1995 1658 2046 formula,
1695 2002 1743 2036 ut

277 2049 386 2097 dixi,
416 2055 502 2086 tum
531 2055 712 2100 recepta,
743 2049 836 2088 licet
866 2051 1042 2088 nondum
1075 2051 1224 2089 Consul
1253 2052 1532 2102 processisset,
1566 2053 1636 2092 sed
1667 2067 1742 2092 an—

277 2119 330 2143 no
373 2104 533 2143 demum
574 2103 780 2156 proximo,
821 2106 971 2145 Christi
998 2121 1149 2145 nrxxx.
1205 2108 1342 2158 Neque
1372 2109 1474 2146 enim
1505 2123 1526 2146 a
1557 2109 1744 2149 chronici

275 2160 482 2212 Scriptore
513 2174 614 2199 anno
644 2175 786 2202 DLXlx.
847 2164 1089 2202 Consulatus
1127 2163 1276 2202 Tiberii
1311 2164 1589 2216 consignatur,
1633 2166 1743 2219 quod

277 2217 366 2256 vult
394 2217 458 2254 vir
486 2217 755 2258 doctissimus.

394 2273 487 2324 Pag.
519 2277 612 2316 690.
644 2278 681 2317 2.
747 2278 821 2314 Τπ.
856 2275 1040 2327 Τιβερίου
1068 2275 1163 2316 νέου
1194 2277 1522 2331 Κωνσταντίνου]
1549 2278 1606 2318 Ita
1627 2278 1742 2319 etiam

279 2328 402 2367 editio
434 2330 625 2380 scaligeri
654 2331 804 2383 absque
841 2345 942 2369 voce
981 2329 1086 2384 μετά.
1147 2333 1407 2373 Consulatum
1445 2335 1584 2386 igitur,
1628 2335 1743 2387 juxta

278 2385 388 2424 hunc
421 2386 685 2437 Scriptorem‚
725 2393 810 2425 tum
849 2388 1023 2439 primum
1060 2388 1138 2426 hoc
1178 2403 1282 2428 anno
1318 2405 1470 2431 num.
1499 2391 1589 2430 iniit
1625 2391 1743 2431 Tibe-

279 2443 387 2491 rius,
429 2442 537 2493 quod
577 2443 737 2481 omnino
776 2443 955 2482 indicant
991 2445 1245 2496 sequentibus
1276 2447 1644 2486 postconsulatibus
1672 2462 1744 2501 ap-

280 2498 402 2549 positi
431 2499 582 2536 numeri
611 2513 656 2538 11.
685 2513 745 2537 111.
776 2506 849 2538 etc.
890 2502 945 2539 ita
975 2507 1106 2539 tamen
1138 2508 1184 2539 ut
1213 2516 1339 2542 annos
1373 2504 1743 2544 Postconsulatuum

283 2554 502 2605 distinguat
542 2554 589 2593 ab
629 2557 739 2594 annis
783 2558 1021 2608 μοναρχίας,
1063 2564 1109 2596 ut
1146 2558 1290 2598 Indict.
1328 2572 1396 2598 xv.
1428 2560 1495 2598 ubi
1525 2573 1581 2601 w,
1613 2568 1742 2600 annus

283 2611 434 2650 dicitur
455 2611 629 2662 Imperii,
660 2611 908 2664 proindeque
939 2613 1085 2652 Marius
1114 2614 1384 2654 Aventicensis
1412 2615 1462 2654 ad
1493 2616 1767 2656 Indict..xm.·

283 2667 458 2719 primum
488 2667 744 2707 Consulatum
771 2669 916 2707 Tiberii
947 2675 1056 2708 recte
1085 2671 1229 2720 refert,
1268 2671 1422 2710 tametsi
1455 2679 1561 2711 erret
1598 2672 1639 2711 in
1666 2674 1743 2712 Ju-

283 2723 378 2761 stini
407 2723 541 2762 obitus
572 2738 697 2774 anno,
727 2738 816 2763 cum
847 2725 880 2763 is
909 2739 929 2763 e
959 2725 1042 2764 vita
1072 2728 1286 2765 excesserit
1314 2729 1473 2767 ineunte
1505 2729 1645 2768 Indict.
1667 2743 1742 2768 ιιι.

285 2793 391 2816 anno
423 2793 620 2820 DLxxvnt.
679 2780 904 2820 Notandum
941 2795 1065 2834 porro
1106 2783 1318 2822 Auctorem
1359 2783 1544 2824 Chronici
1580 2785 1641 2824 bis
1667 2799 1742 2825 au-

286 2848 378 2874 num
408 2836 581 2888 primum
610 2837 758 2878 Tiberii
785 2845 947 2890 notare,
989 2851 1093 2877 anno
1122 2839 1276 2879 scilicet
1303 2854 1468 2880 nnxx1x.
1499 2841 1643 2882 deinde
1671 2855 1744 2881 an-
