1884 3262
333 221 362 267 6
365 223 397 268 2
683 213 963 259 ANALYSIS
994 214 1444 260 CHRONOLOGICA

331 338 390 371 est
413 330 506 370 mihi
527 330 647 375 5505.
678 345 758 370 uon
778 333 812 369 is
841 337 972 370 tamen
1000 331 1153 384 primus
1185 345 1310 371 annus
1329 331 1478 371 Christi
1508 338 1696 383 vocatur,
1725 332 1796 372 sed

331 402 497 441 sequens
519 394 602 426 tum
632 394 762 426 ortum
782 387 930 426 habens
948 401 970 426 a
997 388 1184 426 Januario
1215 389 1401 441 proximo
1420 389 1624 440 sequenti,
1654 403 1796 442 nempe

332 459 455 483 annus
481 446 603 487 5507.
642 457 735 494 ergo
764 451 804 482 et
834 444 1033 483 secundus
1060 444 1209 482 Christi
1238 451 1370 483 ortum
1401 444 1562 483 habebit
1584 446 1626 483 in
1655 446 1796 484 eodem

334 515 437 540 anno
457 500 592 539 mundi
613 500 734 543 5507.
764 514 906 552 nempe
931 515 952 539 a
973 500 1034 539 die
1052 501 1117 544 25.
1140 501 1340 539 Decembr.
1367 501 1541 554 ejusdem
1561 502 1650 540 anni
1671 502 1794 544 5507.

334 560 391 596 sic
409 564 447 595 et
470 570 597 595 annus
622 556 772 595 Christi
798 557 922 600 5620.
950 563 1080 595 ortum
1103 557 1224 595 habet
1254 571 1274 595 a
1297 557 1361 596 die
1385 559 1452 600 25.
1474 558 1679 598 Decembr.
1703 557 1797 596 anni

331 613 470 652 mundi
499 613 619 656 6125.
660 613 728 665 qui
758 619 817 652 est
849 612 946 651 mihi
974 614 1096 656 6124.
1137 614 1177 652 in
1209 627 1289 665 quo
1309 620 1350 653 et
1368 614 1514 653 desinit
1533 628 1657 654 annus
1677 613 1797 652 Chri-

331 670 380 708 sti
403 672 496 713 619.
1679 687 1685 692 ·

443 725 521 764 Sed
549 724 612 763 his
641 725 813 774 omissis,
849 724 960 763 aliud
987 725 1115 764 oritur
1145 725 1309 763 dubium
1348 726 1482 765 solutu
1519 725 1719 764 difficilius
1745 724 1796 766 de

332 796 435 822 anno
454 783 522 834 qui
542 782 686 820 sensim
716 788 755 820 et
775 781 858 820 sine
885 795 1003 820 sensu
1027 782 1068 820 in
1097 781 1175 820 hoc
1195 782 1392 821 Chronico
1413 782 1584 834 irrepsit.
1641 782 1796 821 Etenim

331 854 405 892 per
436 839 717 878 deductionem
743 851 936 877 annorum
963 839 1013 876 ab
1042 839 1128 890 ipso
1159 839 1295 877 mundi
1323 839 1509 888 exordio,
1541 852 1687 877 annum
1716 851 1796 890 quo

331 896 482 935 Christi
503 896 652 934 natales
674 895 881 946 signantur
902 896 1058 947 reperio
1082 895 1326 934 incidere'in
1347 909 1491 933 annum
1511 895 1653 934 mundi
1670 894 1796 938 5505.

329 966 371 1006 p.
395 955 486 995 196.
516 951 584 991 hic
604 959 733 990 tamen
754 953 787 989 is
811 965 937 990 annus
960 958 1216 1003 nuncupatur
1236 951 1358 994 5507.
1386 950 1484 990 ibid.
1505 954 1598 994 199.
1618 966 1652 990 c.
1683 950 1797 1001 quasi

333 1009 415 1047 duo
445 1009 536 1047 anni
563 1009 859 1058 desiderentur,
891 1007 959 1060 qui
989 1009 1073 1046 sive
1099 1022 1170 1059 per
1198 1008 1508 1059 imprudentiam
1536 1006 1672 1046 omissi
1691 1013 1796 1057 suut,

334 1066 418 1104 sive
441 1065 580 1104 fictitie
608 1065 754 1114 additi,
786 1071 892 1103 certe
925 1064 973 1102 ab
1004 1064 1084 1103 hoc
1103 1063 1304 1102 Chronico
1326 1064 1485 1116 penitus
1509 1065 1664 1103 absunt.
1723 1064 1798 1102 Se·-

332 1135 459 1173 quens
478 1128 608 1160 autem
625 1135 749 1160 annus
779 1121 915 1159 itidem
944 1127 1198 1172 nuncupatur
1224 1122 1347 1163 5507.
1371 1136 1409 1173 p.
1432 1121 1526 1163 205.
1550 1136 1586 1160 c.
1616 1120 1683 1172 qui
1702 1118 1799 1158 mihi

333 1186 393 1216 est
412 1184 565 1216 tantum
586 1178 708 1221 5506.
740 1178 877 1229 sicque
902 1191 1004 1215 unus
1024 1177 1220 1215 duntaxat
1242 1190 1368 1215 annus
1387 1177 1602 1215 desiderari
1621 1177 1798 1216 videtur.

333 1236 479 1273 Tamen
497 1249 591 1287 pag.
615 1237 710 1276 209.
733 1250 768 1273 ο.
798 1241 837 1273 et
857 1238 951 1277 210.
980 1232 1018 1273 d.
1048 1247 1194 1271 annum
1216 1233 1354 1271 mundi
1373 1234 1550 1272 nominat
1572 1233 1698 1275 5536.
1731 1231 1802 1283 qui

333 1291 430 1329 mihi
450 1304 607 1342 quoque
623 1291 727 1329 idem
744 1297 824 1340 est,
856 1290 991 1340 sicque
1012 1303 1106 1328 vere
1131 1290 1164 1327 is
1192 1296 1268 1339 est3
1301 1289 1502 1328 Christum
1534 1302 1694 1341 quoque
1723 1303 1801 1327 na.-

332 1353 416 1385 tum
440 1360 522 1385 esse
543 1361 645 1385 anno
663 1346 803 1385 mundi
821 1347 944 1389 5506.
964 1359 1124 1384 necesse
1143 1352 1222 1393 est,
1255 1359 1356 1397 quae
1375 1353 1436 1384 est
1453 1346 1621 1384 Cedreni
1639 1352 1801 1384 senten-

331 1404 386 1441 tia
410 1410 449 1441 et
469 1403 630 1441 Nicetae
653 1403 757 1454 apud
779 1402 900 1440 Paulo
927 1402 977 1440 de
1003 1402 1249 1453 Mildeburgo
1277 1402 1344 1440 lib.
1364 1416 1418 1441 lv.
1444 1403 1494 1440 de
1523 1402 1586 1440 die
1604 1401 1800 1440 Passionis

333 1459 490 1497 Domini
513 1473 552 1511 p.
575 1462 670 1501 381.
693 1473 771 1497 non
790 1465 919 1497 autem
948 1472 1050 1496 anno
1079 1459 1218 1497 mundi
1237 1459 1362 1501 5507.
1420 1458 1495 1496 Sed
1523 1464 1664 1496 auctor
1679 1457 1801 1510 hujus

331 1516 522 1554 Chronici
551 1516 701 1565 variat3
741 1530 831 1553 nam
863 1516 999 1566 paullo
1033 1522 1125 1566 post
1156 1515 1325 1554 eundem
1363 1528 1507 1553 annum
1547 1529 1666 1566 quem
1697 1514 1802 1553 dixit

331 1586 417 1612 esse
437 1574 561 1615 5536.
596 1573 772 1610 nominat
793 1572 915 1614 5537.
941 1587 982 1624 p.
1010 1571 1108 1613 215.
1146 1587 1179 1611 c.
1211 1578 1250 1610 et
1278 1578 1505 1623 sequentem
1528 1572 1652 1614 5538.
1681 1577 1720 1609 et
1743 1571 1802 1610 sic

330 1629 518 1679 deinceps
537 1641 665 1679 usque
687 1629 738 1666 ad
757 1628 874 1666 finem
895 1641 997 1665 anuo
1015 1641 1096 1666 uno
1115 1641 1271 1679 semper
1286 1628 1525 1679 praecurrit.
1563 1627 1684 1675 Quod
1707 1626 1800 1666 ideo

330 1686 434 1724 forte
467 1685 614 1722 factum
646 1691 728 1734 est,
761 1684 852 1736 quia
882 1684 1030 1722 Tiberii
1059 1685 1151 1723 anni
1177 1691 1331 1723 tantum
1362 1688 1432 1727 22.
1461 1690 1678 1736 putantur,
1709 1697 1800 1723 cum

331 1755 403 1780 sex
433 1754 585 1779 menses
619 1747 824 1792 praeterea
851 1740 1086 1792 imperavit,
1125 1741 1194 1792 qui
1230 1741 1357 1790 juncti
1389 1754 1461 1778 sex
1501 1740 1701 1779 mensibus
1730 1740 1799 1791 qui

202 1800 230 1834 P
263 1795 309 1835 44
335 1799 508 1847 Augusto
531 1810 690 1848 quoque
714 1803 966 1849 competunt,
997 1804 1157 1849 praeter
1177 1797 1243 1839 56.
1266 1811 1411 1845 annos,
1441 1810 1690 1848 quorumque
1708 1797 1802 1835 nul-

333 1855 371 1893 la
389 1853 456 1892 hic
474 1853 754 1902 habeturratio,
776 1854 994 1892 conficiunt
1005 1868 1125 1893 unum
1143 1867 1286 1891 annum
1300 1853 1486 1900 solidum,
1504 1853 1556 1890 ita
1567 1852 1800 1891 utTiberius

334 1910 413 1949 dici
433 1910 560 1962 possit
584 1913 650 1952 23.
675 1910 787 1948 :nmis
805 1911 1032 1961 imperasse.
1090 1910 1211 1958 Quod
1243 1910 1277 1948 si
1305 1910 1374 1948 ille
1402 1923 1526 1947 annus
1549 1911 1616 1952 23.
1646 1910 1715 1961 qui
1733 1908 1801 1947 hic

333 1973 496 2006 notatus
516 1980 595 2004 non
615 1972 685 2016 est,
717 1967 950 2015 admittitur,
980 1974 1089 2006 recte
1106 1967 1308 2014 Caligulae
1329 1965 1468 2004 caedes
1494 1965 1647 2004 incidet
1667 1966 1708 2004 iu
1729 1979 1801 2004 au-

333 2037 431 2062 num
449 2022 587 2060 mundi
615 2022 737 2064 5548.
777 2024 872 2062 alias
893 2035 995 2063 unus
1026 2036 1152 2062 annus
1179 2023 1219 2060 in
1247 2023 1447 2073 Caligulae
1470 2022 1643 2075 Imperio
1672 2022 1803 2061 abun·

335 2080 467 2128 daret,
499 2085 544 2117 ut
564 2078 655 2116 alibi
678 2079 774 2118 dixi.
833 2080 937 2128 Quia
959 2082 1080 2132 igitur
1098 2093 1223 2118 annus
1256 2080 1324 2130 qui
1357 2078 1424 2117 hic
1443 2079 1554 2117 deest
1581 2078 1649 2116 fini
1670 2085 1802 2117 tamen

336 2136 486 2174 Tiberii
517 2135 722 2174 addendus
761 2143 842 2183 est,
879 2137 971 2175 ideo
1003 2136 1213 2175 dicendum
1239 2135 1440 2174 Christum
1472 2141 1608 2174 natum
1635 2135 1702 2173 die
1732 2135 1802 2178 25.

338 2192 543 2233 Decembr.
572 2206 675 2230 anno
706 2192 841 2231 mundi
872 2195 994 2236 5505.
1038 2195 1286 2245 primumque
1320 2191 1467 2230 Christi
1497 2192 1617 2242 vulgo
1640 2191 1722 2230 dici
1760 2196 1801 2230 et

336 2249 538 2287 numerari
570 2262 717 2287 annum
755 2249 875 2292 5506.
922 2251 1164 2302 baptizatum
1207 2256 1338 2287 autem
1369 2263 1472 2286 auno
1507 2247 1646 2286 mundi
1675 2248 1800 2291 5536.

335 2305 450 2343 cruci
479 2305 643 2343 affixum
683 2319 787 2344 anno
816 2307 954 2345 mundi
980 2307 1103 2349 5539.
1153 2305 1356 2344 Tiberium
1391 2318 1486 2343 vero
1516 2304 1801 2355 Imperatorem

335 2368 503 2400 mortem
532 2361 746 2413 oppetiisse
780 2376 882 2400 anno
916 2363 1055 2401 mundi
1084 2362 1207 2406 5544.
1245 2376 1324 2400 non
1350 2368 1395 2400 ut
1420 2360 1489 2399 hic
1510 2360 1633 2403 5543.
1663 2360 1801 2410 sicque

336 2418 538 2468 Caligulae
569 2418 730 2456 caedem
755 2426 864 2457 recte
886 2419 1062 2458 incidere
1090 2419 1130 2457 in
1160 2432 1303 2456 annum
1334 2417 1470 2456 mundi
1502 2418 1626 2459 5548.
1656 2422 1703 2455 ut
1732 2415 1801 2454 hie

328 2481 465 2512 notata
482 2480 561 2522 est,
593 2480 632 2512 et
658 2482 865 2525 sequentes
893 2483 1102 2527 propterea
1131 2475 1222 2513 anni
1238 2488 1365 2526 usque
1389 2474 1438 2512 ad
1458 2473 1576 2511 finem
1599 2478 1706 2511 recte
1725 2485 1800 2510 no·-

336 2531 408 2569 tati
430 2536 557 2568 erunt.
615 2529 774 2568 Annum
802 2538 932 2569 tamen
962 2531 1206 2570 Constantini
1234 2535 1302 2573 20.
1335 2531 1388 2569 ait
1413 2535 1555 2568 auctor
1580 2528 1800 2567 secundum

337 2587 511 2640 priorem
546 2587 867 2638 supputationem
895 2602 978 2626 esse
1007 2590 1059 2628 M.
1092 2588 1213 2630 5833.
1237 2602 1276 2639 p.
1299 2590 1396 2629 283.
1418 2601 1451 2626 c.
1482 2599 1571 2624 cum
1592 2586 1622 2623 si
1646 2585 1798 2636 primus

338 2656 463 2682 annus
479 2643 626 2681 Tiberii
656 2646 725 2684 23.
754 2643 1005 2692 admittatur,
1038 2644 1090 2682 sit
1115 2642 1236 2685 5834.
1298 2643 1375 2681 Sed
1401 2655 1506 2680 nunc
1540 2641 1699 2680 tandem
1724 2641 1799 2680 de·-

336 2699 529 2752 prehendi
546 2700 657 2737 illum
678 2713 823 2738 annum
847 2713 941 2738 vere
972 2715 1054 2739 esse
1082 2700 1202 2742 5833.
1230 2713 1308 2737 non
1338 2699 1460 2741 5834.
1491 2698 1600 2750 quod
1623 2703 1734 2749 patet
1749 2710 1800 2736 ex

339 2756 471 2807 Cyclis
490 2756 685 2794 solaribus
704 2758 744 2799 5.
775 2770 824 2795 ex
853 2756 962 2795 feriis
979 2755 1325 2795 Hebdomadarum
1357 2768 1457 2806 quae
1479 2755 1582 2793 infra
1599 2760 1801 2802 notantur,

339 2819 387 2850 ut
405 2813 446 2849 in
470 2826 570 2851 anno
589 2812 725 2851 mundi
748 2826 863 2864 quem
881 2812 1025 2866 scripsi
1045 2814 1165 2856 5839.
1180 2827 1220 2864 p.
1238 2812 1333 2854 285.
1363 2826 1399 2851 a.
1431 2824 1520 2849 cum
1540 2811 1624 2850 dies
1646 2823 1692 2849 11.
1707 2810 1802 2850 Maii

342 2869 503 2907 dicatur
522 2882 605 2908 esse
637 2870 733 2909 feria
754 2870 948 2920 secunda,
978 2869 1019 2909 id
1050 2883 1130 2908 non
1147 2867 1224 2907 hoc
1251 2882 1352 2907 anno
1371 2867 1560 2919 contigit,
1589 2866 1656 2906 sed
1679 2880 1801 2919 prae-
