1884 3262
665 224 1058 273 EPISTOLA.
1562 225 1592 270 3

127 341 293 389 tuenda
322 341 447 386 nullo
473 354 563 385 non
597 338 672 384 die
700 337 903 397 adhibes,
929 337 1056 383 haud
1077 335 1234 397 paullo
1267 336 1424 391 verius,
1458 349 1593 393 quam

127 411 424 457 nobilissimos
449 411 762 455 Antecessores
790 408 938 465 Tuos,
967 407 1041 451 Te
1068 406 1339 450 Eccnnsun
1364 419 1419 449 ac
1442 403 1594 449 Cum—

127 494 325 525 ΒΤῙΛΝΛΒ
354 479 498 524 Flnm
527 478 873 533 Defensonnm,
908 474 1150 520 anlcl-:M
1179 480 1224 518 et
1249 474 1593 526 Ansnn‘ronnm,

125 550 199 594 Te
231 549 382 604 an,
428 548 501 592 Te
545 546 1006 591 Cnms'rmmssmum
1047 541 1320 603 praedicant.
1389 541 1594 586 Circum-

125 617 267 662 fertur
304 615 419 661 illud
463 631 566 660 sane
609 614 668 658 de
714 613 891 658 duobus
936 611 1285 671 Imperatoribus
1319 610 1595 655 Christianae

124 687 191 730 rei
235 684 538 730 defensoribus
587 682 832 728 clarissimis
875 680 1262 736 adsertoribusque
1299 679 1587 733 celebratum,

124 755 413 814 Paganorum
450 753 576 797 Fana
610 750 917 796 Constantinus
953 749 1150 809 Magnus
1192 747 1373 800 clausit,
1425 747 1582 791 Theo-
1601 752 1800 787 ΊῚιεοαονίι.

125 821 273 866 dosius
320 822 487 868 evertit.
560 820 636 865 Tu
675 826 781 880 post
814 823 1018 877 receptas
1065 817 1123 861 ab
1166 815 1454 860 Invictissimo
1501 816 1591 859 Pa-
1601 801 1623 833 l·
1641 798 1800 878 {staff-¹·

123 896 248 935 rente
288 905 397 949 quas
430 888 622 934 rebelles
666 888 839 933 sectarii
872 893 1028 932 contra
1058 885 1130 946 jus
1163 884 1320 942 ‘fasque
1355 898 1488 927 omne
1522 884 1592 928 in-
1614 890 1736 924 Pasch.
1754 890 1789 923 ίη

98 965 326 1010 ,vaserant
371 958 591 1013 civitates,
644 970 735 1001 non
781 955 922 1000 modo
966 954 1165 1013 Templa
1217 967 1334 1010 quae
1377 967 1460 1011 per
1502 953 1593 996 vim
1635 936 1765 1002 Theca.

124 1027 254 1072 nobis
287 1026 578 1081 abstulerant,
623 1032 668 1070 et
711 1039 784 1069 eas
817 1039 928 1083 quas
969 1023 1144 1068 violatis
1176 1020 1377 1081 Legibus
1410 1021 1594 1066 sanctis-

124 1096 242 1140 simis
283 1100 563 1140 extruxerant
595 1093 811 1139 Basilicas
854 1092 961 1152 ipsis
1005 1090 1223 1150 eripuisti,
1270 1104 1422 1134 verum
1459 1090 1592 1133 etiam

114 1163 241 1224 justo
283 1162 603 1224 perduellionis
645 1168 779 1220 atque
823 1161 990 1220 impiae
1041 1165 1188 1205 sectae
1232 1158 1338 1202 odio
1390 1158 1593 1203 incitatus

123 1233 304 1291 aequari
347 1233 446 1277 solo
501 1237 544 1277 et
596 1231 763 1289 ubique
808 1230 922 1274 dirui
966 1243 1084 1287 quae
1128 1226 1423 1272 excitaverant
1465 1226 1593 1270 Faua

116 1301 296 1362 jussisti.
374 1294 498 1356 Quid
532 1299 626 1343 ita?
669 1306 788 1343 ratus
820 1298 988 1344 scilicet
1021 1311 1106 1341 nec
1138 1295 1309 1354 expiari
1342 1309 1501 1354 posse,
1549 1302 1594 1338 et

120 1383 271 1415 sacros
322 1369 368 1412 in
410 1384 511 1413 usus
550 1367 766 1422 conferri,
811 1382 929 1425 quae
963 1370 1105 1410 esseut
1146 1365 1204 1408 ab
1240 1363 1310 1407 his
1350 1364 1488 1422 impia
1518 1378 1592 1406 su-

122 1437 378 1498 perstitione
423 1442 468 1480 et
510 1435 767 1496 inexpiabili
809 1434 1123 1494 perduellione
1169 1431 1418 1490 inquinata,
1468 1432 1588 1476 futu-

122 1520 312 1563 rumque
349 1505 533 1549 demum
577 1510 627 1548 ut
665 1509 768 1563 post
801 1503 1022 1547 detersam
1059 1499 1248 1560 hujusce
1291 1500 1404 1544 labis
1438 1514 1592 1545 recor-

122 1574 349 1618 dationem
392 1574 559 1632 ipsam,
605 1572 765 1615 floreat
805 1573 1050 1630 vigeatque
1093 1569 1270 1613 illustris
1313 1583 1398 1628 per
1431 1569 1503 1612 Te
1547 1569 1592 1611 in

123 1641 274 1686 Gallia
319 1640 572 1686 Christiana
611 1641 780 1701 pietas,
827 1654 973 1697 neque
1018 1637 1122 1682 ullis
1159 1636 1448 1695 postmodum
1492 1652 1591 1680 ma-

121 1710 231 1755 culis
266 1710 538 1756 obscuretur.
618 1708 731 1764 Quis
770 1707 936 1752 deinde
972 1720 1064 1751 non
1106 1706 1207 1751 satis
1240 1720 1376 1748 unum
1414 1704 1462 1748 id
1496 1720 1592 1750 esse

120 1778 389 1838 perspiciat,
445 1778 480 1822 si
523 1777 806 1822 Lunovmmn
854 1776 1074 1820 Mmm
1124 1774 1222 1832 quis
1266 1773 1492 1833 appellet,
1542 1780 1592 1817 ut

120 1848 300 1891 Rl-:oum
350 1847 602 1903 MAXIMUS,
661 1846 1047 1902 Tummmxron,
1099 1843 1276 1898 anx,
1324 1843 1589 1900 Auousrus,

120 1915 354 1962 confestim
397 1913 701 1975 agnoscatur?
741 1914 824 1958 nisi
866 1913 984 1957 forte
1027 1912 1169 1957 minus
1203 1910 1453 1955 honorifice
1489 1926 1590 1955 sen-

118 1984 202 2028 tire
245 1997 298 2028 ac
341 1984 467 2042 loqui
510 1983 570 2027 de
613 1981 684 2027 his
726 1982 1031 2041 PrincipibuS,
1086 1994 1199 2038 quos
1242 1979 1463 2024 intuentur
1504 1979 1590 2038 ipsi

118 2067 275 2098 coram
308 2065 364 2097 ac
390 2051 653 2112 suspiciunt,
689 2051 835 2096 Gallis
869 2051 1037 2108 absque
1070 2047 1254 2108 piaculo
1287 2048 1416 2101 licet,
1452 2062 1589 2106 quam

121 2122 309 2165 externis
337 2133 390 2166 ac
415 2120 686 2181 peregriniS‚
722 2121 801 2178 qui
835 2118 894 2164 de
929 2118 1000 2163 his
1030 2117 1198 2175 aliquid
1226 2117 1347 2160 fama
1376 2116 1590 2161 duntaxat

119 2195 166 2234 et
190 2189 415 2234 auditione
444 2194 730 2248 acceperunt:
761 2187 923 2246 quibus
950 2186 1145 2247 proinde
1174 2184 1291 2230 haec
1328 2185 1426 2244 ipsa
1453 2199 1588 2244 prae—

120 2258 250 2303 conia
274 2273 365 2302 non
391 2258 613 2315 adulatio,
652 2272 787 2315 quam
819 2256 866 2300 in
892 2255 1077 2301 subditis
1111 2270 1164 2300 ac
1194 2253 1447 2298 domesticis
1474 2267 1588 2312 pro-

116 2340 225 2370 num
256 2333 321 2371 est
345 2326 580 2386 suspicari,
610 2325 691 2370 sed
720 2340 838 2384 quae
866 2325 1034 2383 ubique
1066 2323 1140 2367 vel
1166 2321 1290 2383 apud
1318 2321 1471 2367 hostes
1499 2322 1589 2365 do-

115 2395 334 2450 minatur,
363 2395 428 2439 vis
456 2409 545 2439 una
574 2395 767 2438 veritatis
795 2392 984 2440 extorsit.
1052 2392 1170 2436 Nam
1196 2405 1277 2436 cur
1300 2391 1347 2434 iu
1381 2391 1589 2450 Scripto-

118 2463 242 2508 ribus
268 2463 473 2524 Anglicis
506 2462 632 2507 haud
662 2468 784 2508 certe
809 2468 1058 2522 postremus
1083 2460 1264 2504 Rnanm
1292 2459 1588 2505 anscomm
1599 2468 1806 2503 Matth.Pa-

118 2546 454 2577 mnnns‘rmum
505 2533 685 2576 Rmnn
727 2532 907 2575 anm
956 2545 1050 2574 esse
1093 2527 1332 2588 prodidit?
1384 2534 1460 2572 aut
1506 2515 1794 2596 οιιτηξίἵξῖ

119 2599 357 2645 Franciam
378 2601 585 2646 {tx-:axum
604 2601 875 2645 Bne-nonum
908 2599 1030 2643 idem
1054 2596 1331 2657 appellavit?
1365 2611 1443 2642 cur
1465 2596 1587 2640 Gre-
1687 2586 1695 2595 ⁸
1797 2586 1804 2594 ⁸

119 2669 273 2728 gorius
308 2670 539 2725 Pontifex,
571 2675 667 2714 tum
700 2666 870 2728 reipsa,
911 2673 1007 2712 tum
1034 2665 1340 2726 appellatione
1374 2664 1586 2725 Mag-nus,

118 2750 225 2781 cum
254 2738 315 2782 ad
342 2738 684 2783 Childebertum
721 2738 954 2794 scriberet,
996 2735 1192 2792 Quan'ro
1227 2747 1467 2778 cmmnos
1494 2749 1587 2777 110-
1633 2741 1708 2774 Lib.
1725 2739 1772 2794 5..

125 2819 265 2851 muns
305 2807 465 2851 Bne-m
500 2819 720 2851 mom-ras
755 2819 1044 2863 amenum,
1083 2817 1238 2848 Tauro
1264 2815 1587 2847 cnssmmuwm
1614 2788 1725 2832 Epist.
1749 2786 1783 2819 δ’
