1884 3262
580 211 848 254 CHRONICI
878 209 1185 253 PASCHALIS.
1530 207 1553 254 1
1566 209 1624 255 17

138 323 327 375 sepulcro
366 322 599 361 resurrexit.
669 320 795 359 Nobis
845 319 1294 372 proinde‘omnimodo
1345 317 1397 357 sit
1433 317 1501 358 hic
1538 319 1624 359 dies

138 380 234 419 anni
263 378 536 432 principium,
568 384 694 430 prout
723 384 780 417 est
809 378 851 415 in
881 384 1016 416 sancta
1048 378 1119 417 Dei
1140 378 1341 426 Ecclesia,
1369 375 1486 429 juxta
1506 390 1624 428 quem

137 443 275 476 sancto
305 436 498 475 Paschate
528 442 766 474 occurrente
796 435 839 472 in
870 434 976 472 diem
1007 434 1255 474 dominicum
1278 439 1372 487 post
1392 447 1480 474 xiv.
1503 434 1625 475 lunae

133 494 251 532 istius
290 493 463 543 mensis,
510 488 593 531 non
637 492 802 531 Juda'i'ce
841 492 912 529 sed
953 492 1188 543 Apostolice
1236 491 1340 530 illud
1385 504 1624 544 peragamus

133 549 249 608 juxta
279 551 502 589 naturalem
541 550 738 601 nobisque
778 549 963 587 traditam
995 548 1243 589 methodum.
1305 548 1518 600 Quotquot
1546 549 1626 601 igi-

135 615 204 647 tur
253 622 334 646 non
375 608 518 646 dicunt
567 607 744 645 extitisse
792 606 968 657 primum
1017 606 1270 644 Dominicum
1321 604 1475 644 Pascha
1519 619 1623 645 anno

134 679 173 705 v.
199 679 407 704 Moxxxw.
445 665 511 703 vel
551 663 659 716 apud
699 663 902 701 Hebraeos
932 676 1021 702 ΧΠ.
1062 663 1182 702 lunae
1203 693 1214 713 ‚
1263 669 1305 702 et
1332 675 1458 702 xx111.
1486 663 1623 702 Martii

133 723 280 761 mensis
311 735 450 772 magna
483 721 674 760 salutaris
707 720 907 759 Passionis
938 721 1185 770 Parasceve,
1225 734 1272 758 ac
1302 720 1622 759 Resurrectionis

133 779 378 818 Dominicam
409 791 496 817 X1v.
528 778 664 816 Martii
693 777 838 816 mensis
883 777 947 816 die
989 784 1072 816 tum
1112 791 1194 816 non
1233 777 1485 829 occurrisse,
1527 791 1620 816 cum

131 837 174 875 id
214 836 375 875 minime
414 836 689 875 demonstrare
730 835 904 887 possint,
957 834 1046 874 falsi
1089 834 1276 887 protinus
1318 833 1620 874 convincuntur

133 907 273 933 eorum
296 888 456 931 calculi.

816 1174 915 1230 VI.

124 1256 223 1328 Ex
268 1278 658 1328 HESYCHII
701 1275 1062 1324 HOMILIA
1098 1276 1178 1324 IN
1225 1276 1614 1326 NATALEM

666 1355 1072 1405 CHRISTL

238 1463 354 1501 Anno
383 1476 486 1501 xmt.
511 1460 669 1513 imperii
704 1459 869 1507 Augusti
893 1489 906 1508 ,
948 1471 1082 1497 mense
1120 1457 1330 1496 Decembri
1353 1489 1366 1507 ‚
1415 1457 1480 1498 die
1509 1471 1610 1498 xxv.

122 1521 220 1559 feria
251 1534 310 1558 VI.
339 1519 440 1558 hora
469 1532 544 1557 v11.
575 1517 651 1556 diei
675 1547 686 1566 ‚
725 1516 957 1554 incarnatus
1000 1521 1060 1554 est
1098 1514 1292 1553 Dominus
1331 1520 1470 1553 noster
1498 1515 1611 1555 Jesus

123 1577 304 1616 Christus
336 1591 388 1616 ex
418 1582 555 1614 sancta
585 1574 749 1625 Virgine
778 1573 926 1621 Maria,
968 1585 1074 1610 anno
1095 1603 1108 1622 ‚
1161 1571 1280 1623 juxta
1319 1570 1609 1621 Antiocheam,

121 1650 143 1673 a
175 1634 326 1673 mundo
366 1632 530 1673 condito
560 1645 689 1683 usque
729 1630 780 1668 ad
817 1629 964 1669 Christi
993 1628 1248 1668 Nativitatem
1282 1627 1338 1679 [et
1369 1628 1607 1668 crucifixio-

121 1691 228 1744 nem]
262 1705 317 1730 vi.
337 1705 383 1730 M.
465 1689 720 1740 Colliguntur
758 1687 862 1726 enim
916 1687 964 1725 ab
1009 1687 1160 1725 Adamo
1199 1698 1328 1736 usque
1369 1685 1421 1724 ad
1459 1685 1607 1725 Phalec

119 1748 245 1787 filium
276 1748 383 1786 Eber
413 1747 507 1786 anni
535 1761 597 1786 111.
619 1759 666 1786 Μ.
701 1750 740 1783 et
769 1759 789 1782 a
814 1743 959 1782 Phalec
991 1756 1118 1795 usque
1150 1742 1200 1782 ad
1220 1756 1322 1780 XLII.
1353 1755 1502 1781 annum
1523 1742 1606 1781 im-

120 1806 223 1859 perii
254 1805 443 1855 Augusti,
474 1804 566 1843 anni
587 1804 930 1842 vssmnccnchvn.
954 1814 1001 1838 ac
1032 1801 1218 1851 deinceps
1251 1812 1341 1837 cum
1372 1798 1605 1840 hominibus

123 1868 385 1902 conversatus
415 1868 474 1906 est
508 1861 692 1899 Salvator
721 1858 835 1896 annis
865 1871 1012 1896 xxxm.
1044 1857 1100 1895 ita
1131 1863 1178 1895 ut
1211 1855 1269 1894 ab‘
1292 1855 1446 1895 Adamo
1478 1870 1604 1909 usque

122 1920 175 1959 ad
215 1918 365 1957 Christi
403 1919 587 1957 Natalem*
620 1922 660 1955 et
698 1915 1003 1954 crucifixionem
1041 1913 1311 1953 conficiantur
1350 1914 1442 1951 anni
1478 1927 1533 1952 VI.
1558 1928 1604 1955 M.

120 1977 243 2030 pleni.
303 1975 449 2014 Phalec
481 1975 651 2027 quippe,
688 1973 803 2025 juxta
835 1972 985 2024 Moysis
1014 1970 1296 2024 Prophetiam,
1326 1970 1503 2008 medium
1535 1971 1606 2009 di-

122 2036 228 2073 citur
258 2033 350 2071 anni
382 2032 530 2071 Christi
559 2029 838 2084 apparitionis.
885 2028 1234 2076 Quemadmodum
1265 2027 1371 2066 enim
1400 2027 1602 2082 hominem

121 2092 186 2130 die
216 2105 270 2130 VI.
302 2090 453 2128 creavit
483 2090 609 2137 Deus,
641 2086 710 2139 qui
741 2086 929 2138 deinceps
958 2086 1002 2124 in
1035 2091 1246 2138 peccatum
1276 2084 1443 2134 incidit,
1475 2084 1534 2122 sic
1562 2091 1603 2124 et

120 2147 333 2187 millenarii
364 2147 426 2185 die
454 2159 510 2186 vi.
540 2146 581 2184 in
610 2151 756 2183 terram
788 2143 921 2189 venit,
951 2142 1148 2194 illumque
1176 2142 1333 2180 salvum
1364 2141 1473 2180 fecit.
1514 2140 1600 2179 Hoc

121 2207 226 2245 enim
255 2204 407 2243 indicat
441 2203 575 2241 divina
613 2201 821 2252 Scriptura
842 2232 852 2248 ,
891 2199 988 2239 dum
1019 2199 1104 2248 ait,
1143 2198 1232 2236 Dies
1259 2198 1409 2236 Domini
1429 2202 1472 2235 ut
1503 2198 1601 2237 mille

118 2266 220 2302 anni.
247 2284 253 2292 κ
281 2261 396 2310 Quae
427 2260 587 2312 quidem
619 2258 736 2296 etiam
768 2257 972 2311 Clemem,
1002 2270 1050 2294 ac
1079 2254 1352 2307 Theophilus,
1383 2260 1423 2294 et
1452 2254 1597 2292 Timo-

84 2319 237 2359 ‘theus
276 2318 447 2371 piissimi
482 2324 709 2369 temporum
754 2313 1008 2364 indagatores
1049 2324 1246 2350 consensu
1283 2310 1463 2350 unanimi
1502 2318 1597 2350 sunt

118 2376 394 2429 interpretati,
435 2381 550 2414 sexto
584 2373 739 2412 scilicet
768 2384 966 2420 annorum
997 2368 1220 2408 millenario
1250 2368 1482 2420 apparuisse
1514 2369 1596 2407 Do-

118 2434 291 2481 minum,
317 2432 434 2482 juxta
450 2445 506 2470 vi.
527 2431 681 2470 dierum
699 2441 903 2466 numeIum
936 2426 1186 2465 formationis
1208 2425 1370 2472 Adami,
1398 2424 1594 2463 universis

118 2491 240 2530 salvis
261 2490 377 2528 factis
398 2488 638 2528 hominibus.
671 2484 748 2524 Alii
774 2491 906 2523 autem
929 2483 1070 2522 dicunt
1089 2481 1243 2522 venisse
1257 2482 1468 2520 Dominum
1488 2495 1593 2520 anno

118 2561 240 2587 mmo.
262 2546 332 2586 sed
354 2545 473 2598 pauci
491 2547 534 2584 in
551 2545 632 2583 hoc
657 2541 924 2589 consentiunt,
948 2541 990 2579 in
1008 2554 1110 2579 anno
1127 2552 1223 2578 vero
1242 2552 1295 2577 VI.
1306 2553 1350 2577 M.
1372 2552 1509 2576 omnes
1528 2551 1594 2575 ac-

120 2605 250 2643 curati
271 2603 497 2655 Scriptores
518 2601 782 2641 conveniunt:
802 2597 872 2637 sed
889 2611 972 2635 vox
992 2595 1228 2649 prophetica
1247 2595 1456 2635 veritatem
1474 2595 1592 2645 longe

119 2662 244 2712 magis
260 2660 419 2712 probat,
439 2674 539 2712 quae.
551 2656 834 2699 sexmillesimo
856 2669 960 2693 anno
982 2655 1228 2693 incarnatum
1239 2652 1452 2691 Dominum
1463 2651 1592 2690 docet.
