1884 3262
294 202 390 249 126
611 201 854 246 SELECTA
881 201 954 245 AD
988 201 1478 251 ILLUSTRATIONEM

402 308 467 355 λε’.
530 310 716 365 Φλέγων,
746 305 799 352 ου
817 310 886 352 καὶ
909 307 1036 352 αὐτοῦ
1063 311 1106 354 ἐν
1122 316 1175 371 τῇ
1193 312 1293 369 πρὸς
1309 314 1527 369 Ῥωμαίους
1544 308 1753 370 μέμνηται,

289 367 334 418 ὃς
358 369 425 410 καὶ
446 369 662 415 ἐπίσκοπος
687 366 909 440 Μαράθων
926 368 1095 438 ἐγένετο.

404 423 478 472 λς’.
533 424 702 478 Ερμῆς,
732 428 780 465 οὐ
805 425 874 465 καὶ
893 421 1019 466 αυτοῦ
1039 425 1084 467 ἐν
1103 429 1155 483 τῇ
1182 424 1287 481 πρός
1309 426 1527 481 Ῥωμαίους
1548 428 1754 483 μέμνηται,

290 480 337 530 ὃς
355 482 422 522 καὶ
440 481 657 528 ἐπίσκοπος
675 482 906 541 Δαλματίας
923 481 1096 552 γέγονεν.

402 534 476 585 λζ’.
535 540 778 591 Πατροβοῖς,
819 540 867 579 οὐ
896 539 965 580 καὶ
993 555 1117 580 αυτον
1147 537 1168 581 6
1198 535 1418 589 οἷπὸστολος
1450 540 1671 595 μέμνηται,
1710 539 1790 592 ὃςὸ

288 594 358 636 καὶ
381 594 597 642 ἐπίσκοπος
620 593 664 634 ἐν
686 591 897 644 Ποτιόλοις
914 591 1089 665 γέγονεν

401 646 472 702 λη’.
529 649 699 703 Ἑρμᾶς,
731 654 780 692 οὐ
801 652 871 692 καὶ
902 649 1028 693 αυτοῦ
1055 652 1099 693 ἐν
1129 654 1180 708 τῇ
1197 649 1298 706 πρὸς
1312 650 1530 706 Ῥωμαίους
1552 651 1758 708 μέμνηται,

288 704 332 755 ὃς
351 706 420 747 καὶ
434 706 651 755 ἐπίσκοπος
671 705 1005 758 Φιλιπποπόλεως
1022 694 1192 779 ἐγένετο,

401 759 479 803 λθᾝ
538 765 667 812 Λίνος
696 764 717 806 6
748 780 845 818 μετα
876 765 1033 821 Πέτρον
1066 763 1158 808 τὸν
1156 761 1395 807 οἷπόστολον
1428 763 1576 819 Ῥώμης
1602 767 1760 809 ἐπίσκο-

290 835 368 869 πος
391 834 577 889 γεγονως.
1771 829 1817 864 10

405 893 432 929 μ
445 906 455 916 .
514 873 658 928 Γαῖος,
691 873 743 918 ου
761 875 782 919 6
801 873 1025 927 οῗπόστολος
1043 878 1260 946 μέμνηται,
1291 876 1335 928 ὃς
1350 878 1568 928 ἐπίσκοπος
1590 875 1760 932 Ἐφέσου

143 943 174 977 Ρ
198 941 266 979 429
289 932 444 988 ἐγένετο
457 931 566 1000 μετοὲ
586 930 787 984 Τιμόθεον
807 932 878 976 τὸν
900 934 1092 988 μαθητην
1112 932 1282 980 Παύλου
1300 940 1374 977 τοῦ
1396 927 1635 979 οἷποστόλου.

403 1006 480 1043 μα.
542 988 787 1046 Φιλόλογος,
826 987 876 1033 οὗ
901 992 970 1033 καὶ
1003 1008 1128 1034 αυτου
1154 992 1179 1034 o‘
1207 988 1429 1042 οἷπόστολος
1464 993 1683 1046 μέμνηται,
1714 991 1762 1042 ὃς

289 1045 358 1089 καὶ
379 1046 598 1096 ἐπίσκοπος
615 1047 779 1101 γέγονεν
800 1046 882 1091 υπὸ
901 1047 1090 1104 Ἀνδρέου
1111 1045 1337 1091 αποστόλου
1357 1050 1402 1091 ἐν
1420 1047 1604 1105 Σινωπη.

403 1100 482 1171 μβ’.
538 1100 782 1163 Ὀλυμπᾶς.
1771 1110 1816 1145 15
1853 1118 1855 1121 “

405 1156 481 1228 μγ’.
534 1160 718 1211 Ροδίων,
750 1155 808 1202 ὠν
829 1160 899 1201 καὶ
919 1157 1053 1202 αυτῶν
1083 1160 1104 1203 6
1131 1158 1353 1210 οἷπόστολος
1382 1162 1597 1232 μέμνηται,
1628 1163 1671 1204 οὶ
1691 1162 1762 1204 καὶ

291 1218 335 1260 ἐν
360 1213 489 1286 Ῥωμῃ
518 1234 602 1271 αμα
636 1216 777 1273 Πέτρω
808 1218 864 1274 τῷ
895 1215 1103 1273 οῗποστόλῳ
1134 1216 1216 1260 ὑπὸ
1245 1218 1439 1273 Νέρωνος
1473 1236 1547 1269 τας
1582 1217 1762 1272 κεφαλας

292 1271 600 1328 ἀπετμήθησαν.

406 1327 481 1384 μδ’.
535 1333 721 1381 Λουκᾶς,
752 1332 801 1372 οὐ
785 1325 887 1371 καὶ
909 1346 1035 1371 αυτου
1067 1331 1111 1372 ἐν
1129 1333 1183 1387 τῇ
1201 1347 1303 1386 προς
1317 1331 1533 1385 Ῥωμαίους
1553 1331 1761 1386 μέμνηται,

292 1386 339 1437 ὃς
355 1387 425 1429 καὶ
445 1388 664 1435 ἐπίσκοπος
682 1387 726 1428 ἐν
744 1388 969 1428 Λαοδικεία
992 1390 1064 1440 τῆς
1085 1388 1238 1442 Συρίας
1256 1388 1425 1458 ἐγένετο.
1771 1392 1820 1428 20

408 1441 477 1498 με’.
532 1441 692 1494 Ἰάσων,
723 1459 771 1484 ου
802 1444 870 1485 καὶ
893 1442 1023 1485 αὐτου
1047 1445 1092 1486 ἐν
1113 1448 1165 1502 τῇ
1189 1442 1289 1500 πρὸς
1313 1445 1529 1499 Ῥωμαίους
1555 1444 1763 1500 μέμνηται,

293 1500 341 1551 ὃς
358 1501 432 1544 καὶ
454 1501 674 1549 ἐπίσκοπος
696 1504 855 1555 Ταρσου
871 1500 1036 1562 ἐγένετο.

407 1556 490 1612 μς’.
546 1558 827 1608 Σωσίπατρος,
859 1562 908 1598 οὐ
932 1557 1002 1598 καὶ
1034 1572 1158 1598 αντου
1187 1557 1232 1599 ἐν
1260 1561 1313 1616 τῇ
1330 1556 1429 1612 πρὸς
1455 1555 1670 1612 Ῥωμαίους
1699 1558 1766 1613 μέ-

293 1631 462 1669 μνηται,
492 1613 535 1663 ὃς
557 1614 626 1655 καὶ
644 1614 859 1663 ἐπίσκοπος
875 1611 1044 1656 Ἰκονίου
1066 1613 1230 1668 ἐγένετο.

407 1668 485 1740 μζ’.
547 1671 707 1725 Τέρτιος
737 1670 760 1712 6
781 1671 852 1711 καὶ
882 1687 957 1724 την
981 1669 1085 1725 πρός
1109 1670 1327 1725 Ρωμαίους
1353 1667 1518 1727 γραψας
1539 1667 1822 1726 ἐπιστολήν,25

295 1726 342 1778 ὃς
363 1725 554 1798 δεύτερος
569 1728 786 1776 ἐπίσκοπος
801 1724 968 1769 Ἰκονίου
984 1727 1148 1797 ἐγένετο.

407 1781 487 1837 μη’.
531 1781 752 1852 ’Έραστος,
784 1779 834 1825 οὗ
852 1784 921 1824 καὶ
942 1781 1069 1826 αὐτοῦ
1095 1783 1327 1837 μέμνηται’
1308 1800 1352 1826 εν
1370 1787 1434 1855 τῇ
1439 1780 1545 1841 αὐτῇ
1561 1784 1763 1842 ἐπιστολῇ,
1829 1826 1833 1829 .

294 1838 342 1889 ὃς
361 1829 430 1882 καὶ
448 1838 659 1893 οἰκονόμος
680 1843 752 1892 τῆς
777 1840 821 1881 ἐν
843 1837 1132 1895 Ἱεροσολύμοις
1155 1841 1366 1893 ἐκκλησίας
1389 1840 1552 1896 γέγονεν
1581 1841 1652 1882 καὶ
1678 1842 1764 1883 ἐπί-

295 1910 445 1946 σκοπος
464 1896 668 1965 μετέπειτα
690 1893 912 1945 Πανιαδος.

438 1950 491 1994 θ’.
550 1949 781 2007 Κούαρτος,
812 1955 860 1994 οὐ
881 1952 951 1994 καὶ
969 1948 1101 1994 αὐτου
1123 1952 1318 2007 μέμνηται
1337 1954 1382 1996 ἐν
1405 1957 1458 2011 τῇ
1477 1950 1584 2011 αὐτῇ
1608 1954 1762 1996 ἐπιστο-
1771 1963 1819 2000 30

294 2012 346 2067 λῇ
357 2040 368 2062 ,
399 2009 446 2059 ὀς
466 2008 535 2051 καὶ
559 2009 775 2058 ἐπίσκοπος
780 2006 986 2082 Βηρυτου
1002 2009 1175 2080 yfyovsv.

406 2062 455 2108 ν’.
507 2062 726 2117 Ἀπολλως,
746 2068 808 2107 οὐ·
814 2067 885 2109 καὶ
907 2063 1035 2108 αυτοῦ
1057 2067 1101 2108 ἐν
1116 2070 1169 2124 τῇ
1187 2065 1286 2122 πρὸς
1302 2058 1553 2121 Κορινθίους
1572 2068 1762 2125 ἐπιστολῇ

296 2122 492 2192 μέμνηται
506 2121 532 2163 o‘
551 2119 796 2172 απόστολος,
825 2121 872 2172 ὃς
893 2123 961 2164 καὶ
981 2109 1201 2173 ἐπίσκοπος
1223 2125 1469 2195 Καισαρείας
1491 2124 1665 2179 γέγονεν.

410 2177 484 2220 να’.
545 2182 715 2232 Κηφᾶς,
746 2177 791 2221 ἂν
818 2179 842 2221 ὁ
860 2176 1083 2229 οἶπόστολος
1105 2184 1271 2230 Παυλος
1288 2182 1331 2223 ἐν
1350 2178 1568 2239 Ἀντιοχεία
1584 2181 1760 2237 ἤλεγξεν,

296 2234 344 2286 ὃς
363 2235 432 2277 καὶ
453 2236 669 2285 ἐπίσκοπος
693 2237 845 2285 Κονίας
859 2236 1025 2295 ἐγένετο.
1769 2247 1814 2284 35

409 2288 485 2346 νβ’.
542 2292 763 2345 Σωσθένης
779 2322 792 2343 ,
824 2295 874 2334 οὐ
901 2310 970 2334 και
1003 2290 1134 2335 αὐτου
1164 2292 1190 2336 6'
1219 2290 1441 2344 απόστολος
1466 2293 1727 2348 μέμνηται,
1713 2311 1759 2344 ος

299 2349 368 2391 καὶ.
386 2348 602 2398 ἐπίσκοπος
622 2351 890 2420 Κολοφωνίας
911 2350 1076 2421 ἐγένετο.

409 2402 482 2461 νγ’.
544 2403 735 2458 Τνχικός,
761 2422 809 2446 ον
829 2407 899 2447 καὶ
925 2404 1051 2449 αὐτοῦ
1075 2406 1098 2450 6
1119 2404 1343 2457 οἷπόστολος
1367 2405 1620 2461 μέμνηται,
1608 2405 1652 2457 ὂς
1669 2407 1757 2449 ἐπί-

300 2475 450 2512 σκοπος
472 2463 740 2514 Κολοφωνίας
758 2461 920 2517 ἐγένετο.

389 2596 425 2630 2.
474 2595 722 2639 Μαραθωνος
751 2593 792 2627 Ρ
931 2596 966 2630 5.
1013 2593 1216 2641 Πατρόβαν
1240 2597 1281 2633 Ρ,
1418 2597 1452 2651 83
1502 2592 1758 2632 Φιλιππονπό-

391 2643 482 2682 λεως
512 2640 553 2676 Ρ.
696 2641 751 2676 11.
800 2637 820 2675 ὁ
846 2651 911 2675 om.
944 2641 985 2675 Ρ.
1126 2645 1182 2678 16
1229 2638 1274 2678 ὃν
1304 2642 1368 2678 καὶ
1402 2637 1517 2678 αὐτὸν
1547 2642 1620 2676 LP.

391 2686 572 2732 μέμνηται
594 2681 798 2727 απόστολος
829 2687 870 2720 Ρ.
963 2685 1002 2722 οἳ
1025 2687 1072 2731 L,
1107 2684 1128 2723 ὃ
1151 2689 1191 2721 Ρ.
1330 2688 1387 2725 24.
1436 2689 1615 2724 Εἰκονίου
1647 2688 1689 2722 L.

439 2735 498 2769 25.
529 2733 688 2767 Tertium
711 2732 803 2766 inter
825 2732 989 2767 Erastum
1014 2737 1050 2767 et
1073 2733 1242 2774 Quartum
1265 2735 1364 2781 ponit
1386 2734 1427 2768 L.
1526 2735 1583 2770 27.
1609 2734 1671 2769 καὶ
1690 2729 1760 2768 αὖ·

393 2776 458 2820 τός
487 2780 527 2814 Ρ.
665 2778 724 2813 31.
770 2776 963 2835 Βηρυττον
989 2779 1039 2820 Ρ,
1083 2781 1234 2820 Βιρίτον
1258 2782 1299 2819 L.
1435 2781 1492 2816 32.
1536 2778 1693 2821 ’Ammo
1715 2780 1758 2814 L.

517 2822 574 2860 34.
622 2818 665 2860 ὃν
688 2824 730 2866 L,
762 2817 810 2859 οὗ
833 2825 875 2859 Ρ.
1020 2825 1077 2861 36.
1125 2822 1147 2860 6
1171 2838 1235 2861 om.
1259 2828 1299 2861 P.
1436 2827 1494 2863 37.
1538 2826 1602 2862 καὶ
1624 2838 1689 2862 οιιι.
1713 2826 1758 2862 P.

518 2870 576 2906 39.
612 2867 824 2916 Ἀνδριακῆς
847 2871 888 2905 L.
1006 2868 1173 2916 ἐγένετο]
1196 2871 1344 2919 γέγονεν
1366 2873 1408 2907 L.
