1884 3262
343 204 404 250 16
871 198 1271 243 PRAEFATIO.

121 320 338 356 Illiusaucto-
450 317 501 355 X.
559 315 699 365 Quoad
717 315 838 366 igitur
860 321 1025 356 aetatem
1052 317 1226 356 auctoris
1250 317 1455 367 Chronici,
1489 331 1579 356 cum
1598 332 1675 357 non
1690 332 1793 358 unus

143 378 200 401 1⁸⁸
229 367 315 402 ‘¹¹¹⁰‘
340 371 515 412 extiterit
536 387 558 411 a
578 386 656 424 quo
680 371 952 412 elucubratum
985 373 1128 425 fuerit,
1161 380 1313 412 constat
1343 374 1479 412 saltem
1505 375 1636 423 illum,
1668 390 1690 414 a
1711 389 1791 427 quo

120 413 230 491 caste}
250 414 314 492 sssi‘
338 429 388 467 ad
405 429 630 468 Heraclium
647 428 885 480 perductum
915 435 993 480 est,
1022 444 1100 468 non
1127 443 1210 469 esse
1232 431 1356 468 totius
1384 431 1512 482 operis
1540 432 1791 484 scriptorem,

143 469 404 538 ,ffigtaguff’sed
441 485 627 533 alteriuS‚
668 484 776 536 quod
811 485 853 522 in
885 499 1028 524 annum
1064 486 1282 525 Constantii
1317 500 1418 524 xvn.
1449 487 1518 538 qui
1556 495 1616 526 est
1649 487 1794 527 Christi

143 549 304 584 Heraclio
337 555 488 580 cccmv.
518 541 697 586 desierit,
731 541 1049 581 continuatorem
1080 548 1118 580 et
1145 543 1483 594 interpolatorem.
1540 543 1586 582 Id
1603 544 1794 583 docemur

164 594 264 631 vixit.
308 592 310 595 ⁸
338 598 566 650 praesertim
596 610 645 634 ex
668 597 884 636 doctissimi
907 598 1101 637 Holstenii
1134 599 1500 645 observationibus,
1538 612 1635 651 quas
1658 600 1793 638 Codici

338 668 411 692 suo
432 653 619 692 Chronici
637 652 894 692 Alexandrini
917 655 1024 694 edito
1050 655 1214 693 subinde
1237 655 1436 702 affixerat,
1464 654 1575 694 hisce
1602 655 1652 694 ad
1682 669 1793 707 prae-

339 711 486 749 dictum
521 723 665 750 annum
698 711 935 760 constantii,
972 711 1186 763 posthaec
1217 711 1359 759 verba,
1399 711 1516 752 εἰδῶν
1544 707 1793 765 Αὐγούστου,

340 767 571 818 adscriptis:
592 764 676 805 Hic
692 765 803 806 desiit
817 777 953 806 auctor
971 765 1201 806 CHRONI
1201 765 1258 806 CI
1271 764 1618 817 PASCHALIS,
1642 778 1793 807 caetera

338 833 428 863 sunt
458 821 758 864 continuatoris.
825 823 869 861 Id
897 830 1003 862 certe
1042 824 1307 862 subodoratus
1333 824 1462 861 fuerat
1487 824 1550 862 vir
1579 823 1794 862 admodum

337 893 460 930 sagax
477 878 711 917 Franciscus
731 878 931 928 Pithoeus,
962 879 1030 932 qui
1052 880 1100 918 de
1117 879 1194 919 hoc
1220 879 1416 918 Chronico
1435 880 1559 918 verba
1577 879 1793 934 faciensl),

337 936 467 975 aiebat
487 935 588 973 illud
609 934 737 973 videri
765 936 955 987 scriptum
987 936 1126 975 ultimo
1151 936 1279 986 Magni
1303 935 1547 974 Constantini
1569 949 1693 986 anno,
1723 936 1794 975 Fe-

336 993 484 1031 liciano
508 998 547 1030 et
568 991 731 1030 Tatiano
752 992 858 1030 Coss.
919 992 1014 1031 Inde
1041 1005 1133 1042 ergo
1163 993 1364 1044 colligitur
1394 992 1566 1044 primum
1594 998 1795 1031 auctorem

338 1048 534 1088 Pascbalii
560 1048 707 1086 vixisse
737 1049 842 1086 circa
867 1054 1044 1100 tempora
1073 1049 1310 1098 Constantii,
1353 1049 1497 1100 quibus
1531 1048 1663 1087 adhuc
1689 1049 1796 1099 vige-

338 1106 435 1144 bant
458 1104 506 1142 de
544 1103 740 1143 Paschalis
768 1105 1008 1143 Festivitatis
1042 1105 1105 1144 die
1137 1106 1450 1144 controversiae:
1486 1119 1586 1156 quae
1614 1118 1706 1143 cum
1733 1117 1796 1143 re-

339 1161 592 1201 cruduissent
618 1161 689 1198 sub
712 1161 914 1210 Heraclio,
944 1168 989 1199 ut
1023 1161 1127 1199 insra
1156 1162 1435 1209 observamus,
1466 1162 1711 1200 occasionem
1737 1161 1797 1199 al-

338 1219 416 1258 teri
444 1217 699 1270 praebuerint
725 1217 910 1256 Paschale
939 1217 1048 1256 istud
1078 1217 1302 1256 Chronicon
1326 1217 1481 1269 pridem
1512 1218 1794 1270 conscriptum,

336 1273 554 1326 Scriptoris
569 1273 784 1311 insistendo
805 1273 1104 1325 computisticae
1130 1274 1294 1322 rationi,
1327 1274 1380 1312 ad
1399 1287 1470 1312 sua
1497 1287 1621 1326 usque
1641 1281 1796 1326 tempo-

335 1345 380 1369 ra
408 1329 670 1382 perducendi,
700 1336 817 1380 atque
845 1329 943 1368 adeo
973 1329 1147 1381 priorem
1171 1329 1275 1368 lianc
1303 1329 1516 1368 editionem
1545 1330 1712 1369 subinde
1734 1330 1796 1367 in-

335 1385 586 1438 terpolandi,
631 1385 724 1423 dum
751 1399 820 1423 sua
848 1386 914 1424 vel
945 1386 1068 1423 aliena
1097 1386 1352 1425 intermiscet.
1410 1386 1524 1424 Prius
1547 1386 1654 1425 istud
1673 1386 1796 1424 Chro-

335 1443 453 1480 nicon
478 1441 581 1480 vidit
611 1441 859 1490 Holstenius,
901 1448 940 1480 et
974 1448 1164 1492 quantum
1194 1442 1392 1494 conjicere
1426 1442 1541 1491 licet,
1572 1455 1621 1481 ex
1652 1442 1798 1481 Codice

332 1499 413 1537 MS.
434 1511 568 1549 quem,
600 1504 644 1536 ut
665 1511 715 1536 ex
732 1499 777 1537 V.
800 1499 841 1535 C.
860 1498 1039 1536 Emerico
1058 1498 1213 1548 Bigotio
1240 1497 1472 1545 didicimus,
1503 1498 1635 1537 Abbas
1657 1498 1705 1537 de
1724 1498 1798 1536 Fa-

332 1555 419 1593 rina
439 1554 597 1592 Siculus
618 1554 712 1604 Regi
732 1553 936 1592 Catholico
955 1554 1001 1591 ab
1021 1554 1206 1593 Oratorio
1229 1554 1570 1605 Constantinopoli
1591 1568 1797 1607 compara-

331 1617 458 1660 verat,
485 1610 642 1663 ipsique
661 1610 1021 1648 communicaverat
1034 1609 1095 1662 2).
1126 1610 1233 1648 Illud
1254 1609 1396 1649 deinde
1416 1623 1504 1648 cum
1525 1610 1699 1649 editione
1720 1611 1797 1648 Ra-

335 1667 496 1706 deriana
523 1666 627 1704 idem
658 1666 884 1705 Holstenius
909 1666 1098 1714 contulit3
1135 1667 1256 1705 variis
1283 1666 1333 1704 ad
1361 1666 1556 1717 margines
1585 1666 1798 1718 adscriptis

334 1722 589 1768 lectionibus,
619 1722 700 1761 suis
725 1723 841 1761 etiam
870 1722 1069 1761 interdum
1090 1723 1264 1761 admistis
1290 1723 1627 1761 emendationibus
1647 1729 1687 1762 et
1705 1736 1798 1761 con-

334 1779 519 1832 jecturis:
557 1779 625 1817 ubi
657 1791 759 1830 quae
787 1779 953 1817 subinde
988 1785 1101 1817 erant
1133 1780 1280 1818 inserta
1310 1778 1358 1816 ab
1389 1779 1696 1831 interpolatore,
1726 1779 1799 1817 de-

339 1841 528 1886 erantque
553 1835 595 1873 in
629 1834 766 1873 eodem
804 1836 883 1874 MS.
912 1835 1124 1887 exemplari
1157 1835 1361 1887 diligenter
1390 1835 1604 1873 adnotavit.
1673 1835 1798 1883 Quin-

339 1892 515 1931 etiamin
535 1891 688 1942 reliqua
711 1891 895 1943 deinceps
915 1891 1101 1930 Chronici
1120 1898 1235 1943 parte
1261 1891 1549 1930 emendationes
1570 1904 1620 1930 ex
1639 1891 1798 1942 ingenio

339 1947 494 2000 adjecit.
553 1948 665 1996 Quae
697 1947 855 1999 quidem
886 1948 1013 1986 omnia
1041 1948 1082 1986 in
1099 1949 1219 1986 Notas
1240 1954 1392 1986 nostras
1410 1948 1636 1996 retulimus,
1667 1948 1798 1999 eique,

339 2010 385 2042 ut
402 2018 474 2055 par
494 2009 572 2053 est,
602 2004 904 2056 adscripsimus,
935 2010 1021 2042 tum
1039 2018 1089 2043 ne
1109 2004 1229 2042 alium
1247 2004 1425 2042 dicamur
1445 2003 1684 2055 suppilasse‚
1711 2010 1799 2042 tum

340 2060 450 2112 quod
477 2059 554 2099 viri
583 2060 846 2112 undequaque
876 2061 1093 2099 doctissimi
1128 2060 1170 2098 in
1201 2074 1245 2099 re
1272 2061 1446 2099 literaria
1477 2059 1620 2111 adepta
1643 2059 1801 2111 pridem

340 2117 575 2154 existimatio
599 2123 637 2155 et
665 2118 879 2156 auctoritas
898 2118 1102 2157 Lectorem
1124 2117 1166 2155 in
1185 2117 1290 2155 illius
1308 2115 1534 2155 sententiam
1553 2115 1662 2154 haud
1685 2129 1800 2166 aegre

340 2173 444 2210 sorte
465 2172 689 2211 adduxerit.
750 2174 856 2222 Quin
882 2187 1005 2226 porro
1036 2173 1286 2212 continuator
1307 2172 1492 2211 Chronici
1516 2173 1588 2210 sub
1611 2171 1799 2211 Heraclio

338 2228 505 2276 vixerit,
536 2230 670 2280 negari
688 2231 769 2269 fere
788 2245 867 2268 non
886 2237 1039 2282 potest,
1070 2236 1154 2268 tum
1176 2230 1285 2281 quod
1303 2229 1411 2268 Libri
1434 2229 1573 2267 titulus
1589 2228 1631 2266 in
1652 2228 1800 2282 Coglice

331 2284 530 2323 ‘Vaticano
562 2299 607 2323 ac
633 2286 674 2323 in
704 2286 829 2325 Codd.
857 2286 1123 2325 Bibliothecae
1156 2286 1271 2336 Regis
1300 2285 1513 2334 Catholici,
1543 2284 1643 2323 illud
1667 2284 1708 2323 in
1730 2298 1800 2322 an·—

340 2354 436 2379 num
468 2355 537 2380 xx.
570 2342 767 2391 Heraclii,
800 2343 866 2381 vel
892 2349 998 2382 certe
1029 2342 1070 2380 in
1099 2341 1206 2380 illius
1242 2347 1419 2394 tempora
1445 2341 1622 2380 desinere
1645 2341 1798 2391 innuat,

243 2388 271 2421 Ρ
295 2389 318 2423 9
341 2404 426 2435 tum
444 2397 553 2448 quod
581 2411 680 2449 quae
709 2399 757 2437 de
776 2399 913 2438 eodem
931 2401 1134 2449 Augusto,
1165 2399 1328 2449 ejusque
1353 2397 1470 2448 gestis
1489 2403 1722 2446 narrantur,
1753 2411 1800 2436 ac

237 2434 270 2467 V
292 2435 315 2470 8
337 2453 507 2505 denique
536 2455 759 2506 exscriptae
791 2455 1030 2506 prolixiores
1062 2455 1250 2506 epistolae
1271 2454 1320 2492 ad
1342 2454 1552 2492 Persarum
1571 2454 1714 2504 Regem
1735 2453 1801 2492 vel

337 2509 565 2562 Toparchas
578 2541 587 2558 ,
618 2516 735 2562 atque
765 2511 863 2550 adeo
884 2511 1172 2562 descriptorum
1192 2510 1233 2548 in
1258 2511 1354 2548 actis
1374 2510 1546 2562 publicis
1567 2509 1652 2562 ejus
1673 2510 1799 2561 Impe-

338 2567 387 2604 rii
407 2573 445 2605 et
474 2566 543 2604 filii
566 2567 810 2606 Constantini
839 2581 1031 2606 annorum
1061 2573 1240 2605 accurata
1271 2567 1441 2615 notatio,
1469 2572 1508 2604 et
1536 2565 1646 2618 quod
1666 2565 1798 2618 ipsum

341 2622 569 2662 Heraclium
594 2621 722 2676 ὖμῶν-
741 2623 905 2676 βασιλέα
933 2630 1070 2673 vocet,
1105 2623 1147 2661 id
1165 2622 1356 2663 suadeant
1372 2622 1542 2662 omnino.
1599 2621 1722 2674 Atqui
1741 2627 1799 2660 ta-
1833 2668 1836 2673 .

388 2800 426 2843 ¹)
451 2800 641 2837 Pithoeana
663 2802 767 2837 MSS.

388 2846 430 2889 ²)
454 2846 542 2881 Vide
565 2848 774 2895 Apparatum
798 2848 930 2883 Labbei
953 2847 997 2882 ad
1021 2847 1110 2882 Hist.
1135 2847 1281 2893 Byzant.
1306 2858 1339 2891 p.
1364 2849 1396 2883 8.
