1884 3262
483 226 542 270 IN
576 224 906 269 CHRONICON
938 224 1228 268 PASCHALE.
1487 220 1589 268 303

238 338 456 388 Peg-387.
493 339 560 379 11.
621 335 829 388 Κρητίου]
870 336 962 388 Leg.
983 336 1225 388 Κρητικοῦ,
1270 339 1318 372 ut
1346 330 1479 386 apud
1489 332 1589 371 Dio-

121 407 231 443 nem,
263 392 552 446 Epiphanium,
582 393 623 431 in
645 393 773 431 Fastis
798 392 974 443 schotti,
1005 392 1219 441 ldatianis,
1248 397 1289 430 et
1308 391 1408 430 aliis.

238 448 866 502 Ρας.387.13.1(αμερίνου]
899 450 1083 489 Camerum
1113 454 1262 488 vocant
1286 447 1394 486 Fasti
1418 445 1590 485 Idafiani

120 503 451 560 11153.Κάμηρον
470 505 740 559 Epiphanius.
770 506 837 545 sed
858 505 1008 545 camella
1025 506 1250 557 legendum.
1308 505 1365 543 Ita
1389 503 1490 542 enim
1510 517 1590 542 vo-

121 564 315 602 cabantur
339 565 391 603 Μ
415 564 559 602 Furius
586 563 667 602 hoc
685 577 789 602 anno
812 565 901 602 cos.
923 577 1013 602 cum
1033 564 1155 602 Sexto
1174 561 1304 600 Nonio
1326 560 1589 610 Quintiliano,

118 620 170 673 de
189 620 335 673 quibus
355 621 444 659 Dio.

234 680 327 727 Pag.
357 679 452 719 387·
484 675 550 720 14.
607 675 691 716 Και
708 675 908 727 Σιλανοῦ]
940 675 1340 715 5ο1ωη.Συλλανοῦ.

235 737 328 784 Pag
356 736 452 776 387.
484 737 548 775 17-
607 732 690 772 Καὶ
710 731 977 784 Σκησέίωνος]
1010 733 1067 772 Ita
1093 732 1216 772 editio
1238 729 1443 781 Scaligeri.
1499 730 1591 767 Ra-

119 790 239 829 derus
258 803 472 842 perperam
494 789 702 837 Σιπίωνος
723 789 918 839 ediderat,
951 790 1021 828 sed
1043 790 1113 839 leg.
1135 789 1386 836 Καπίτωνος,
1416 792 1461 824 ut
1481 785 1591 838 apud

117 846 350 885 schottum:
379 860 470 885 nam
495 845 576 884 hoc
602 860 708 884 anno
732 846 839 884 Coss.
861 848 1027 885 fuerunt
1050 847 1284 885 Germanicus
1307 845 1441 883 Caesar
1459 843 1592 882 Caesa-

117 906 168 941 ris
187 903 229 943 F.
255 907 289 941 et
312 903 350 941 C.
373 903 544 942 Fonteius
562 903 600 941 C.
619 902 664 941 F.
692 903 842 954 Capito,
872 902 923 942 de
945 903 1091 955 quibus
1117 903 1203 942 Dio.
1261 903 1413 939 Desunt
1431 898 1463 938 ii
1483 899 1591 952 apud

115 959 409 1012 Epiphanium,
438 966 478 998 et
502 961 545 998 in
567 959 696 998 Fastis
719 960 932 1006 matianis,
962 960 1060 999 licet
1077 959 1152 998 hos
1174 965 1312 997 contra
1334 957 1451 995 fidem
1471 956 1593 995 Codi-

117 1017 177 1055 cis
205 1030 287 1068 quo
315 1029 413 1054 usus
441 1022 500 1055 est
522 1017 572 1055 iis
588 1016 798 1056 intruserit
816 1017 1011 1056 Labbeus.
1070 1017 1172 1056 Vide
1188 1015 1393 1055 petavium
1417 1013 1468 1052 ad
1487 1027 1592 1052 eun-

115 1073 205 1112 dem
226 1072 424 1126 Epiphan.
448 1086 537 1126 pag.
558 1073 626 1116 95.

75 1151 79 1156 ¹
231 1132 454 1180 Pag.387.
486 1133 552 1172 18.
613 1126 825 1181 Φλάκκου]
869 1129 935 1168 Sic
973 1130 1089 1169 etiam
1128 1135 1345 1180 utrumque
1376 1126 1590 1166 Consulem

113 1187 324 1226 nominant
354 1187 462 1226 Fasti
494 1186 675 1226 ldatiani
734 1186 1004 1240 Epiphanius,
1043 1183 1231 1227 Φλακκον
1258 1201 1328 1226 και
1347 1179 1590 1225 Σιλουαὶνόν

113 1244 221 1283 Fasti
240 1242 420 1293 schotti,
450 1249 498 1282 ut
515 1249 557 1283 et
576 1244 673 1294 Dio,
701 1243 750 1283 L.
776 1245 965 1283 Plancium
982 1243 1030 1283 L.
1049 1243 1093 1283 F.
1118 1245 1314 1292 Plancum,
1342 1242 1435 1281 etc.
1458 1241 1591 1280 Silium

115 1300 156 1340 C.
173 1300 218 1339 F.
235 1300 436 1340 Caecinam.

233 1360 325 1407 Pag.
355 1358 453 1399 387.
487 1358 552 1398 19.
609 1351 809 1410 Ηρῶδης]
840 1356 1019 1407 Scaliger
1039 1356 1081 1394 in
1111 1355 1407 1407 Prolegomenis
1436 1354 1487 1393 ad
1508 1354 1592 1393 Eu·

113 1414 289 1463 sebium,
323 1412 539 1452 ridiculum
574 1426 658 1451 esse
693 1413 773 1462 ait,
803 1414 911 1465 quod
943 1412 1140 1452 Archelao
1172 1425 1444 1451 successorem
1465 1412 1593 1450 Hero-

76 1494 89 1497 1
113 1471 203 1510 dem
225 1470 410 1524 Antipam
430 1469 500 1508 det
519 1468 624 1509 idem
643 1469 862 1520 Eusebius,
889 1471 1026 1522 quasi,
1055 1468 1207 1521 inquit,
1238 1469 1308 1508 ille
1337 1483 1417 1507 non
1449 1468 1592 1513 eodem

113 1533 316 1568 momento
351 1526 537 1565 dominus
569 1526 687 1565 unius
709 1525 962 1565 Teu-archiae
985 1540 1036 1565 ex
1057 1526 1184 1579 patris
1205 1531 1443 1564 testamento
1462 1526 1592 1564 sactus

111 1585 188 1634 sit,
218 1597 299 1636 quo
324 1583 546 1622 Archelaus
575 1583 744 1622 duarum
767 1583 1117 1633 Tetrarchiarum‚
1151 1583 1317 1635 quibus,
1348 1582 1509 1634 quando
1541 1581 1591 1620 ab

111 1642 294 1692 Augusto
328 1647 473 1679 exutus
507 1647 547 1679 et
574 1639 618 1678 in
652 1641 824 1679 Galliam
851 1641 1051 1691 relegatus
1083 1646 1166 1687 est,
1196 1646 1294 1678 tunc
1315 1638 1493 1679 Herodes
1514 1638 1591 1678 iste

112 1698 303 1750 Antipas,
333 1703 373 1736 et
391 1696 600 1749 Philippus
623 1696 708 1749 ejus
726 1698 873 1742 frater,
901 1697 983 1750 jam
1003 1697 1200 1736 decimum
1224 1709 1371 1735 annum
1399 1694 1592 1748 potieba-

110 1761 193 1795 tur.
251 1753 424 1803 Deinde,
466 1766 540 1792 cur
566 1753 747 1793 Herodes
779 1754 969 1807 Antipas‚
1010 1753 1144 1792 subdit
1173 1754 1262 1803 ille,
1299 1754 1441 1806 potius
1471 1766 1591 1805 quam

110 1810 347 1863 Philippus,
380 1816 450 1849 aut
466 1824 540 1849 cur
556 1824 638 1849 non
660 1811 775 1849 ambo
797 1811 915 1850 simul
937 1810 1132 1859 Archelao
1151 1809 1267 1849 fratri
1286 1809 1591 1849 successerunt?

112 1868 191 1907 Sed
215 1867 417 1919 quomodo
439 1866 762 1907 Tetrarchiarum
780 1867 964 1907 Archelai
984 1881 1194 1907 successor
1215 1867 1304 1916 ille,
1335 1874 1404 1905 aut
1424 1867 1498 1906 iste
1518 1881 1591 1919 po-

39 1935 42 1938 ·
110 1924 238 1964 tuerit
266 1938 373 1973 esse,
408 1936 511 1976 quae
534 1923 578 1965 in
599 1923 741 1979 fiscum
762 1925 948 1964 redactae
967 1938 1174 1977 nunquam
1191 1924 1233 1961 in
1253 1929 1491 1976 potestatem
1511 1923 1590 1963 He·

110 1980 372 2021 rodiadarum
403 1987 622 2033 venerunt,
666 1982 738 2021 sed
773 1996 796 2020 a
830 1983 1099 2022 Procuratore
1131 1980 1311 2020 Caesaris
1336 1980 1589 2020 administra

108 2038 285 2078 bantur?

228 2098 324 2145 Pag.
353 2096 450 2138 388.
482 2097 522 2136 8.
581 2082 760 2136 Σθιστου
798 2093 886 2136 καὶ
905 2076 1121 2147 Σέκστου]
1151 2093 1348 2147 Epiphan.
1388 2096 1471 2135 τῶν
1510 2089 1589 2136 δυο

110 2150 312 2193 Σέκστων.
360 2154 525 2192 Sueten.
554 2151 597 2190 in
627 2147 800 2191 Octavio
830 2165 917 2204 cap.
946 2165 983 2191 c·
1015 2152 1164 2191 Duobus
1193 2152 1337 2200 Sextis,
1368 2151 1532 2204 Pompeio
1556 2155 1590 2190 et

111 2210 285 2261 Appuleio
315 2206 412 2249 Coss.
470 2208 580 2246 Fasti
603 2209 796 2248 Idatiani:
830 2209 980 2248 Duobus
1006 2209 1154 2258 Sextis,
1187 2211 1349 2261 Pompeio
1375 2208 1522 2259 Magno
1554 2212 1589 2247 et

110 2266 275 2317 Apuleio.
333 2265 432 2314 Dio,
462 2263 576 2303 Sexto
608 2268 792 2318 Pompeio,
827 2270 861 2304 et
889 2266 1003 2305 Sexto
1027 2267 1190 2318 Apuleio.
1248 2266 1331 2305 Hos
1359 2279 1587 2318 perperam,

111 2323 226 2372 quasi
252 2321 401 2361 diversi
428 2320 595 2371 fuerint,
638 2336 801 2362 rursum
827 2323 993 2362 intrusit
1024 2323 1210 2376 Scriptor
1235 2322 1446 2362 Chronici:
1493 2335 1587 2362 nam

110 2377 175 2418 his
194 2392 423 2419 successere
442 2379 592 2417 Brutus
614 2385 654 2418 et
674 2379 854 2418 Flaccus.

227 2439 321 2486 Pag-
351 2439 450 2479 388.
481 2436 521 2478 5.
581 2431 784 2489 Μάγνου]
813 2436 922 2475 Haec
947 2449 1032 2475 vox
1058 2435 1171 2475 abest
1197 2436 1240 2475 in
1266 2434 1362 2476 edit.
1380 2434 1584 2488 scaligeri,

112 2497 152 2532 et
167 2493 275 2546 apud
297 2493 483 2531 Dionem.
515 2491 688 2532 habetur
704 2506 802 2532 vero
820 2493 930 2546 apud
946 2491 1230 2546 Epiphanium.

141 2587 148 2599 ,
225 2553 320 2601 Pag
348 2551 447 2593 388.
476 2552 516 2592 6.
571 2553 606 2590 Β
607 2545 779 2605 ρουτου]
809 2550 871 2589 Ita
891 2549 1139 2610 Epiphanius
1158 2556 1198 2589 et
1213 2547 1321 2588 Fasti
1343 2547 1475 2589 Idatii.
1531 2546 1586 2587 At

111 2604 186 2645 Dio
211 2607 386 2646 Drusum
418 2606 626 2646 Caesarem
658 2606 866 2647 Tiberium
890 2613 930 2646 et
959 2607 1006 2646 A.
1033 2597 1265 2645 Norbanum
1286 2606 1476 2644 flaccum
1503 2602 1585 2642 hoc

112 2675 216 2701 anno
237 2664 342 2703 Coss.
358 2662 492 2712 habet,
523 2669 570 2702 ut
588 2669 628 2702 et
650 2663 852 2711 Schottus,
880 2661 1068 2718 Δρούσου
1086 2663 1155 2704 καὶ
1178 2659 1370 2704 Φλάκκου
1390 2676 1435 2701 το
1456 2655 1502 2700 δ’.
1522 2666 1586 2699 at-

113 2731 193 2770 que
214 2720 271 2759 ita
294 2719 506 2771 legendum
526 2721 673 2759 volunt
692 2722 878 2760 petavius
899 2728 938 2760 et
957 2721 1198 2760 Holstenius.
1255 2718 1452 2770 Deinceps
1472 2716 1585 2756 addit

110 2774 218 2814 idem
242 2775 427 2815 Petavius
447 2776 661 2829 Scriptoris
683 2777 873 2817 Chronici
890 2792 996 2817 anno
1014 2791 1095 2816 uno
1114 2777 1308 2816 tardiores
1325 2787 1412 2813 esse
1425 2773 1456 2811 F
1458 2780 1581 2823 astos

113 2844 240 2928 guam
260 2831 479 2885 Epiphanii
509 2839 551 2873 et
570 2835 807 2888 Capitolini,
837 2848 968 2888 usque
987 2834 1040 2874 ad
1058 2834 1314 2873 Consulatum
1331 2831 1520 2871 Messalae
1541 2836 1582 2870 et

150 2887 226 2927 rati
298 2889 416 2928 Hunc
437 2889 516 2928 adi.
