1820 3276
453 200 512 244 IN
546 198 876 245 CHRONICON
908 197 1201 242 PASCHALE.
1475 191 1578 242 493

225 313 318 362 Pag.
347 309 444 354 725.
478 314 544 355 10.
601 306 699 364 Eyoi
728 310 877 359 θεωρῶ
904 307 1093 363 γυναῖκα]
1124 309 1298 359 Symeon
1326 303 1578 357 Logothetha

107 373 148 408 et
177 367 396 406 Cedrenus=
438 363 548 408 εἶδον
586 367 630 407 οἱ
656 362 864 419 Βάρβαροι
891 366 1048 419 πρωΐας
1076 362 1225 415 οὔσης,
1262 361 1332 403 καὶ
1359 365 1433 403 τοῦ
1459 361 1579 415 ἡλίου

107 421 411 473 ἀνατέλλοντος,
453 419 536 465 ἀπὸ
568 426 643 476 τῆς
669 420 824 475 πόρτης
850 424 936 462 τοῖν
963 424 1202 474 Βλαχερνῶν
1230 419 1476 469 ἐξελθοῦσαν
1502 434 1579 474 γυ·-

106 485 228 523 ναῖκα
257 483 466 534 περιφανῆ
493 477 590 532 μετοέ
619 482 701 520 τῶν
731 474 937 531 εὐνούχων
965 481 1111 529 τινῶν,
1142 484 1219 517 etc.

224 540 316 588 Pag.
345 539 440 580 726.
472 540 510 579 1.
565 537 699 591 Αγίαν
720 532 864 590 σορόν]
899 534 1244 588 Constantinopol.
1267 531 1412 573 Christ.
1434 533 1503 572 lib.
1524 546 1578 573 xv.

106 601 201 636 8ect-
221 606 440 701 aigil-7316·-
470 653 509 693 7.
570 650 605 690 Ο
633 644 833 700 ἀδελφός]
863 647 1023 686 Fratres
1053 647 1156 687 duos
1185 646 1326 686 habuit
1353 645 1576 696 Heraclius,
1602 650 1635 686 V
1655 652 1725 689 559

104 706 362 746 Theodorum
397 707 700 759 Curopalatam,
737 711 777 744 et
815 704 1075 756 Gregorium:
1120 711 1212 744 uter
1240 703 1384 743 horum
1414 702 1483 742 hic
1511 703 1582 742 in-

105 764 309 816 telligatur
335 763 548 802 incertum.
608 764 723 801 Certe
751 761 1009 801 Theodorum
1038 762 1079 801 in
1109 761 1311 801 Persidem
1342 759 1580 799 comitatum

102 820 335 861 Heraclium
365 820 505 859 scribit
534 818 809 872 Theophanes.

222 881 315 928 Pag.
345 880 442 919 726.
474 879 539 920 14.
603 874 656 919 Τὸ
701 880 829 929 τεῖχος
871 873 1017 929 πέριξ,
1066 874 1177 928 etc.]
1226 873 1578 928 Constantinopol-

104 933 249 976 christ.
279 934 346 973 lib.
375 948 402 973 1.
434 940 529 972 sect.
554 947 616 973 11.

220 994 315 1042 Pag·
344 994 440 1034 726.
473 993 538 1034 18.
604 991 687 1031 Τοῦ
721 987 840 1044 ἆγίου
879 984 1089 1039 Ιωᾶννου,
1129 988 1232 1041 etc.]
1273 987 1377 1028 Ibid.
1412 987 1484 1028 lib.
1522 1000 1579 1028 lv.

103 1054 204 1090 sect.
232 1061 287 1087 ιν.
316 1062 354 1088 n.
383 1061 452 1086 xv.

219 1107 314 1155 Pag.
342 1107 439 1147 727.
473 1105 540 1145 10.
597 1097 679 1143 Επ’
709 1099 926 1157 ἅμβωνος]
960 1101 1063 1143 lbid.
1091 1101 1158 1143 lib.
1184 1116 1247 1143 111.
1278 1115 1318 1141 11.
1345 1113 1473 1141 mv,

220 1164 313 1212 Pag.
342 1164 438 1204 729.
468 1158 509 1200 4.
569 1155 807 1215 Πικροτάτῳ
835 1156 1030 1215 θανάτῳ]
1072 1159 1171 1198 Cibo
1212 1158 1320 1199 omni
1356 1158 1579 1207 subtracto,

103 1231 151 1257 ac
180 1218 270 1257 auri
310 1223 350 1257 et
378 1217 530 1268 argenti
560 1216 875 1269 lapillorumque
909 1216 952 1255 vi
990 1216 1184 1264 maxima,
1225 1229 1344 1268 quam
1384 1215 1580 1254 hactenus

103 1275 344 1326 collegerat,
376 1287 511 1312 coram
541 1273 773 1326 proposita,
802 1273 852 1313 iis
880 1273 1048 1312 vocibus
1075 1273 1362 1312 insultantibus
1391 1270 1582 1311 Proceri-

102 1331 200 1371 bue:
228 1331 364 1370 Fruere
390 1333 438 1370 iis
464 1332 643 1381 agedum,
675 1344 822 1382 quorum
848 1333 978 1370 imam
1006 1331 1172 1382 cupidine
1193 1332 1396 1382 flagrasti,
1425 1341 1582 1381 quaeque

102 1391 237 1429 amasti
262 1393 445 1440 tantopere
468 1401 514 1427 ac
542 1387 730 1437 collegisti.
787 1387 966 1426 Tandem
995 1387 1098 1426 same
1128 1393 1312 1435 enectus,
1356 1386 1405 1424 ab
1433 1385 1482 1424 iis
1511 1384 1581 1422 in-

102 1445 297 1485 terfectus
339 1451 411 1484 est.
469 1443 531 1483 Ita
567 1443 835 1496 Nicephorus.
893 1445 990 1483 Rem
1032 1443 1152 1483 etiam
1190 1443 1378 1496 pluribus
1417 1446 1583 1482 narrant

103 1500 370 1555 Theophanes
398 1515 440 1554 p.
470 1504 568 1544 271.
600 1506 642 1541 et
672 1502 843 1554 Symeon
874 1499 1110 1552 Logotheta.

219 1562 314 1610 Pag·
340 1561 438 1602 729.
471 1560 536 1601 17.
592 1555 687 1599 And
726 1560 800 1609 τῆς
833 1553 899 1606 ιζ’.
927 1559 1003 1598 τοῦ
1037 1557 1271 1610 Οκτωβρίου
1308 1554 1468 1610 μηνός]
1505 1555 1579 1594 Id-

102 1616 235 1669 ipsum
274 1629 327 1655 ex
363 1614 441 1653 hac
477 1614 653 1654 Heraclii
695 1614 800 1653 sorte
838 1614 1017 1668 Epistola
1053 1613 1242 1666 pluribus
1272 1620 1410 1653 narrat
1439 1611 1581 1662 Theo·-

102 1671 255 1726 phanes
284 1672 359 1711 sub
388 1685 479 1712 ann.
507 1685 607 1710 xvu.
637 1671 835 1711 Heraclii:
866 1677 906 1711 et
935 1684 987 1711 ex
1016 1684 1062 1709 eo
1095 1670 1289 1722 Georgius
1317 1669 1552 1711 Monachus,

217 1731 310 1780 Pag.
339 1732 435 1771 730.
464 1731 504 1772 6.
562 1726 855 1782 Σιαρσοῦρων]
884 1727 1120 1781 Theophani
1138 1742 1232 1768 ann.
1248 1740 1351 1769 xvu.
1373 1741 1464 1782 pag.
1482 1729 1579 1770 270·

103 1781 353 1841 Ζιᾶρζουρος
379 1785 540 1825 dicitur.

216 1843 313 1884 Ibid.
373 1844 544 1896 Μικροῦ
572 1837 714 1895 Ζᾶβα]
754 1842 901 1893 Georg.
935 1839 1158 1880 Monachus
1195 1840 1274 1881 MS.
1306 1839 1375 1881 καὶ
1403 1835 1582 1892 περάσας

102 1897 127 1941 o‘
156 1895 352 1947 Βασιλεῦς
382 1896 454 1940 τόν
483 1898 608 1953 μέγαν
645 1896 825 1951 ποταμὸν
855 1895 1020 1951 Ζᾶβαν,
1062 1904 1138 1937 etc.
1195 1897 1324 1936 Infra:
1363 1892 1579 1950 ἐκράτησεν

99 1953 173 2005 τὰς
207 1952 256 1998 δ’.
295 1951 478 2010 γεφύρας
512 1958 588 1997 τοῦ
622 1958 772 2010 μικροῦ
811 1951 944 2009 Ζάβα.
1003 1954 1169 2008 Quippe
1213 1953 1386 1993 extitere
1426 1952 1508 1991 duo
1537 1951 1579 1990 in

100 2012 263 2053 Perside
298 2012 416 2052 fluvii
450 2012 528 2051 hac
564 2012 891 2063 nomenclatura,
932 2025 1106 2064 quorum
1144 2011 1244 2050 alter
1273 2009 1396 2064 μέγας
1425 2007 1581 2062 Ζᾶβαν,

101 2069 202 2109 alter
231 2066 373 2124 μικρᾶς
403 2066 545 2123 Ζάβαν
572 2069 864 2123 appellabatur.
922 2067 1142 2122 Utriusque
1170 2067 1353 2107 meminit
1370 2064 1580 2118 Theopha-

101 2140 195 2176 nes,
234 2132 274 2166 et
312 2140 364 2166 ex
398 2139 445 2165 eo
484 2128 659 2179 Symeon
690 2125 912 2178 Logotheta
950 2139 1056 2164 anuo
1084 2138 1187 2165 xvu.
1226 2123 1416 2166 Heraclii.
1475 2121 1581 2163 Vide

101 2188 310 2237 praeterea
341 2182 565 2223 Cedrenum
594 2197 637 2237 p.
659 2183 756 2226 417.
787 2189 828 2222 et
860 2182 1060 2221 Ortelium
1087 2181 1129 2221 in
1160 2182 1338 2220 Zabatus.

218 2243 311 2291 Pag-
340 2243 436 2283 730.
468 2243 535 2283 12.
594 2235 846 2291 Κανζᾶκων]
877 2235 1086 2287 Γαύζακον
1115 2238 1261 2290 Georg.
1289 2234 1509 2277 Monachus
1538 2234 1581 2274 in

102 2295 302 2336 Chronico
334 2296 415 2337 MS.
445 2291 628 2345 Γάζακον
656 2309 755 2336 vero
783 2301 908 2335 vocat
933 2294 1116 2348 Theoph.
1147 2301 1188 2334 et
1218 2308 1269 2334 ex
1294 2308 1340 2334 eo
1371 2293 1574 2333 Cedrenus
1597 2292 1630 2328 V
1659 2293 1730 2331 560

102 2366 210 2448 inno
230 2366 339 2448 hxm.
378 2359 420 2393 et
454 2366 557 2393 xvn.
599 2349 717 2395 πόλιν
753 2352 799 2394 ἐν
835 2355 890 2410 τῇ
925 2354 1116 2409 Ανατολῇ
1156 2347 1366 2405 Γαζᾶκην,
1406 2352 1581 2403 Symeon

135 2424 159 2449 o
187 2416 230 2449 ot
263 2440 272 2449 .

162 2423 186 2462 g
219 2469 312 2517 Pag.
342 2469 438 2515 730.
475 2468 539 2509 18.
599 2464 678 2514 Εἰς
705 2462 751 2506 vd
785 2463 957 2520 Αρμᾶν]
999 2464 1111 2505 Idem
1138 2464 1302 2504 videtur
1336 2461 1446 2516 quod
1475 2460 1579 2499 infra

103 2523 279 2577 Ναρβᾶν
307 2522 482 2562 dicitur:
521 2522 673 2562 fluvius
709 2522 813 2561 forte
845 2523 988 2578 Λρβᾶς
1015 2521 1244 2576 appellatus
1283 2535 1307 2560 a
1334 2516 1580 2570 Theophane

102 2593 165 2674 ειίι.
193 2592 295 2619 xvn.
331 2593 421 2632 pag.
451 2582 548 2624 270.
588 2579 660 2632 qui
700 2580 871 2634 Ναρβᾶς
909 2579 1060 2619 dicitur
1096 2577 1290 2632 Symeoni
1328 2573 1498 2627 Logoth.
1535 2574 1579 2612 in

104 2637 134 2675 C
165 2650 254 2676 ron.
282 2635 363 2675 MS.

219 2695 312 2743 Pag-
341 2694 438 2735 731.
469 2695 511 2736 8.
572 2687 892 2744 Γοννδᾶνασπα]
923 2690 1006 2741 Qui
1035 2685 1350 2743 Γουνδαβούνας
1379 2692 1420 2727 et
1451 2689 1579 2728 Γουν-

104 2749 302 2802 δαβουζᾶς
339 2748 494 2804 dicitur
528 2748 768 2803 Theophani
804 2762 909 2788 anno
936 2762 1040 2788 xvn.
1078 2761 1171 2801 pag.
1196 2749 1293 2790 270.
1334 2742 1403 2784 ubi
1432 2742 1578 2783 similia

102 2806 244 2854 refert,
274 2805 455 2847 Cedreno
482 2819 582 2847 vero
616 2806 958 2859 Γουνουφοῦνδος
985 2818 1079 2859 pag.
1105 2803 1200 2846 419.
