1820 3276
263 173 362 223 352
839 178 1147 221 NOTAE

382 292 472 339 Pag.
505 287 598 332 504.
628 289 666 331 5.
725 284 891 339 Σφάξας
927 287 999 330 τὸν
1038 287 1187 341 παῖδα]
1246 290 1297 328 Ut
1337 289 1568 329 interfectus
1604 288 1726 328 suerit

264 346 492 386 Gordianus
523 351 687 384 narrant
716 345 986 398 Capitolinus,
1019 346 1251 398 Eutropius,
1281 352 1450 398 uterque
1468 348 1628 397 Victor,
1649 352 1725 385 etc.

381 405 474 452 Pag.
505 402 602 445 504.
633 407 673 445 7.
733 399 924 452 Πιόνιος]
970 403 1163 442 Eusebius
1191 403 1260 441 lib.
1281 417 1336 442 vl.
1367 403 1467 442 Hist.
1497 404 1604 442 Eccl.
1635 416 1724 454 cap.

263 474 333 498 xv.
391 459 493 497 Vide
528 459 748 498 Bolandum
778 473 804 498 1.
834 460 948 499 Febr.
979 460 1019 498 in
1049 460 1133 510 vita
1161 459 1336 512 ejusdem
1366 462 1403 498 S.
1422 460 1572 506 Pionii,
1590 458 1727 499 Jacob.

267 515 575 555 Grandamicum
614 516 656 554 in
697 515 961 568 Chronologia
1001 517 1147 556 Christ.
1194 522 1311 569 parte
1347 530 1410 556 111.
1457 529 1545 569 pag.
1575 519 1644 559 73.
1687 521 1728 555 et

262 573 453 611 Joannem
485 572 741 611 Pearsonium
771 573 814 612 in
846 573 1012 614 Dissert.
1042 588 1087 613 11.
1126 573 1176 611 de
1209 573 1321 611 annis
1359 574 1539 625 priorum
1578 574 1727 612 Romae

265 630 554 682 Episcoporunn
584 643 672 683 cap.
701 643 789 668 xxx.
819 629 890 668 ubi
919 631 970 669 de
999 636 1180 682 tempore
1213 630 1391 681 martyrii
1421 631 1459 668 S.
1490 629 1630 671 Pionii.

379 687 472 736 Pag·
503 685 598 729 504.
628 691 666 729 9.
725 686 811 727 Eat
843 682 1032 740 Πρόκλου
1063 687 1357 737 Κυντιλιανοῦ]
1409 687 1507 724 Acta
1545 685 1729 738 martyrii

262 744 301 781 S.
330 743 459 782 Pionii
491 742 599 795 apud
627 743 850 782 Bolandum
880 757 909 781 1.
940 743 1051 782 Febr.
1080 744 1174 782 Acta
1202 747 1284 782 sunt
1313 744 1400 781 haec
1425 745 1489 781 sub
1509 742 1729 782 ProcosJu-

264 802 313 839 lio
343 800 492 840 Proculo
525 798 750 843 Quintiliano
768 830 781 850 ,
821 799 860 839 C.
887 800 1023 839 Messio
1055 801 1230 847 Quincto,
1274 800 1439 848 Trajauo
1478 800 1588 838 Decio
1633 800 1730 838 Vinio

265 858 380 896 Grato
403 855 547 912 (Coss.)
578 861 621 894 ut
638 858 795 905 Romam*
822 857 967 905 dicunt,
997 871 1053 896 iv.
1081 858 1172 896 Idus
1195 856 1350 906 Martii,
1379 860 1422 894 ut
1439 857 1590 905 Asiani,
1619 869 1731 911 mense

263 928 317 953 vi.
340 915 397 952 die
418 913 599 962 sabbato,
627 915 716 952 hora
744 914 817 952 diei
835 927 874 952 x.
933 913 1030 952 Acta
1061 914 1136 952 alia
1167 913 1275 965 apud
1305 913 1474 952 eundem
1506 913 1728 955 Bolandum

263 971 401 1024 paullo
429 970 545 1009 aliter
578 969 678 1010 haec
708 970 953 1009 describunt.

379 1027 474 1077 Pag.
510 1026 603 1070 504.
640 1031 702 1069 10.
764 1029 798 1067 Ο
823 1027 904 1067 ἐστι
925 1023 1026 1067 κατὰ
1046 1023 1277 1079 Ασιοὶνοΰς]
1310 1026 1470 1078 Quippe
1500 1040 1627 1065 annus
1658 1040 1732 1066 so-

264 1083 358 1122 laris
389 1083 776 1136 Syromacedonum,
821 1097 922 1135 quos
954 1085 1119 1121 Asianos
1148 1090 1269 1122 vocat
1300 1084 1474 1132 Auctor,
1515 1083 1732 1149 incipiebat

264 1155 397 1179 mense
428 1141 612 1179 Octobri:
644 1140 813 1192 proinde
842 1139 1009 1178 Martius
1038 1141 1087 1178 iis
1109 1147 1244 1178 sextus
1266 1140 1343 1178 fuit
1364 1141 1528 1179 mensis:
1557 1149 1604 1178 ut
1625 1139 1732 1195 apud

269 1192 599 1249 Chrysostomum
630 1196 820 1238 Orat.,de
850 1195 1039 1236 Paschate
1074 1197 1179 1248 apud
1211 1197 1416 1236 Savillium
1444 1204 1499 1236 to.
1520 1211 1558 1236 v.
1576 1192 1732 1249 p.,940.

269 1261 308 1293 et
336 1256 432 1298 941.
466 1260 631 1306 quartus
669 1253 779 1306 apud
815 1252 1009 1291 Asiaticos
1047 1254 1194 1292 mensis
1233 1253 1382 1292 dicitur
1420 1254 1650 1303 Januarius,
1686 1259 1734 1292 ut

270 1317 461 1359 octavus,
491 1310 630 1350 Maius.
690 1310 792 1348 Vide
822 1310 1007 1361 Scaliger.
1040 1310 1107 1348 lib.
1129 1325 1171 1348 ιι.
1203 1309 1251 1348 de
1283 1310 1441 1349 Emend.
1460 1317 1582 1364 temp.
1601 1325 1642 1363 p.
1665 1310 1732 1354 94.

271 1374 310 1407 et
336 1367 535 1406 Patavium
567 1367 617 1405 ad
646 1366 917 1420 Epiphanium
947 1381 987 1418 p.
1019 1370 1110 1410 132.
1143 1370 1233 1410 138.
1267 1370 1361 1411 139.

382 1424 477 1475 Pag.
507 1423 601 1466 504.
635 1427 699 1468 13.
757 1422 1032 1478 Αλέξανδρος]
1065 1424 1125 1462 Ex
1144 1424 1320 1464 Eusebio
1339 1424 1406 1464 lib.
1421 1437 1478 1466 w.
1508 1422 1609 1461 Hist.
1629 1421 1734 1462 Eccl.

265 1495 354 1534 cap.
375 1495 518 1519 xxxix.

379 1538 472 1588 Pag.
503 1536 596 1579 504.
630 1535 694 1579 14.
756 1536 841 1578 Επὶ
873 1536 1037 1594 δευτέρᾳ
1059 1536 1287 1592 διαπρέψας
1317 1535 1536 1593 ὁμολογίᾳ]
1571 1536 1626 1574 De
1654 1549 1735 1588 qua

265 1595 371 1634 idem
402 1594 543 1633 Euseb.
574 1608 694 1647 supra
724 1609 812 1647 cap.
842 1608 902 1633 xl.
1486 1614 1490 1616 Ἴ

381 1651 477 1701 Pag-
508 1651 604 1694 504.
639 1655 704 1694 19.
765 1650 1008 1705 Κερκεσίου]
1055 1650 1250 1690 Circessum
1275 1657 1394 1689 vocat
1425 1649 1664 1702 Eutropius,
1695 1652 1735 1688 et

266 1723 317 1748 ex
349 1722 394 1747 eo
423 1708 592 1760 Orosius
622 1708 663 1746 in
695 1709 924 1758 Gordiano,
945 1708 1110 1747 Castrum
1128 1709 1317 1760 Euphrati
1332 1710 1532 1747 imminens:
1563 1707 1736 1746 Circeium

266 1769 307 1805 in
325 1766 465 1817 finibus
492 1764 680 1814 Persidis,
711 1765 973 1817 Capitolinus.

380 1821 473 1871 Pag.
504 1821 600 1862 505.
629 1822 668 1863 4.
729 1819 844 1862 Κατοῖ
880 1817 1102 1873 Φροὲγγων]
1152 1821 1283 1873 Atque
1305 1827 1391 1860 tum
1423 1820 1594 1874 primum
1623 1819 1737 1858 audi·
1810 1823 1820 1830 “

268 1883 354 1917 tum
384 1878 630 1916 Francorum
661 1892 806 1916 nomen
836 1878 909 1916 sub
941 1877 1082 1928 Decio,
1121 1878 1190 1929 qui
1221 1891 1310 1916 cum
1340 1878 1382 1915 in
1412 1878 1564 1930 praelio
1595 1883 1736 1915 contra
1782 1879 1785 1882 ’

269 1935 440 1985 Carpos,
474 1934 541 1985 qui
576 1934 734 1972 Daciam
764 1940 803 1972 et
824 1934 1014 1973 Moesiam
1046 1940 1362 1986 occupaverant,
1392 1933 1557 1987 periisse
1577 1933 1737 1973 dicatur

267 2005 291 2029 a
321 1990 526 2030 Lactantio
566 1991 608 2028 in
646 1991 715 2028 lib.
746 1990 794 2029 de
838 1991 1033 2030 Mortibus
1071 1992 1270 2030 Persecut.
1307 2005 1346 2029 n.
1375 2005 1431 2030 1v.
1472 2005 1572 2043 quos
1616 1991 1737 2030 Getas
1776 2008 1779 2015 ¹

267 2047 353 2086 sive
393 2046 564 2086 Gotthos
605 2053 723 2085 vocat
766 2047 1048 2086 Constantinus
1078 2048 1143 2091 -Μ,
1183 2049 1226 2087 in
1264 2048 1375 2086 Orat.
1407 2047 1456 2086 ad
1498 2050 1738 2087 Sanctorum

271 2110 453 2154 coetum,
488 2103 667 2142 Zosimus
697 2103 887 2155 Scythas,
916 2105 984 2156 qui
1014 2119 1095 2143 non
1126 2105 1193 2143 alii
1223 2111 1315 2143 sunt
1345 2105 1394 2142 ab
1424 2104 1474 2143 iis
1509 2119 1611 2156 quos
1642 2103 1737 2143 alibi

271 2160 468 2206 Gotthos,
506 2161 708 2210 Voranos,
752 2161 993 2212 Urugundos
1034 2168 1073 2200 et
1112 2162 1261 2215 Carpos
1300 2168 1439 2212 vocat,
1485 2175 1531 2199 ac
1567 2167 1738 2215 propter

269 2217 416 2256 Istrum
451 2217 649 2265 habitasse
678 2223 850 2256 testatur
872 2247 884 2266 ‚
931 2219 1026 2258 inde
1058 2232 1196 2257 eorum
1237 2219 1349 2270 origo
1387 2225 1428 2257 et
1469 2218 1593 2270 prima
1623 2217 1736 2258 sedes

269 2273 430 2312 videtur
459 2274 688 2326 repetenda.
750 2276 915 2314 Constat
955 2276 1105 2328 quippe
1135 2289 1185 2314 ex
1213 2276 1417 2314 Pannonia
1446 2275 1620 2314 Francos
1647 2274 1738 2328 pri-

268 2343 377 2369 mum
407 2330 531 2369 fuisse
563 2331 787 2381 digressos,
818 2345 868 2370 ex
890 2333 1084 2383 Gregorio
1105 2333 1254 2371 Turon.
1285 2332 1352 2371 lib.
1383 2346 1426 2370 11.
1453 2332 1552 2371 Hist.
1572 2345 1658 2384 cap.
1677 2344 1736 2371 xx.

271 2385 418 2438 quibus
462 2387 633 2425 devictis
678 2388 899 2438 assignatae
939 2389 1082 2427 deinde
1121 2389 1233 2428 sedes
1275 2389 1375 2428 aliae
1413 2388 1461 2426 ab
1493 2388 1736 2440 Imperatore

270 2442 429 2492 Probo,
476 2442 537 2481 uti
566 2450 703 2482 narrat
731 2445 911 2484 Zosimus
947 2446 1017 2487 lib.
1046 2460 1073 2484 1.
1131 2447 1184 2484 Et
1212 2445 1307 2484 licet
1337 2458 1417 2497 quo
1456 2444 1627 2483 traducti
1655 2445 1738 2484 sint

270 2499 307 2538 is
336 2513 416 2538 non
434 2499 595 2549 tradat,
628 2514 726 2539 vero
756 2507 887 2539 tamen
915 2501 1075 2541 videtur
1103 2501 1231 2542 simile
1256 2502 1297 2540 in
1318 2501 1501 2554 proxima
1525 2501 1736 2540 Germania

270 2556 363 2595 illas
391 2556 440 2595 iis
469 2556 704 2607 assignatas,
734 2570 823 2595 cum
843 2558 1110 2610 Hieronymus
1133 2572 1205 2597 suo
1221 2571 1322 2604 *aevo
1345 2558 1595 2596 Germaniam
1612 2559 1736 2598 Fran-

273 2613 375 2653 ciam
405 2620 586 2655 vocatam
619 2619 762 2652 auctor
791 2614 862 2664 sit,
894 2621 931 2653 et
962 2616 1179 2654 Germanos
1205 2628 1296 2653 cum
1321 2615 1486 2654 Francis
1515 2614 1736 2655 confundat

272 2676 389 2708 vetus
419 2670 618 2723 Interpres
645 2670 868 2719 Juvenalis,
898 2671 956 2709 uti
978 2671 1188 2710 docuimus
1217 2671 1260 2709 in
1287 2672 1450 2711 Dissert.
1484 2672 1532 2711 de
1554 2671 1735 2711 Nummis

273 2726 442 2778 Byzant.
474 2741 510 2767 n.
540 2740 606 2767 ΙΝ.
635 2727 742 2767 unde
772 2734 907 2780 postea
936 2725 1107 2782 trajecto
1139 2727 1276 2766 Rheno
1317 2727 1358 2765 in
1391 2728 1539 2768 Gallias
1570 2728 1735 2781 irrupe-'

274 2782 366 2821 rint.
423 2783 578 2823 Horum
620 2784 820 2823 enimvero
860 2784 1102 2823 Francorum
1145 2784 1187 2823 in
1229 2785 1429 2838 Pannonia
1463 2785 1596 2825 sedem
1626 2785 1734 2824 circa

273 2838 384 2879 illam
414 2854 514 2893 quae
541 2841 647 2881 inter
674 2842 821 2881 Savum
859 2847 898 2881 et
935 2841 1080 2881 Istrum
1113 2841 1270 2895 adjacet
1306 2842 1531 2894 regionem,
1570 2853 1734 2894 eamque
