1884 3262
325 209 391 255 20
814 212 815 215 ’
861 200 1270 244 PRAEFATIO.

323 314 510 372 χηκὸσιν,
546 315 687 366 καθώς
711 316 980 369 σεσημείωται.
1038 316 1083 355 Id
1099 321 1191 366 ·est,
1219 315 1342 355 Anno
1370 328 1400 354 1.
1421 311 1581 366 Imperii
1598 312 1788 356 Alexan-

326 374 390 414 dri
410 375 661 427 Imperatoris
674 373 802 427 facia
831 383 888 411 est
916 386 999 413 xlv.
1023 371 1201 413 Paschae
1230 370 1369 410 Idibus
1386 369 1564 423 Aprilis,
1595 369 1789 420 sabbato,

323 446 410 470 cum
441 431 580 468 mensis
610 428 899 467 Embolimaeus
917 429 1079 485 suisset.
1151 425 1406 480 Sequentibus
1434 427 1547 464 annis
1581 428 1789 479 continget,

322 488 424 525 sicut
456 487 497 523 in
531 483 668 523 tabula
693 485 906 538 subjectum
934 495 1009 535 est,
1040 485 1082 523 in
1108 485 1326 537 praeteritis
1349 492 1475 520 audem
1507 483 1648 529 evenit,
1689 483 1792 522 sicut

322 541 540 581 indicatum
559 550 626 580 est.
686 542 747 579 Ex
775 541 918 592 quibus
950 541 1109 579 conficit
1137 540 1312 590 Scaliger
1341 538 1567 590 promittere
1598 539 1794 590 Hippoly-

322 605 409 636 tum
427 597 551 634 hocce
570 597 771 644 lemmate,
804 611 884 635 non
910 599 1037 636 solum
1055 597 1096 634 in
1126 596 1303 634 futurum
1319 627 1331 645 ‚
1360 594 1432 632 sed
1456 594 1570 632 etiam
1592 595 1632 631 in
1651 607 1794 646 perpe-

320 661 431 692 tuum
450 652 619 691 Canonis
651 653 928 692 constantiam.
987 653 1062 691 Sed
1086 653 1204 702 longe
1232 652 1329 701 alia,
1361 651 1437 689 nisi
1459 650 1546 702 ipse
1565 650 1702 700 fallar,
1721 664 1794 689 *so-

321 716 417 748 nant
445 708 590 747 haecce
620 710 755 748 verba.
824 710 948 762 Operi
978 709 1053 760 ipsi
1083 709 1231 761 quippe
1261 708 1304 745 in
1330 707 1499 744 Canonis
1533 719 1603 744 seu
1632 707 1794 757 regulae

321 764 521 804 Paschalis
553 766 667 817 Cycli
702 766 902 818 specimen
945 766 1105 804 subdito
1139 764 1263 803 hocce
1297 763 1513 812 laterculo,
1553 763 1715 801 eandem
1751 762 1794 801 in

321 828 531 874 posterum
570 821 857 860 observandam
893 822 1071 871 regulam
1100 821 1174 870 ait,
1217 833 1319 871 quae
1357 819 1398 857 in
1430 819 1653 871 praeteritis
1681 818 1794 858 annis

319 879 450 917 suerat
470 878 688 918 observata.
746 878 859 916 Unde
889 878 1074 928 colligere
1100 877 1241 915 liceret
1264 876 1304 914 in
1334 877 1518 913 universo
1551 877 1673 914 totius
1695 889 1793 928 ope-

320 935 377 973 ris
406 934 577 972 decursu
607 948 689 972 non
724 934 844 972 modo
873 948 935 972 res
963 933 1195 985 praeteritas
1225 945 1275 970 ex
1298 939 1522 982 temporum
1545 932 1699 970 ratione
1726 931 1795 970 de-

322 990 544 1043 scripsisse,
590 990 658 1028 sed
698 990 866 1028 subinde
909 991 1024 1028 etiam
1050 988 1298 1028 Paschalium
1329 988 1586 1026 festivitatum
1616 994 1795 1039 tempora

323 1047 375 1084 ad
393 1051 570 1085 suosmet
601 1047 834 1098 expendisse
857 1047 1052 1084 canones:
1084 1046 1191 1096 quod
1220 1058 1385 1097 prorsus
1416 1044 1517 1082 velle
1537 1043 1699 1082 videtur
1717 1044 1797 1082 Eu-

323 1102 478 1152 sebius,
517 1102 696 1141 scribens
738 1103 850 1154 operi
888 1102 936 1141 de
968 1101 1158 1141 Paschate
1195 1115 1271 1154 per
1308 1107 1509 1151 tempora,
1549 1114 1620 1139 seu
1657 1100 1797 1139 ordine

323 1158 605 1210 chronologico
653 1159 828 1209 digesto,
878 1158 1110 1210 adjunctum
1156 1158 1277 1196 fuisse
1320 1156 1547 1195 paschalem
1586 1157 1797 1196 Canonem.

322 1216 435 1254 Licet
457 1216 560 1254 enim
586 1214 670 1267 ejus
700 1229 890 1253 canonem
915 1214 1152 1263 habeamus,
1183 1213 1313 1265 inquit
1339 1213 1386 1253 V.
1405 1213 1449 1252 C.
1470 1213 1591 1252 Henr.
1610 1212 1798 1251 Dodwel-

318 1272 382 1310 lus
398 1270 466 1323 1),
494 1270 616 1324 periit
636 1277 768 1309 tamen
785 1272 886 1310 liber
907 1284 1023 1322 quem
1046 1270 1206 1322 scripsit
1221 1270 1271 1308 de
1292 1270 1463 1308 Canone.

99 1385 320 1421 DePaschali
433 1383 523 1421 XV.
581 1382 659 1420 Sed
690 1397 741 1420 an
768 1396 869 1433 opus
902 1380 1009 1418 istud
1039 1380 1251 1432 Hippolyti
1290 1379 1395 1418 idem
1427 1379 1480 1417 sit
1510 1380 1619 1431 quod
1638 1381 1694 1419 de
1719 1381 1798 1419 Pr-

99 1431 283 1486 ΗῖΡΡΟῙῪῑΞ
324 1438 459 1477 schate
483 1438 710 1489 inscripsit,
746 1438 855 1489 quod
882 1437 970 1475 vult
990 1437 1191 1485 Valesius,
1221 1435 1385 1473 dubium
1413 1435 1534 1485 facit,
1573 1436 1687 1487 quod
1717 1437 1799 1475 Eu-

103 1478 452 1534 P⁰¹'t¹¹‘³¹¹⁵¹'⁵'sebius
485 1500 524 1533 et
558 1494 826 1546 Hieronymus
854 1499 949 1545 post
980 1494 1221 1532 recensitum
1249 1491 1349 1529 illud
1379 1490 1428 1529 de
1462 1490 1652 1531 Paschate
1682 1506 1798 1545 opus,

316 1551 359 1590 in
391 1564 470 1602 quo
503 1549 696 1588 rationem
739 1556 968 1602 temporum
1001 1550 1052 1588 ad
1093 1548 1308 1587 Alexandri
1339 1548 1592 1599 Imperatoris
1631 1555 1797 1588 aetatem

319 1606 573 1660 perduxerit,
606 1606 715 1644 aliud
734 1619 894 1645 rursum
919 1605 968 1643 de
994 1605 1185 1643 Paschate
1215 1610 1473 1642 recenseant:
1505 1604 1612 1655 quod
1634 1605 1796 1657 quidem

320 1665 363 1702 in
385 1662 564 1716 praefixo
590 1661 734 1700 huicce
766 1662 877 1714 quod
906 1662 1137 1700 recudimus
1162 1660 1339 1699 Paschali
1369 1667 1638 1712 syntagmate,
1674 1668 1715 1700 et
1745 1661 1796 1701 ab

321 1720 408 1759 aliis
427 1717 593 1757 subinde
616 1719 877 1770 scriptoribus
898 1718 1099 1757 laudatur.
1159 1717 1386 1764 Quinetiam
1410 1716 1510 1755 haec
1546 1717 1668 1756 verba
1697 1731 1798 1770 quae

318 1776 515 1814 laterculo
546 1774 772 1824 adduntur,
804 1772 851 1812 (le
881 1772 1211 1813 demonstratione
1238 1782 1451 1825 temporum
1476 1771 1654 1812 Paschae
1679 1782 1799 1827 prout

320 1833 363 1871 in
398 1829 558 1879 tabula,
587 1831 643 1869 ita
678 1831 803 1882 accipi
830 1837 1019 1883 possunt,
1063 1836 1110 1868 ut
1138 1830 1273 1867 tabula
1300 1829 1389 1880 ipsa
1420 1828 1797 1869 demonstrationem

320 1895 545 1939 temporum
564 1886 738 1926 Paschae
758 1887 966 1938 complexa
991 1886 1135 1935 suerit,
1166 1885 1413 1937 proindeque
1439 1885 1525 1936 ipsa
1545 1885 1798 1924 demonstra-

321 1945 376 1983 tio
398 1950 436 1981 et
458 1943 593 1981 tabula
626 1957 748 1982 unum
774 1943 963 1992 idemque
988 1942 1218 1990 extiterint,
1250 1955 1296 1980 ac
1327 1941 1463 1980 tabula
1496 1941 1685 1994 adjuncta
1712 1943 1799 1982 fue-

319 2001 375 2038 rit
404 1999 628 2049 Chronico,
660 2000 774 2052 cujus
811 1999 946 2051 paullo
978 2005 1068 2038 ante
1099 1998 1275 2037 meminit
1303 1997 1538 2047 laterculus,
1569 1997 1680 2037 hisce
1708 2012 1798 2038 ver-

321 2057 406 2095 bis:
449 2058 662 2107 Χρονικῶν
688 2053 790 2109 πρὸς
827 2058 1034 2107 Ελληνας,
1070 2054 1136 2095 καὶ
1170 2052 1268 2104 πρὸς
1298 2051 1506 2094 Πλάτωνα.
1572 2055 1634 2093 Ita
1664 2061 1797 2094 tamen

319 2119 366 2150 ut
387 2112 584 2150 incertum
612 2113 685 2162 sit,
717 2126 766 2150 an
793 2109 894 2163 πρός
921 2114 1126 2163 Ελληνας,
1154 2111 1297 2149 referri
1327 2110 1472 2149 debeat
1501 2110 1552 2149 ad
1570 2110 1797 2151 Chronicon

321 2168 430 2219 quod
460 2168 702 2220 Hippolytus
738 2168 1038 2219 conscripserit,
1078 2167 1167 2206 aevi
1204 2167 1264 2205 sui
1302 2181 1452 2205 morem
1486 2173 1672 2216 secutus,
1714 2182 1795 2220 quo

321 2225 451 2262 Sancti
471 2226 606 2263 Patres
630 2225 845 2263 Gentilium
869 2224 1021 2276 objecta
1051 2238 1097 2263 eo
1123 2223 1348 2276 scriptionis
1370 2237 1510 2273 genere
1530 2225 1796 2275 confutarent,

322 2281 389 2332 qui
419 2280 621 2330 religionis
640 2280 885 2320 Christianae
915 2281 1205 2332 antiquitatem,
1238 2293 1356 2331 quam
1382 2280 1459 2331 ipsi
1488 2279 1643 2318 Ethnici
1669 2281 1799 2333 jacta-

204 2343 233 2377 P
260 2343 303 2378 12
325 2338 443 2386 bant,
473 2343 519 2374 ut
550 2342 608 2374 est
640 2337 747 2389 apud
771 2338 937 2375 Paulum
962 2336 1231 2386 Orosium2)‚
1270 2342 1316 2374 ut
1346 2336 1475 2374 fictam
1499 2337 1709 2376 traducere
1729 2351 1796 2376 so·-

319 2394 474 2442 lebant,
511 2400 670 2444 sumpto
693 2408 713 2431 a
736 2394 874 2431 mundi
903 2394 1069 2432 exordio
1103 2393 1154 2431 ad.
1183 2406 1253 2430 sua
1282 2406 1409 2443 usque
1431 2399 1608 2444 tempora
1628 2393 1798 2445 antiqui-

323 2456 424 2488 tates
455 2462 585 2486 sacras
623 2450 870 2497 asserebant,
911 2449 1005 2488 dum
1034 2450 1189 2488 interim
1215 2455 1340 2487 totam
1371 2449 1543 2499 gentium
1577 2449 1798 2488 Chronolo-

324 2508 448 2556 giam,
476 2506 543 2543 vel
566 2503 769 2556 μυθικήν,
799 2506 864 2544 vel
881 2505 1096 2555 incertam,
1126 2519 1174 2543 ac
1197 2506 1319 2543 ferme
1347 2518 1538 2557 nuperam
1564 2519 1646 2545 esse
1667 2512 1797 2545 ostenss

325 2563 486 2600 derent:
519 2561 732 2600 Christiani
755 2575 847 2600 vero
877 2575 986 2601 suam
1009 2577 1029 2600 a
1050 2562 1207 2601 Judaeis
1228 2590 1240 2609 ‚
1273 2568 1391 2612 atque
1415 2562 1462 2599 ab
1479 2561 1569 2614 ipso
1590 2562 1719 2611 Mose,
1750 2576 1797 2601 ac

324 2618 493 2670 proinde
513 2632 534 2656 a
557 2618 694 2656 mundi
714 2618 878 2657 conditu
895 2625 1132 2670 repeterent.
1191 2618 1282 2666 Quo
1311 2618 1413 2657 sorte
1436 2619 1628 2670 spectavit
1644 2619 1796 2670 pariter

370 2815 410 2859 ¹)
436 2816 520 2870 Peg.
545 2816 602 2852 82.

370 2861 414 2905 2)
438 2862 514 2898 Lib.
538 2863 572 2897 7.
595 2873 671 2908 cap.
694 2865 751 2901 26.
