1820 3276
448 221 506 264 IN
542 212 870 263 CHRONICON
902 214 1193 263 PASGHALE.
1461 210 1570 262 (431

103 323 327 379 inferiores,
359 344 433 382 pro
463 336 738 379 exauctorare,
768 329 999 380 Magistratu
1027 329 1198 382 privare,
1232 327 1435 381 quomodo
1463 327 1573 380 apud

105 387 378 441 Capitolinum
417 387 459 425 in
498 386 666 434 Albino,
705 400 930 425 successorem
957 389 1112 436 mittere,
1152 387 1215 425 vel
1243 387 1352 435 dare,
1389 391 1436 424 ut.
1463 384 1574 437 apud

104 444 378 498 Lampridium
408 444 449 482 in
479 443 723 482 Alexandro.
781 443 883 482 Vide
924 443 1054 482 Gloss.
1084 443 1186 482 med.
1217 443 1388 482 Graecit.
1417 442 1459 481 in
1489 443 1573 483 δια-

103 501 303 554 δέχεσθαι.

218 558 315 596 Ιὺὶἀ.
372 555 454 597 Καὶ
483 555 725 609 προτραπεὶς
753 551 964 609 Αρματος]
1012 557 1180 595 Causam
1219 555 1458 594 defectionis
1496 555 1575 595 Δι’-

104 617 199 653 mati
236 613 373 666 paullo
413 613 541 652 fusius
583 619 719 652 narrat
755 612 977 651 Candidus:
1016 615 1071 652 ait
1112 613 1216 652 enim
1249 614 1454 651 Armatum
1483 626 1576 652 cum

103 671 287 710 Basilisci
328 683 455 710 uxore
497 670 788 718 adulteratum,
833 670 884 708 ad
925 683 1117 709 summam
1157 669 1386 722 pervenisse
1426 676 1574 721 poten-

103 728 224 777 tiam,
265 741 436 779 cumque
474 728 509 765 ei
551 727 702 766 bellum
741 726 851 778 quod
892 726 1083 766 adversus
1122 727 1322 765 Zenonem
1351 726 1576 776 gerebatur,

105 785 300 823 creditum
332 790 457 832 esset,
489 783 609 822 certis
638 784 788 836 pactis,
817 783 882 822 Illi
910 797 1055 835 opera,
1086 798 1109 823 a
1138 783 1437 823 conditionibus
1466 784 1576 823 defe-

105 842 218 882 cisse.
279 841 378 880 Vide
406 841 622 890 Evagrium
649 840 718 879 lib.
747 853 810 878 m.
839 853 928 891 cap.
959 854 1075 882 xx1v

221 900 440 948 Pag.601.
473 900 536 940 13.
597 894 691 938 Από
716 899 796 937 τῶν
823 895 1047 965 λεγομένων
1083 896 1253 949 Πυλων]
1287 897 1342 935 De
1369 895 1434 934 bis
1465 895 1576 948 Pylis

103 954 336 1007 Theophan.
377 967 443 992 an.
473 966 545 994 xix.
579 953 774 992 Heraclii:
814 949 976 1024 οἷπᾴρας
1014 951 1058 994 δὲ
1085 957 1157 1006 τῆς
1186 949 1479 1006 βασιλευουσης
1505 949 1578 994 πό-

103 1013 221 1060 λεως,
261 1011 431 1062 ἐξῆλθεν
465 1007 567 1050 κατὰ
601 1007 673 1058 τοὶς
712 1009 926 1063 λεγομένας
966 1006 1130 1060 Πύλας,
1172 1012 1271 1052 πλοῒ
1304 1007 1380 1062 τήν
1408 1010 1579 1062 πορείαν

102 1065 386 1120 ποιησάμενος.
444 1066 595 1105 Harum
625 1067 813 1119 Pylai-um
842 1067 1146 1119 Bithynicarum
1172 1068 1350 1107 meminit
1371 1072 1578 1120 praeterea

103 1125 386 1163 Constantinus
416 1123 667 1177 Porphyrog.
695 1123 767 1164 lib.
797 1137 826 1162 1.
860 1123 998 1163 Them.
1029 1137 1086 1163 iv.

218 1184 311 1232 Pag.
346 1183 441 1224 601.
474 1185 539 1223 17.
598 1180 682 1221 Καὶ
722 1179 940 1234 εἰσῆλθεν]
988 1180 1190 1220 Vicesimo
1233 1193 1368 1220 mense
1407 1193 1458 1219 ex
1495 1192 1577 1233 quo

101 1237 204 1278 urbe
233 1243 468 1277 excesserat.
527 1237 666 1276 Victor
694 1238 884 1277 Tunnun.

218 1297 313 1346 Pag.
342 1297 438 1337 601.
470 1296 537 1336 20.
596 1294 676 1341 Εἰς
711 1291 758 1334 το“
796 1292 895 1346 μέγα
924 1288 1215 1346 φωτιστήριον]
1256 1293 1322 1332 Sic
1363 1293 1469 1333 infra
1507 1307 1579 1346 ap-

101 1352 280 1404 pellatur
315 1350 597 1403 Baptisterium
637 1351 802 1400 Magnae
839 1350 1063 1400 Ecclesiae,
1104 1363 1175 1388 seu
1214 1350 1266 1389 ob
1295 1350 1578 1403 amplissimam

27 1451 37 1463 κ
101 1414 329 1447 structurae
357 1406 550 1459 speciem,
592 1420 664 1446 seu
694 1407 802 1459 quod
831 1407 908 1446 alia
937 1406 1179 1459 Baptisteria
1214 1408 1256 1446 in
1286 1407 1478 1446 Ecclesiis
1505 1408 1578 1446 Ca-

89 1463 260 1504 tholicis
286 1464 402 1503 istius
431 1468 618 1515 respectu
646 1461 770 1519 μικροὶ
799 1464 1055 1512 dicerentur,
1085 1471 1209 1515 prout
1237 1464 1278 1503 in
1307 1464 1412 1503 libro
1444 1464 1577 1503 Mira-

102 1522 287 1561 culorum
323 1522 389 1561 SS.
429 1522 728 1573 Anargyrorum
767 1534 857 1573 pag.
897 1519 993 1563 358.
1031 1520 1315 1572 Baptisterium
1355 1521 1465 1560 aedis
1504 1522 1574 1560 88.

101 1579 268 1624 Cosmae
298 1584 337 1616 et
368 1577 561 1627 Damiani,
590 1590 663 1617 seu
692 1578 752 1616 uti
781 1577 952 1616 efferunt
980 1577 1206 1630 Scriptores
1227 1578 1451 1630 Byzantini,
1482 1579 1578 1617 Cos-

101 1635 236 1684 midii,
267 1634 626 1685 indigitatur1Hv
655 1632 699 1675 δὲ
729 1629 848 1682 οὗτος
877 1634 922 1675 ἐν
949 1636 1006 1689 τῷ
1035 1637 1166 1688 μικρῷ
1194 1637 1251 1690 τῷ
1280 1634 1461 1675 ἐνταῦθα
1491 1650 1578 1686 φω-

100 1691 290 1746 τιστηρὶῳ
320 1694 376 1746 τῷ
403 1686 663 1743 πλησιάζοντι
690 1694 749 1747 τῷ
777 1693 1019 1746 Διακονικῷ.
1079 1691 1135 1730 De
1164 1691 1408 1744 Baptisterio
1437 1692 1578 1731 Eccle-

99 1748 184 1787 siae
215 1732 440 1800 Sophianae
474 1747 626 1799 egimus
658 1748 701 1786 in
719 1733 1086 1800 Constantinopoli
1127 1747 1273 1787 Christ.
1301 1748 1373 1788 lib.
1398 1761 1445 1788 11.
1474 1753 1574 1788 sect.

98 1818 225 1844 Lxxx.

192 1864 310 1912 Pag.
340 1864 439 1904 601
469 1863 536 1904 21-
597 1858 822 1914 Παρασχῶν
860 1857 905 1902 τὸ
933 1859 1084 1913 βῆλον]
1129 1859 1250 1909 Quod
1286 1859 1577 1927 παραπέτασμα

99 1903 221 1958 vocat
249 1918 466 1957 Simocatta
493 1916 564 1957 lib.
589 1931 618 1955 1.
650 1931 737 1969 cap.
757 1931 832 1958 ΧΠ.
865 1917 934 1957 ubi
966 1917 1016 1957 de
1044 1923 1175 1957 terrae
1204 1924 1317 1957 motu
1344 1918 1436 1971 ipso
1463 1919 1576 1958 urbis

99 1974 394 2014 Encaeniorum
433 1972 517 2013 die:
574 1969 672 2014 Τότε
707 1973 998 2026 παραπέτασμα
1038 1990 1082 2015 το
1122 1990 1200 2027 προ
1240 1977 1316 2016 τοῦ
1349 1976 1577 2044 γυμνασίου

100 2046 184 2072 των
213 2031 392 2072 ἱππικῶν
422 2026 710 2102 αγωνισμάτων
728 2028 792 2100 (ὃ
822 2028 873 2084 δη
904 2028 1099 2083 σύνθημα
1124 2034 1199 2085 τῆς
1228 2031 1387 2086 ιλαρίας
1415 2028 1576 2086 ἒτυγχα·

99 2090 196 2138 νεν)
227 2092 489 2141 περιαιρεῖται
516 2085 585 2128 διοὶ
612 2084 686 2128 τόν
712 2083 912 2140 αδόκητον
938 2089 1145 2129 κίνδυνον.

219 2147 312 2194 Pag.
342 2147 438 2187 602.
468 2147 508 2187 2.
566 2142 650 2184 Καὶ
677 2146 750 2196 τῆς
776 2141 969 2198 γυναικὸς
997 2140 1149 2194 αυτοῦ]
1182 2144 1396 2183 Zenonidem
1426 2144 1576 2183 Candi-

100 2198 480 2251 dus,'1heodorus
508 2200 653 2240 Lector
681 2207 721 2240 et
750 2200 973 2241 Marcellin.
1003 2206 1171 2240 vocant:
1211 2201 1411 2240 Zenodiam
1439 2200 1576 2241 Theo..

99 2256 274 2310 phanes,
323 2258 494 2309 Symeon
526 2256 695 2308 Logoth.
734 2263 775 2296 et
809 2257 1024 2297 Cedrenus.
1096 2257 1294 2296 Zenobiam
1338 2256 1575 2298 Anastasius

100 2312 341 2353 Bibliothec.
380 2327 419 2365 p.
450 2311 518 2354 45.
549 2313 642 2353 edit.
674 2315 770 2365 Reg.
810 2314 1038 2353 Xemdimm
1074 2314 1144 2354 vel
1182 2313 1406 2354 Zenodinam
1440 2315 1574 2368 prima
1597 2317 1630 2355 V
1652 2318 1722 2356 518

101 2368 324 2409 Marcellini
355 2369 490 2409 editio.

216 2422 310 2476 Pog.
340 2430 435 2470 602.
466 2428 506 2469 3.
565 2423 773 2477 Εξέβαλον
802 2422 951 2478 αὐτὸν]
992 2425 1147 2465 Armati
1175 2425 1385 2466 fraudibus
1411 2440 1464 2467 ex
1491 2426 1573 2466 Ec-

102 2481 221 2522 clesia
251 2484 497 2521 abstractum
525 2482 666 2520 scribit
692 2481 907 2521 Candidus.

216 2541 308 2592 Peg.
337 2542 432 2583 602.
464 2539 505 2582 4.
567 2541 639 2579 Οτι
668 2534 745 2580 οὐκ
774 2535 1159 2591 ἄποκεφαλίζονται]
1190 2538 1424 2592 anonymus
1457 2537 1573 2579 Vale-

102 2594 259 2634 sianusz
296 2596 396 2634 Dato
432 2600 652 2635 sacramento
690 2608 846 2636 securum
877 2610 950 2635 esse
985 2596 1030 2634 de
1064 2598 1251 2647 sanguine.
1308 2595 1410 2636 Vide
1440 2596 1572 2636 Gloss.

92 2652 208 2694 ·med.
238 2652 322 2691 Lat.
350 2652 394 2690 in
422 2654 586 2702 sanguis.

218 2710 310 2758 Pag.
340 2710 437 2751 602.
467 2709 505 2751 5.
565 2708 852 2761 Εἶς,Λι’μνας]
881 2708 1117 2759 Relegatum
1146 2707 1383 2747 Basiliscum
1410 2710 1450 2747 in
1477 2710 1572 2761 omii-

104 2762 188 2801 dum
218 2765 312 2815 quod
339 2763 499 2803 Laminie
536 2764 578 2803 in
620 2765 873 2818 Cappadocia
915 2764 1084 2815 dicitur,
1130 2764 1268 2803 scribit
1303 2763 1573 2814 Marcellinus,

87 2822 175 2857 vsen
213 2826 260 2859 ut
300 2820 478 2872 praefert
512 2821 643 2874 prima
684 2821 829 2867 editio,
869 2822 1050 2874 Lymim‘s.
1106 2821 1324 2860 Jornandes
1362 2821 1414 2860 de
1447 2822 1570 2872 Regu.

104 2876 281 2917 Success.
311 2878 350 2916 in
376 2877 540 2929 oppidum
569 2877 723 2919 Stenmii
749 2878 959 2919 Provinciae
984 2878 1243 2931 Cappadociae.
1302 2877 1440 2919 Victor
1459 2878 1570 2920 Tun-
