1884 3262
318 221 380 267 14
852 213 1252 259 PRAEFATIO.
1283 244 1285 246 -

246 376 250 385 J
313 329 529 384 Aegyptios
558 335 726 369 testetur
753 329 944 381 Georgius
976 330 1184 383 Syncellus
1204 328 1271 380 1))
1302 342 1348 368 ao
1375 343 1448 383 per
1469 329 1708 370 Indictionss
1733 330 1775 370 in

313 402 360 427 eo
382 388 522 438 digesti
541 388 738 438 legantur3
768 399 919 425 menses
936 387 1003 426 vel
1023 386 1284 426 Macedonum
1302 399 1423 437 more,
1443 388 1509 426 vel
1530 387 1774 440 Latinorum,

311 458 384 496 per
403 444 621 492 Kalendas,
651 442 746 481 Idus
768 448 807 481 et
825 443 957 482 Nonas
979 443 1192 482 efferantur
1200 456 1211 490 3
1257 456 1449 482 annorum
1469 444 1626 482 initium
1643 457 1665 482 a
1686 445 1776 482 Ka·-

312 501 439 539 lendis
456 500 647 548 Januarii,
682 499 744 538 vel
770 499 1011 552 Septembris
1037 500 1225 549 ducatur,
1254 505 1393 539 contra
1418 513 1535 551 quam
1555 499 1662 552 apud
1681 500 1776 539 Ale-

311 557 548 605 xandrinos,
581 556 688 608 apud
710 569 807 607 quos
836 556 925 594 anni
942 557 1096 595 initium
1130 556 1298 595 sumitur
1317 570 1337 594 a
1356 569 1489 594 mense
1504 555 1630 605 Thot,
1660 556 1776 609 cujus

311 614 461 665 primus
481 613 564 650 dies
590 612 806 664 respondet
828 626 943 652 xxxx.
967 613 1045 652 diei
1071 612 1214 651 mensis
1234 612 1413 664 Augusti.
1474 612 1628 660 Quibus
1651 612 1776 652 addu-

312 669 364 708 cti
383 669 600 707 rationibus
619 683 697 707 non
718 669 878 708 defuere
899 670 968 721 qui
982 669 1104 708 hosce
1121 668 1291 707 Annales
1312 667 1655 720 Constantinopoli
1677 669 1776 708 fuis-

311 740 352 765 se
383 726 627 777 conscriptos
663 725 951 775 existimarent,
996 727 1065 764 ubi
1093 725 1297 777 praedicta
1328 726 1456 763 omnia
1488 731 1600 764 erant
1624 725 1667 762 in
1697 736 1777 764 usu

206 789 238 822 V
261 790 284 825 6
307 783 480 834 vulgari,
511 795 647 832 magna
670 788 782 833 parte
813 795 862 820 ex
881 782 1005 820 veteri
1025 784 1148 821 Roma
1168 781 1350 820 traducta
1371 782 1490 820 simul
1510 794 1600 819 cum
1618 780 1779 832 Imperii

308 839 422 889 sede,
452 852 534 876 non
558 838 651 892 item
669 838 711 876 in
746 838 899 890 reliqua
921 839 1086 877 Graecia
1105 853 1126 877 a
1150 838 1293 876 Latinis
1316 838 1542 876 nominibus
1562 837 1686 888 magis
1706 837 1777 876 ab·-

308 896 499 944 stinente,
528 895 708 946 illudque
738 897 925 945 maxime,
956 895 1086 946 inquit
1112 894 1382 933 Henschenius
1401 893 1466 946 ²),
1497 907 1546 932 ex
1563 893 1778 945 postremis

311 952 498 990 Chronici
529 951 639 989 annis
671 950 815 1001 liquet,
844 953 886 988 in
918 952 1063 1003 quibus
1093 957 1173 989 tam
1197 951 1358 1003 prolixe
1392 950 1673 989 describuntur
1691 956 1778 988 acta

308 1009 408 1047 Boni
428 1008 604 1058 Magistri
633 1007 673 1045 in
695 1008 860 1060 Templo
881 1008 1124 1046 Studitarum
1148 1007 1488 1059 Constantinopoli
1508 1007 1653 1058 sepulti
1674 1019 1777 1044 anno

309 1065 483 1104 Heraclii
504 1077 604 1102 xvn.
634 1070 680 1102 ut
698 1077 778 1101 non
805 1069 958 1103 tantum
994 1065 1139 1102 ibidem
1168 1064 1373 1116 scripsisse
1404 1063 1642 1109 Auctorem,
1687 1062 1778 1115 (vel

308 1122 443 1174 potius
476 1121 817 1168 continuatorem,
849 1120 897 1159 de
931 1134 1009 1172 quo
1031 1121 1134 1159 infra
1162 1119 1345 1172 agemus)
1375 1120 1447 1159 sed
1480 1126 1519 1159 et
1537 1132 1589 1158 ex
1609 1118 1777 1158 Studitis

307 1191 429 1217 unum
445 1177 566 1216 fuisse
587 1185 777 1230 appareat
802 1177 1144 1217 verisimillimum.

89 1294 235 1336 Quando
258 1293 300 1328 il-
418 1291 488 1331 IX.
546 1290 692 1330 Verum
713 1301 804 1327 cum
825 1288 1050 1327 chronicon
1071 1288 1193 1339 istud,
1225 1300 1295 1327 seu
1314 1286 1560 1335 Paschalion,
1585 1299 1636 1326 ex
1655 1285 1778 1326 variis

87 1340 151 1375 5¹¹⁸
179 1344 576 1400 auctm'Scriptoribus
610 1346 788 1383 centonis
823 1345 952 1384 instar
988 1345 1267 1383 concinnatum
1304 1345 1376 1393 sit,
1411 1343 1527 1394 juxta
1554 1343 1777 1394 Petavium‚

207 1409 236 1442 P
260 1410 283 1445 7
308 1411 347 1444 et
367 1410 412 1442 ut
433 1404 487 1442 ait
506 1402 703 1452 Scaliger,
734 1416 789 1440 ex
817 1400 928 1439 bonis
949 1399 1167 1454 aliquando
1192 1400 1337 1454 pannis
1356 1408 1557 1438 consutum
1571 1428 1582 1448 ,
1612 1413 1667 1438 ex
1688 1400 1778 1452 qui-

85 1477 224 1519 vixerit,
235 1460 378 1512 dis-511⁶·
400 1469 435 1498 et
456 1474 534 1498 non
555 1458 678 1496 tenuis
688 1455 853 1510 fructus
874 1457 924 1496 sit
949 1458 1016 1511 qui
1034 1472 1088 1496 ex
1116 1456 1175 1495 his
1188 1454 1325 1508 colligi
1341 1455 1479 1509 possit,
1501 1454 1624 1506 idque
1644 1454 1777 1506 ipsum

108 1523 263 1569 quiritur.
308 1517 492 1555 observet
513 1515 642 1554 exacti
661 1514 724 1552 vir
750 1512 889 1566 judicii
909 1514 1106 1552 Henricus
1127 1513 1305 1552 Valesius
1318 1543 1329 1561 ,
1359 1511 1564 1562 multaque
1584 1510 1777 1549 hactenus

302 1573 452 1612 inedita
481 1572 522 1609 in
550 1584 596 1610 eo
628 1570 774 1609 inserta
794 1572 1013 1608 Auctorum
1040 1575 1259 1620 segmenta,
1290 1580 1460 1619 quorum
1491 1580 1682 1619 persaepe
1702 1568 1777 1605 no-

302 1630 410 1669 mina
426 1629 580 1677 reticet,
609 1627 733 1664 multa
754 1640 803 1665 ex
820 1626 1007 1664 Africano
1042 1625 1184 1679 (cujus
1205 1624 1354 1663 assecla
1375 1623 1524 1662 dicitur
1543 1637 1564 1661 a
1586 1624 1718 1662 Goaro
1731 1619 1777 1677 ³)

304 1685 554 1738 Epiphanio,
585 1683 776 1732 Eusebio,
807 1680 1037 1720 Marcellino
1063 1682 1235 1731 Comite,
1271 1680 1401 1719 [datio
1412 1712 1424 1731 ,
1454 1680 1604 1718 Joanne
1634 1679 1777 1718 Malela

307 1741 574 1789 Antiocheno,
603 1739 767 1790 aliisque
788 1738 911 1778 verbo
936 1745 1050 1777 tenus
1070 1738 1270 1790 descripta
1299 1737 1401 1785 sint,
1431 1749 1510 1774 non
1534 1737 1650 1787 plane
1668 1747 1778 1775 asse—

308 1811 411 1850 quor
443 1795 644 1849 quomodo
673 1795 786 1844 inde,
823 1809 903 1833 non
930 1808 1075 1834 nomen
1102 1794 1298 1832 duntaxat
1326 1793 1440 1842 dico,
1470 1792 1539 1831 sed
1567 1791 1776 1844 scriptoris

306 1854 475 1908 patriam
495 1858 562 1891 aut
581 1865 701 1903 genus
723 1851 916 1903 quispiam
938 1852 1068 1890 valeat
1085 1849 1332 1889 subodorari.
1390 1850 1489 1887 Nam
1516 1849 1626 1900 quod
1653 1861 1776 1900 quae-

308 1909 400 1949 dam
430 1923 480 1949 ex
509 1908 784 1947 Alexandrinis
815 1908 882 1947 vel
910 1906 1185 1956 Antiochenis,
1226 1913 1266 1945 et
1301 1905 1388 1943 aliis
1420 1905 1614 1957 ejusmodi
1639 1904 1776 1951 rebus,

308 1973 356 2005 ut
382 1966 564 2015 videtur,
604 1963 871 2015 singularibus
893 1963 1061 2002 subinde
1086 1964 1455 2015 loquatur‘auctor‚
1486 1963 1630 2000 mirum
1649 1961 1778 1999 videri

309 2037 389 2061 non
416 2023 552 2071 debet,
582 2034 674 2060 cum
704 2034 805 2073 opus
830 2033 946 2059 suum
971 2020 1202 2073 praesertim
1229 2018 1480 2057 contexuerit
1507 2030 1558 2056 ex
1577 2017 1699 2056 variis
1719 2016 1778 2056 ci-

307 2080 476 2119 vitatum
503 2078 569 2117 vel
595 2077 890 2128 provinciarum
912 2076 1188 2124 Paschalibus,
1215 2082 1262 2113 ut
1278 2075 1397 2113 semel
1426 2086 1472 2113 ac
1492 2073 1634 2113 iterum
1656 2072 1777 2126 profi..

309 2142 435 2186 tetur,
463 2135 505 2173 in
534 2133 677 2186 quibus
719 2148 763 2173 ea
792 2134 971 2172 solebant
995 2133 1167 2172 inserere
1196 2126 1451 2184 potissimum
1471 2142 1572 2182 quae
1603 2131 1774 2183 patriam

310 2197 561 2244 spectarent,
591 2190 647 2229 ita
679 2195 725 2228 ut
753 2189 938 2229 Paschale
957 2189 1434 2240 constantinopolitanum
1462 2200 1526 2226 res
1554 2187 1777 2226 Constanti.

308 2249 583 2300 nopolitanaS,
623 2246 934 2286 Alexandrinum
964 2245 1275 2291 Alexandrinas,
1311 2241 1600 2282 Antiochenam
1634 2242 1776 2282 Antio-

307 2303 452 2343 chenas
477 2317 557 2342 una
579 2316 669 2341 cum
691 2303 934 2354 singularum
954 2302 1129 2355 Epochis
1154 2302 1389 2350 contineret,
1419 2313 1470 2339 ex
1488 2300 1633 2352 quibus
1653 2308 1776 2352 quae-

307 2360 397 2400 dam
420 2366 542 2413 prout
571 2359 647 2397 sibi
674 2359 881 2399 videbatur
907 2360 1042 2410 selegit
1061 2360 1244 2411 scriptor.
1300 2357 1404 2395 Hinc
1423 2362 1505 2395 tam
1523 2356 1626 2395 varii
1647 2369 1694 2394 ac
1715 2351 1776 2394 tli—

305 2417 413 2456 versi
446 2416 728 2467 Chronologici
763 2414 1057 2455 characterismi
1086 2428 1133 2454 ae
1168 2414 1346 2466 computi
1383 2417 1601 2452 occurrunt
1624 2412 1668 2450 in
1695 2411 1774 2450 hoc

308 2473 528 2523 Chronico,
557 2479 642 2511 tum
673 2473 713 2510 in
748 2473 859 2511 annis
886 2487 907 2511 a
934 2471 1082 2510 mundo
1108 2470 1289 2520 condito,
1322 2476 1403 2508 tum
1424 2470 1466 2507 in
1491 2483 1628 2508 eorum
1650 2468 1774 2507 variis

307 2530 473 2581 sumptis
497 2528 641 2577 initiis,
673 2541 772 2579 quae
797 2529 954 2580 quidem
987 2524 1187 2567 interdum
1219 2527 1267 2565 ab
1297 2526 1547 2578 aequinoctio
1580 2538 1703 2564 verno
1735 2530 1774 2562 et

306 2586 440 2626 Martii
457 2599 544 2625 xxx.
562 2584 758 2624 deducere
776 2598 817 2624 se
837 2584 1060 2637 profitetur,
1090 2590 1129 2623 et
1149 2583 1351 2623 interdum
1375 2581 1531 2621 orditur
1548 2596 1570 2620 a
1593 2582 1773 2634 Septem-

357 2774 370 2794 1

354 2775 398 2863 ²3
421 2774 462 2852 iii
483 2774 636 2864 {laz'gesi
658 2819 813 2866 praelim.
836 2819 881 2855 ad
903 2823 1027 2855 tomum
1049 2820 1083 2855 3.
1106 2817 1245 2860 Martii,
1270 2827 1346 2862 cap.
1371 2818 1407 2853 2.
1430 2828 1464 2852 n.
1489 2816 1542 2852 13.

356 2864 398 2908 ³)
422 2865 462 2899 In
485 2864 602 2901 Praef.
624 2867 669 2901 ad
692 2866 829 2911 Syncel.
