1884 3262
324 214 357 259 2
861 191 1244 255 EPISTOLA.

324 322 671 377 lucubrationes,
721 320 840 367 hanc
883 337 1063 381 quoque
1106 328 1376 382 postremam
1421 322 1540 366 velut
1581 321 1781 381 priorum

324 392 424 436 leve
458 391 741 436 corollarium
775 390 883 434 Tibi
912 382 1085 435 Artium
1119 390 1293 450 parenti
1324 403 1639 449 nuncuparem.
1685 390 1782 434 Ne-

324 475 412 517 que
446 474 545 503 mea
581 474 653 502 me
687 473 741 503 ac
768 459 1012 504 munusculi
1047 459 1136 503 mei
1168 458 1353 502 tenuitas
1388 457 1600 502 deterruit
1632 457 1679 500 id
1701 472 1782 503 co-

323 528 537 587 gitantem
578 525 702 583 quod
744 526 900 570 Varius
938 527 1013 571 ille
1058 527 1271 571 Geminus
1313 525 1490 569 Rhetor
1535 525 1593 569 de
1626 526 1781 584 Impe-

323 601 469 638 ratore
504 608 675 637 summo
711 593 960 650 dictitabat,
1006 601 1093 652 „ut
1132 596 1208 652 qui
1251 593 1374 653 apud
1407 594 1479 637 Te
1513 592 1678 637 audent
1710 593 1782 637 di-

322 677 448 716 cere,
484 661 835 721 magnitudinem
864 663 1012 706 Tuam
1036 664 1264 722 ignorant,
1299 663 1361 706 ita
1394 661 1470 719 qui
1504 676 1600 705 non
1619 660 1784 705 audent

321 731 529 790 ignorare
563 730 934 776 humanitatem.“
1019 732 1080 775 At
1112 730 1204 776 hoe
1236 731 1341 775 loco
1376 729 1505 787 mihi,
1547 731 1781 773 ancl-:Ps

322 800 660 853 Iercrlssml-z,
705 799 750 841 in
794 798 983 843 Sacrum
1018 798 1321 843 MAJESTATIS
1357 798 1496 842 Tum
1541 798 1784 857 praeconia

322 865 532 911 laudesve
566 880 821 921 excurrere,
864 868 938 911 vel
972 867 1147 911 eximias
1180 867 1279 910 illas
1311 866 1571 924 Regiasque
1603 880 1783 925 prorsus

322 933 455 978 animi
498 933 696 988 virtutes,
744 935 901 993 quibus
945 935 1016 979 Te
1060 936 1182 980 Deus
1217 934 1426 994 Optimus
1460 934 1682 977 Maximus
1712 932 1784 977 ‘ad

322 1003 560 1046 Gallorum
580 1002 785 1046 Tuorum
810 1003 1066 1049 felicitatem
1088 1003 1261 1058 beavit,
1297 1017 1648 1048 commemorare
1673 1016 1784 1046 con-

321 1071 467 1116 silium
497 1084 586 1115 non
620 1076 705 1127 est,
749 1071 915 1115 nedum
960 1078 1030 1115 tot
1074 1072 1196 1116 bello
1246 1086 1299 1116 ac
1333 1085 1448 1130 pace
1491 1070 1724 1130 praeclare
1757 1085 1785 1112 a

321 1138 392 1183 Te
427 1145 577 1198 gesta,
620 1154 736 1196 quae
777 1145 820 1182 et
849 1139 1067 1184 habentur
1106 1140 1151 1183 in
1187 1154 1265 1183 ore
1300 1139 1519 1195 omnium,
1565 1144 1609 1182 et
1643 1137 1786 1195 qualis

321 1213 598 1264 quantusque
634 1207 691 1251 sis
725 1207 904 1251 abunde
938 1208 1096 1252 exteris
1128 1208 1232 1267 ipsis
1266 1207 1511 1265 dissitisque
1540 1206 1786 1250 nationibus

158 1290 255 1323 Tem.
281 1299 310 1321 r.
322 1274 561 1320 declarant.
606 1274 841 1329 „Multum
875 1291 1067 1333 namque
1087 1276 1198 1319 Tuis
1234 1281 1388 1319 onusta
1421 1275 1652 1319 virtutibus
1682 1288 1786 1319 cur-

187 1334 311 1414 ἐξὲξ
321 1342 377 1386 rit
411 1343 531 1385 fama
567 1356 668 1386 cum
702 1343 926 1401 pondere,
963 1350 1006 1387 et
1039 1343 1152 1387 veris
1184 1343 1465 1402 opinionibus
1488 1342 1589 1401 jam
1623 1342 1787 1386 adsue-

176 1438 211 1472 p.
234 1402 368 1460 8572ta
411 1409 469 1453 de
512 1409 584 1453 Te
627 1416 795 1453 tantum
840 1411 997 1455 didicit
1045 1426 1134 1454 non
1177 1411 1415 1466 mentiri,“
1467 1410 1515 1453 id
1561 1410 1686 1468 quod
1727 1409 1787 1453 de

321 1477 646 1522 Theodeberto
681 1478 815 1538 Rege
850 1494 876 1523 e
911 1479 1216 1523 decessoribus
1249 1478 1383 1535 Tuis,
1417 1477 1498 1522 sed
1531 1478 1604 1522 Te
1649 1478 1789 1537 longe

317 1546 555 1602 inferiore,
584 1543 773 1604 jactavit
817 1546 925 1590 olim
967 1547 1233 1591 Arelatensis
1273 1547 1478 1595 Antistes,
1507 1546 1786 1592 Aurelianus,

321 1613 445 1669 Quid
489 1613 612 1671 quod
657 1613 843 1658 laudum
885 1615 1036 1658 titulos
1079 1627 1252 1669 omnes,
1313 1614 1472 1672 quibus
1518 1614 1591 1657 vel
1634 1614 1787 1673 Reges

318 1681 524 1727 Francici
557 1687 662 1740 post
696 1682 880 1726 illustria
912 1683 1031 1727 facta
1075 1682 1272 1727 exornati
1311 1684 1440 1738 olim,
1486 1682 1561 1726 vel
1594 1682 1786 1725 Eccum

319 1749 622 1793 MAJEsmns
655 1750 699 1794 T
702 1764 793 1793 ΗΑΒ
831 1750 928 1810 jam
973 1750 1031 1794 ab
1068 1751 1162 1794 aliis
1191 1750 1526 1810 quamplurimis
1559 1750 1672 1793 intra
1707 1764 1784 1794 ex-

320 1823 387 1862 tra
423 1818 645 1861 delibatae
679 1818 882 1872 virtutes,
909 1833 1096 1876 quarum
1131 1819 1203 1863 vel
1238 1819 1333 1862 sola
1367 1817 1677 1862 recordatione
1709 1832 1786 1861 or-

319 1886 388 1929 bis
406 1901 540 1944 quam
571 1887 660 1930 late
685 1893 809 1944 patet
839 1887 1042 1931 attonitus
1071 1887 1356 1946 obstupescit,
1382 1901 1492 1930 unus
1522 1885 1629 1930 huic
1649 1900 1785 1944 prae-

103 1978 247 2020 Gregor.
263 1954 431 2007 Mfixus
473 1953 703 2012 Epistolae
745 1955 894 1998 titulus
936 1956 1176 2014 complecti
1214 1955 1400 2002 videtur.
1479 1954 1599 1997 Nam·
1643 1967 1787 2012 ecqua

101 2025 205 2057 Joan.
225 2031 245 2053 r
249 2031 307 2055 ¹1¹·
318 2027 467 2081 potest
491 2022 984 2067 Pruncnnnnnnsslm
1013 2023 1228 2083 Principis
1270 2022 1572 2083 appellatione
1599 2021 1787 2081 excogi-

120 2070 310 2148 Convevfttzfi
319 2090 401 2134 tari
431 2089 661 2145 illustrior,
695 2106 784 2149 qua
810 2106 919 2152 prae
944 2092 1129 2137 caeteris
1159 2091 1353 2152 insigniti
1385 2091 1662 2136 Francorum
1687 2090 1786 2134 Re·-

130 2160 178 2193 aa
191 2158 309 2192 Amle-
319 2174 420 2218 ges,
450 2165 544 2202 tum
574 2175 600 2203 a
625 2159 817 2204 Summis
846 2160 1157 2213 Pontificibus,
1186 2166 1334 2204 tuma
1358 2159 1640 2204 Praesulibus
1668 2157 1786 2202 Gal-

102 2206 478 2286 '‘zssfindessffisslieanis
515 2227 560 2270 in
602 2228 793 2287 publicis
831 2228 1054 2273 numerosi
1081 2228 1203 2273 Cleri
1231 2228 1432 2273 comitiis
1463 2242 1598 2287 saepe
1624 2225 1786 2270 fuere?

134 2297 225 2333 niae.
250 2296 402 2339 ethn,
434 2310 523 2339 non
567 2296 612 2339 in
652 2296 725 2340 Te
769 2312 854 2341 vox
890 2298 967 2340 illa
1008 2297 1134 2341 cadit
1164 2297 1408 2356 aptissime,
1453 2297 1533 2354 qui
1567 2310 1657 2339 non
1691 2301 1784 2339 tam
1863 2355 1867 2359 ι

317 2364 468 2424 Regni
497 2363 620 2421 quod
647 2364 819 2409 obtines
852 2365 1144 2425 amplitudine
1173 2379 1228 2410 ac
1262 2365 1502 2425 dignitate,
1546 2377 1681 2421 quam
1707 2377 1784 2407 re-

318 2444 418 2475 rum>
444 2437 675 2491 gestarum*
703 2433 838 2478 laude
882 2449 936 2497 ac
972 2434 1095 2477 fama¹
1127 2434 1311 2478 caeteris
1347 2433 1467 2477 orbis
1505 2430 1783 2490 Principibus

319 2500 471 2544 multo·
495 2502 831 2546 Pmrncssnms?
875 2501 983 2545 Jam'
1017 2501 1210 2546 studium
1243 2502 1359 2545 illud
1398 2501 1621 2560 singulare
1656 2498 1781 2557 qnod

318 2568 363 2611 in
391 2569 654 2614 revellendis
683 2571 876 2628 reliquiis
906 2570 1159 2616 haereticae
1191 2570 1438 2629 pravitatis,
1484 2583 1600 2626 qnae
1637 2567 1783 2612 scele-

104 2652 203 2685 Joan.
215 2662 312 2686 xm.
323 2637 425 2680 ratis
454 2637 719 2682 factionibus
738 2638 935 2683 Galliam
952 2638 1116 2694 Tuam,
1151 2638 1301 2698 („ubi.
1324 2638 1438 2682 inter
1452 2642 1626 2683 caetera
1651 2650 1782 2679 muu-

178 2702 259 2733 tom.
277 2696 377 2748 ⁷·‹li
402 2719 546 2766 regna
585 2706 755 2752 clarere
784 2707 971 2767 Religio
1005 2706 1252 2752 Christiana
1291 2705 1567 2763 noscitur-“J
1604 2703 1782 2764 pridem

103 2743 313 2834 „gfff‘ssl-{K
323 2787 467 2832 paene
511 2782 814 2832 concusserat,
862 2782 964 2820 tuma
998 2775 1043 2819 in
1079 2776 1221 2820 avitae
1262 2775 1490 2837 religionis
1531 2771 1784 2832 integritate
