1832 3276
242 196 342 248 568
656 178 660 180 ’
711 197 1234 242 ANIMADVERSIONES

243 310 511 361 chronologus
539 314 686 358 noster,
714 314 865 348 restant
891 313 1045 347 tantum
1078 311 1142 351 10.
1197 306 1404 347 Tredecim
1434 313 1564 346 autem
1591 307 1707 359 prio-

239 382 303 408 res
347 373 466 407 vocat
498 363 569 415 τὰς
607 362 685 419 πρὸ
726 367 808 407 τῶν
841 361 1089 418 φωστήρων,
1137 362 1223 403 dies
1260 364 1584 413 anteluminaria,
1621 364 1706 403 sive

241 425 324 464 dies
362 423 432 475 qui
459 430 555 475 post
583 421 876 474 aequinoctium
904 421 1168 474 plenilunium
1196 420 1465 473 praecedunt,
1497 426 1704 472 sequentes

242 487 393 533 septem
421 476 692 532 προσελήνους
721 479 992 527 antemnates,
1034 477 1144 529 quod
1173 478 1357 530 proxime
1384 478 1519 516 lunam
1549 476 1704 528 plenam

241 536 493 589 praecedant.
552 536 684 587 Atque
720 535 822 574 haec
849 535 902 575 de
932 534 1162 584 neomenia,
1204 539 1245 572 et
1273 534 1366 572 luna
1398 537 1461 576 10.
1491 538 1609 584 atque
1640 533 1704 575 14.

241 594 358 632 Nunc
395 593 534 632 feriam
565 592 684 645 primi
722 590 893 644 paschae
931 590 1011 629 hoc
1039 590 1160 629 modo
1189 590 1358 641 quaerit.
1414 588 1601 642 Epochae
1630 602 1704 627 an-

241 663 386 689 norum
418 649 580 688 additur
615 648 834 701 quadrans,
873 647 952 686 hoc
981 653 1060 697 est,
1102 645 1195 685 anni
1223 646 1409 694 bissexti,
1440 659 1532 684 cum
1560 651 1703 697 quarto

240 719 399 758 quoque
438 719 540 744 anno
577 705 835 744 intercaletur
871 717 976 743 unus
1009 703 1092 742 dies
1131 708 1226 755 post
1254 702 1321 746 24.
1349 702 1465 743 Febr.
1521 701 1596 740 His
1625 701 1703 740 ad—

237 763 387 801 duntur
417 763 502 801 dies
531 762 624 801 anni
654 761 876 810 currentis,
914 760 1087 812 denique
1115 759 1184 798 alii
1213 759 1375 811 quidam
1403 758 1560 798 numeri
1588 771 1703 796 sum-

237 833 323 858 mae
353 819 557 858 adduntur
585 819 649 857 vel
679 817 946 857 detrahuntur
974 823 1141 869 propter
1170 815 1355 854 seriarum
1380 815 1568 854 radicem.
1598 814 1702 865 Ergo

237 882 375 915 noster
404 867 554 914 auctor'
586 876 722 914 seriam
760 874 880 928 primi
910 873 1079 927 paschae
1108 872 1294 920 celebrati
1325 871 1404 910 hoc
1433 871 1552 910 modo
1581 870 1702 909 inda-

236 940 314 984 gat.
373 931 558 985 Epochae
589 934 711 974 3838.
739 931 853 971 addit
883 930 1141 986 quadrantem
1174 943 1223 968 ex
1253 928 1365 966 annis
1394 928 1578 966 bissextis
1604 927 1702 970 959.

235 990 296 1028 Ab
326 989 575 1041 aequinoctio
607 1002 702 1026 vero
733 988 842 1039 quod
872 987 950 1026 suit
976 990 1040 1030 21.
1069 986 1222 1034 Martii,
1252 998 1378 1036 usque
1409 984 1458 1022 ad
1491 986 1554 1026 13.
1586 983 1702 1035 Apri-

234 1046 296 1096 lis,
327 1045 404 1084 hoc
434 1052 495 1083 est
525 1044 589 1087 14.
619 1045 767 1094 lunam,
797 1044 882 1083 dies
910 1044 1066 1082 fluxere
1095 1042 1162 1084 24.
1195 1041 1340 1093 quibus
1370 1041 1472 1080 adde
1489 1046 1570 1083 tres
1587 1045 1702 1078 ante-

232 1104 392 1141 lunares
421 1102 724 1154 praecedentes3
768 1101 908 1151 collige
938 1113 1129 1137 summam
1159 1111 1210 1136 ex
1240 1097 1422 1136 omnibus
1451 1097 1573 1139 4824.
1602 1110 1701 1148 par-

232 1159 309 1198 tire
339 1172 413 1210 per
441 1163 481 1200 7.
511 1159 760 1208 relinquetur
791 1161 827 1198 1.
859 1156 957 1194 haec
985 1161 1045 1193 est
1074 1154 1170 1193 feria
1200 1154 1352 1205 prima,
1391 1153 1474 1191 sive
1504 1152 1586 1190 dies
1616 1152 1700 1190 do·-

233 1216 416 1254 minicus.
476 1214 652 1252 Primum
696 1226 791 1263 ergo
832 1211 980 1265 pascha
1009 1225 1060 1250 ex
1095 1211 1222 1249 nostri
1251 1209 1455 1261 scriptoris
1482 1208 1700 1247 ratiocina-

232 1272 342 1310 tione
378 1272 444 1310 die
476 1270 709 1321 Dominico‚
747 1283 848 1323 quae
887 1268 985 1308 feria
1017 1268 1145 1320 prima
1174 1273 1254 1317 est,
1294 1267 1534 1306 celebratum
1563 1271 1699 1303 osten-

230 1328 351 1369 ditur.

159 1419 207 1453 36
342 1409 403 1446 Ita
439 1407 544 1449 infra
583 1406 701 1444 docet
734 1406 773 1444 S.
805 1405 993 1444 Ioannem
1021 1403 1242 1456 Baptistam
1272 1415 1374 1440 anno
1407 1399 1546 1439 Mundi
1573 1398 1697 1441 5507.

228 1465 331 1503 Junii
361 1463 429 1509 24.
459 1463 524 1501 die
553 1463 669 1501 lunae
698 1468 831 1503 natum
862 1474 958 1500 esse.
1015 1458 1289 1513 Epactaemni
1319 1457 1443 1507 addit,
1472 1456 1555 1495 dies
1584 1454 1697 1508 Apri-

227 1521 276 1560 lis
310 1525 374 1565 30.
414 1520 507 1559 Maii
538 1523 605 1563 31.
643 1519 749 1557 Junii
784 1519 852 1562 24.
893 1517 1001 1556 unde
1040 1517 1282 1567 colliguntur
1320 1517 1389 1557 86.
1429 1526 1528 1570 quae
1569 1511 1721 1572 (ἰὶνίἕῑῇικ

226 1591 300 1631 per
329 1581 367 1619 7.
400 1577 629 1629 producunt
659 1578 826 1618 12—12.
858 1578 924 1617 12.
951 1573 1212 1625 multiplicata
1242 1585 1313 1623 per
1342 1574 1382 1614 7.
1411 1574 1605 1623 generant
1628 1568 1695 1610 84.

227 1640 436 1674 remanent
467 1633 573 1683 duo,
605 1646 707 1685 quae
736 1631 876 1670 feriam
905 1630 1121 1671 secundam
1151 1629 1345 1668 indicant.

340 1713 428 1751 Pari
459 1711 578 1751 modo
608 1710 756 1763 probat
786 1708 853 1753 25.
882 1709 1013 1750 Martii
1042 1709 1167 1748 Deum
1200 1723 1223 1746 a
1251 1705 1412 1757 Virgine
1444 1709 1695 1755 conceptum.

226 1770 399 1821 Epactae
439 1769 505 1812 15.
548 1767 650 1807 adde
693 1770 758 1808 13.
796 1772 835 1804 et
877 1766 972 1806 alias
1005 1769 1045 1807 7.
1075 1772 1113 1804 et
1142 1764 1181 1806 5.
1218 1768 1431 1802 nascentur
1459 1761 1528 1804 40.
1567 1760 1694 1812 abjice

226 1826 407 1877 triginta,
437 1824 697 1865 remanebunt
729 1826 794 1866 10.
825 1822 978 1865 decima
1008 1835 1102 1872 ergo
1132 1821 1223 1860 luna
1252 1819 1395 1858 incidit
1419 1818 1460 1857 in
1490 1818 1558 1861 25.
1589 1817 1694 1855 Mar-

227 1883 294 1932 tii,
327 1897 405 1934 quo
435 1883 567 1934 jussus
597 1887 656 1919 est
683 1892 808 1930 agnus
838 1880 982 1932 parari.
1043 1880 1146 1929 Ergo
1179 1878 1243 1921 15.
1276 1876 1351 1914 fuit
1379 1874 1595 1915 neomenia.
1626 1874 1694 1915 25.

228 1938 383 1977 decima
411 1940 521 1978 luna.
551 1940 620 1979 29.
651 1935 808 1988 pascha.
863 1936 1013 1978 Eadem
1040 1935 1195 1976 ratione
1224 1933 1399 1985 disputat
1417 1931 1466 1971 de
1484 1929 1604 1969 natali
1629 1928 1693 1970 die

229 1995 397 2042 Christi,
436 1996 486 2035 de
513 1992 716 2046 Baptismo
747 1998 784 2030 et
812 1992 853 2032 in
884 1993 1035 2032 caelum
1064 2004 1243 2031 ascensu.

339 2075 449 2114 XIX.
507 2071 769 2123 Prometheus]
811 2070 1002 2109 Eusebius
1039 2068 1268 2121 Pamphilus
1297 2068 1363 2106 lib.
1394 2072 1495 2118 post.
1527 2063 1692 2102 chroni-

228 2146 364 2170 corum
394 2129 693 2179 Prometheum,
725 2126 998 2179 Epimetheum
1018 2133 1057 2164 et
1079 2126 1295 2173 Atlantem,
1326 2124 1496 2173 Argum,
1521 2121 1589 2170 Jo,
1619 2134 1693 2172 po-

226 2189 284 2229 nit
313 2187 409 2231 431.
441 2201 543 2225 anno
573 2186 681 2236 regni
714 2183 989 2235 Assyriorum,
1034 2182 1107 2221 sub
1144 2181 1325 2233 quintum
1366 2192 1512 2217 annum
1542 2175 1692 2228 Moysis

226 2245 332 2293 nati,
380 2257 618 2295 quamquam
647 2241 754 2279 idem
785 2242 902 2282 docet
941 2240 990 2278 ab
1021 2240 1108 2278 aliis
1138 2244 1263 2276 aetate
1294 2236 1503 2287 Cecropis,
1541 2248 1562 2271 a
1592 2246 1690 2271 non·

225 2300 343 2339 nullis
372 2314 438 2338 Lx.
472 2307 539 2337 aut
569 2313 632 2337 xc.
664 2297 776 2336 annis
817 2303 907 2335 ante
937 2298 1152 2348 Cecropem
1187 2294 1357 2339 vixisse,
1399 2298 1535 2330 noster
1564 2289 1690 2328 multo

223 2356 422 2409 posterius
453 2362 490 2394 et
519 2357 690 2401 rectius,
721 2354 771 2392 ad
801 2354 990 2406 Triopan]
1020 2365 1180 2404 quoque
1210 2351 1275 2389 alii
1304 2349 1491 2388 referunt.

336 2437 426 2477 XX.
485 2433 760 2474 Nomenclatura
789 2431 1014 2484 Consulum-J

333 2515 523 2554 Ordinem
543 2544 555 2563 ‚
624 2512 858 2551 varietatem
918 2518 956 2550 et
1016 2514 1225 2548 auctorum
1272 2506 1454 2546 diversas
1523 2501 1687 2555 opinio.-

220 2586 288 2611 nes
329 2573 369 2611 in
411 2571 596 2610 Romanis
633 2569 744 2608 fastis
782 2567 897 2606 multi
935 2566 1211 2619 prodiderunt.
1278 2563 1340 2605 ’.Γιι
1383 2566 1542 2613 praeter
1581 2559 1686 2597 anti-

221 2643 319 2681 quos
373 2629 512 2667 Fastos
564 2625 807 2678 Capitolinos
857 2637 902 2661 ac
950 2622 1184 2673 Dionysium
1231 2619 1496 2658 Halicarnavss.
1543 2615 1686 2654 Victo-

219 2699 329 2735 rem,
381 2684 676 2732 Marcellinum,
724 2680 1027 2727 cassiodorum,
1068 2677 1233 2716 consule
1270 2674 1501 2726 Sigonium,
1541 2671 1682 2723 Cuspi-

221 2744 406 2790 nianum,
445 2739 700 2785 Panvinium,
740 2736 949 2785 Gentium,
990 2735 1225 2780 Baronium,
1267 2732 1316 2770 de
1353 2729 1554 2780 Scaligero
1581 2727 1684 2766 nihil

223 2798 337 2848 dico,
379 2810 470 2838 cum
510 2795 799 2836 emendationes
834 2792 921 2846 ejus
952 2797 1176 2843 temporum
1205 2788 1253 2827 ab
1283 2786 1457 2828 Ecclesia
1485 2786 1563 2824 sint
1593 2797 1682 2836 pro-

223 2855 409 2908 scriptae.
