1884 3262
315 206 416 254 240
889 209 1210 252 NOTAE

432 319 529 369 Pag·
558 318 626 361 49.
659 321 723 360 16.
782 320 1051 372 Διακονοίας]
1084 320 1181 359 Cod.
1212 319 1339 359 Vatic.
1370 318 1523 375 ἐγένετο
1550 323 1679 373 κακῆς
1704 322 1793 362 δια-

316 376 469 422 κονίας.
529 375 699 413 Videtur
726 375 936 426 legendum
967 379 1172 427 διανοίας,
1201 378 1269 416 vel
1299 378 1513 429 διχονοίας.
1837 384 1839 389 ’

433 432 528 481 Pag
559 431 724 473 49.17.
786 435 844 473 Ον
881 433 949 473 καὶ
985 431 1280 487 Ζωροάστρην]
1331 436 1388 472 Ι)8
1430 447 1510 485 quo
1552 434 1792 472 consulendi

320 491 460 527 Petlus
494 487 631 526 Daniel
654 488 826 527 Huetius
857 490 903 537 V.
934 491 975 529 C.
1005 491 1046 528 in
1075 497 1299 543 praeparat.
1331 491 1793 543 Evangel.Propos.1v.

321 560 409 597 cap.
432 559 471 583 v.
510 545 730 583 cotele1ius
757 546 847 584 loco
884 547 1069 597 laudato,
1119 554 1159 587 et
1192 548 1333 585 Croius
1363 548 1414 586 ad
1452 547 1613 598 Origen.
1656 561 1693 598 p
1725 550 1792 589 30.

319 609 367 641 ut
396 602 497 640 alios
531 608 791 653 praeteream.

433 659 528 697 Ibid
582 662 735 700 Τοῦτον
754 655 933 715 η’νίξατο]
965 660 1049 700 Lib.
1065 673 1122 698 Π.
1152 661 1323 711 Recogn.
1356 661 1395 698 S.
1426 660 1617 699 Clement.
1647 673 1687 698 11.
1701 672 1792 697 xm.

320 714 447 753 initio.

436 771 532 822 Pag
562 747 629 814 49.
667 775 735 814 21.
796 774 856 821 Εξ
898 767 949 813 οὐ
979 776 1137 827 Αφροι,
1176 773 1276 825 elc.]
1333 773 1533 811 Hactenus
1573 773 1616 810 in
1662 771 1793 810 tribus

320 828 407 866 aliis
447 828 538 866 filiis
574 828 697 866 Cham
727 828 918 868 Africano
948 836 988 868 et
1025 829 1191 868 caeteris
1230 831 1430 868 consensit
1464 829 1712 868 Chronicon·
1750 829 1793 867 in

322 885 519 923 Chanaam
548 898 643 924 vero
675 885 877 936 dissentit,
915 901 936 924 a
967 900 1047 938 quo
1079 886 1337 926 Chananaeos
1368 888 1397 925 ii
1427 886 1658 936 deducunt,
1705 885 1795 937 qui-

320 942 477 993 busque
507 943 679 992 Symeon
710 943 930 994 Logotheta
958 943 1003 980 in
1033 943 1178 982 Chron.
1201 945 1280 981 MS.
1314 950 1423 995 aptat
1451 945 1584 981 locum
1605 942 1796 995 Procopii

320 999 388 1037 lib.
419 1013 463 1037 11.
497 999 703 1038 Vandalic.
733 1014 821 1052 cap.
851 1015 893 1038 x.
924 1000 995 1038 ubi
1024 1000 1072 1038 de
1102 1001 1398 1039 Maurusiorum
1426 1007 1541 1051 gente
1571 1000 1664 1051 agit.
1698 1022 1703 1027 »

436 1054 533 1106 Pag.
563 1059 629 1098 50.
659 1060 698 1099 3.
756 1053 900 1109 Σάβα]
940 1057 1020 1095 Α111
1049 1055 1209 1108 Σαβὰν,
1243 1057 1282 1106 ἐξ
1306 1052 1357 1098 οὗ
1383 1055 1544 1109 Σαβοῖτ,
1574 1057 1641 1095 vel
1664 1052 1795 1110 Σάβα.

325 1113 505 1160 Sabadii,
536 1112 647 1164 apud.
675 1113 817 1152 Euseb.
848 1113 918 1152 ubi
947 1113 1047 1152 haec
1078 1114 1208 1153 addit:
1235 1115 1279 1152 ab
1309 1117 1383 1152 ista
1410 1119 1509 1153 terra
1533 1114 1681 1164 Regina
1700 1117 1798 1153 venit

319 1170 449 1208 audire
471 1171 682 1220 sapientiam
707 1171 921 1208 Salomonis.
949 1170 1065 1209 Unde
1099 1185 1173 1222 pro
1205 1169 1418 1223 Ιταβηνοὶ,
1448 1171 1662 1221 legendum
1692 1166 1799 1210 forte

250 1276 259 1285 ‚
322 1225 402 1264 hoc
433 1224 623 1263 Chronici
651 1227 742 1264 loco
773 1226 1026 1278 Σαβατηνοὶ·
1068 1227 1144 1265 nisi
1183 1227 1273 1278 quis
1309 1227 1423 1266 malit
1461 1229 1655 1280 Σαβῖνοι,
1696 1241 1798 1279 quos

172 1689 202 1724 P
227 1689 295 1725 493

179 2483 311 2521 V4oo

322 1282 470 1320 caeteri
502 1282 670 1321 Sabatha
700 1283 958 1331 adscribunt,
987 1289 1035 1321 ut
1065 1283 1365 1335 Ichtyophagos
1393 1284 1570 1334 Rhegma.
1601 1284 1684 1332 Qui
1701 1298 1798 1323 vero

323 1352 373 1377 ex
404 1339 592 1377 Sabacata
623 1340 767 1392 populi
798 1339 1044 1392 prodierint,
1053 1340 1114 1378 ‘ii
1140 1341 1269 1380 silent.
1327 1340 1429 1380 Vide
1458 1340 1660 1379 Salianum
1691 1355 1799 1380 anno

323 1395 487 1434 laudato
518 1409 556 1437 n.
585 1410 657 1434 L11.

437 1452 533 1502 Pag.
564 1453 632 1494 50
663 1456 704 1495 9.
768 1452 1058 1506 Μαρμαρίδες]
1100 1452 1174 1491 Alii
1205 1456 1483 1524 Μαρμαρῖται.
1566 1475 1572 1477 ⁷

439 1508 536 1559 Pag
567 1510 734 1551 50.1Ο.
793 1507 959 1560 Λαόἂν]
993 1509 1314 1561 ΑΙίἰΙουδαδαν,
1343 1510 1384 1560 ἐξ
1405 1513 1453 1551 οὑ
1483 1510 1684 1558 Φοίνικες.

439 1565 732 1615 Pag.50.11.
794 1566 876 1606 Καὶ
915 1564 1110 1620 Νεβρωδ]
1154 1568 1294 1606 Nescio
1326 1581 1399 1606 cur
1433 1567 1466 1606 is
1495 1567 1601 1608 filiis
1626 1567 1802 1618 Rhegma

335 1628 591 1661 accenseatur
607 1622 714 1674 apud
744 1623 1002 1675 Syncellum,
1044 1623 1291 1673 Cedrenum,
1321 1624 1469 1676 hicque
1503 1624 1546 1662 in
1589 1623 1803 1673 Chronico,

328 1693 419 1718 cum
461 1678 595 1717 statim
641 1693 691 1717 ex
731 1680 876 1718 Genesi
919 1680 1025 1718 filius
1065 1679 1174 1719 Chus
1214 1682 1405 1730 dicatur,
1466 1681 1665 1732 quomodo
1694 1687 1804 1720 recte

327 1735 500 1774 habetur
528 1735 637 1787 apud
667 1737 902 1788 Symeonem
930 1736 1214 1787 Logothetam,
1258 1745 1299 1777 et
1326 1738 1370 1775 in
1402 1737 1599 1776 Chronico
1630 1738 1804 1777 Alexan-

328 1792 466 1840 drino,
505 1791 577 1830 ubi
615 1791 695 1831 duo
730 1793 926 1831 duntaxat
964 1792 1037 1831 filii
1075 1768 1253 1845 Rhegriia
1294 1795 1487 1833 dicuntur
1515 1794 1618 1833 Saba
1658 1801 1698 1833 et
1724 1796 1804 1836 Ju-

328 1848 473 1888 dadad.

445 1904 540 1955 Pag
571 1905 741 1947 50.17.
801 1905 878 1952 Εἰς
908 1903 957 1945 τοὶ
981 1905 1237 1959 Κλημέντια]
1268 1907 1343 1946 Hic
1372 1921 1497 1959 porro
1528 1907 1682 1958 colligit
1713 1921 1803 1947 eru-

330 1962 438 2000 ditus
471 1961 690 2000 Cotelerius
720 1975 769 1999 ex
797 1962 880 2000 istis
912 1963 960 2000 ab
983 1963 1158 2002 Auctore
1193 1977 1243 2002 ex
1268 1964 1544 2011 Clemmtinis,
1573 1970 1659 2002 tum
1683 1964 1804 2008 etiam

329 2033 381 2058 ex
411 2018 497 2056 aliis
530 2033 552 2057 a
584 2019 828 2057 Damascene
864 2025 903 2057 et
932 2019 1106 2082 Maximo
1135 2021 1340 2073 laudatis,
1378 2020 1502 2060 hosce
1525 2020 1652 2060 libros
1682 2022 1804 2061 fuisse

330 2075 609 2127 interpolatos.

448 2131 643 2182 Pag.50.
679 2134 744 2173 18.
807 2131 914 2183 Φησὶ
943 2130 1020 2186 γάρ
1049 2131 1227 2187 Πέτρος]
1268 2133 1352 2175 Lib.
1382 2148 1413 2172 1.
1443 2135 1647 2187 Recognit.
1679 2136 1802 2179 Clem.

332 2203 372 2230 11.
402 2202 502 2230 xxx.
534 2194 573 2226 et
601 2187 752 2226 lib.1v.
784 2202 821 2227 11.
851 2203 967 2228 ΧΧῙΧ.

447 2245 544 2294 Pag.
575 2246 643 2287 50.
675 2247 742 2287 20
802 2245 879 2293 Εἰς
900 2244 1058 2297 Νίνον]
1096 2246 1157 2284 Ita
1186 2261 1348 2286 rursum
1379 2248 1505 2298 infra,
1535 2262 1611 2301 pro
1644 2245 1803 2290 Navem.

333 2301 476 2340 Euseb.
506 2300 627 2340 Ninus
656 2301 815 2340 condidzt
845 2305 1023 2341 civitatem
1040 2301 1176 2341 Ninum
1196 2306 1236 2342 in
1264 2319 1405 2361 regione
1422 2306 1668 2358 Assyriorum,
1699 2318 1805 2357 quam

333 2358 493 2397 Hebraei
519 2361 645 2395 vocant
674 2356 842 2396 Nimven.
902 2359 1019 2410 Apud
1050 2358 1299 2412 Josephum,
1320 2363 1468 2411 Assur,
1507 2376 1529 2399 a
1561 2375 1642 2414 quo
1672 2362 1804 2415 Assy-

332 2415 406 2465 rii,
447 2414 675 2453 condidisse
703 2414 843 2453 urbem
875 2419 1006 2456 Νίνον
1037 2414 1199 2456 dieitur.

448 2471 544 2521 Pag.
577 2471 642 2512 50.
673 2474 741 2512 21
785 2470 916 2540 Πρός
943 2470 1015 2524 το]
1067 2474 1208 2512 Censet
1237 2475 1344 2514 idem
1375 2473 1596 2512 cotelerius
1626 2473 1699 2513 has
1728 2487 1803 2513 vo-

339 2541 406 2567 esc
435 2528 584 2580 positas
610 2540 685 2579 pro
716 2524 817 2581 πρός
839 2543 979 2579 τουτο,
1011 2543 1112 2580 quae
1141 2531 1355 2570 locutionis
1383 2530 1486 2569 ratio
1517 2530 1697 2569 crebrius
1730 2545 1804 2570 oc-

332 2585 457 2623 currit
486 2584 592 2636 apud
639 2584 813 2622 Graecos
861 2586 1135 2636 recentiores,
1174 2588 1229 2626 ita
1271 2594 1316 2626 ut
1355 2601 1407 2626 ex
1438 2601 1503 2636 eo,
1553 2587 1603 2626 dc
1640 2588 1803 2627 nomine

332 2642 547 2694 Babylonis
576 2640 773 2691 regionis,
803 2642 895 2679 urbi
928 2643 1139 2694 Babylonis
1169 2657 1313 2683 nomen
1340 2644 1374 2682 is
1403 2643 1652 2695 imposuerit.

447 2697 542 2748 Pag
573 2699 642 2741 51·
676 2700 711 2738 1.
771 2697 915 2750 Σέβειν
944 2697 988 2739 τὸ
1018 2700 1122 2753 πῦρ]
1154 2702 1210 2740 De
1241 2702 1331 2752 igne
1361 2701 1623 2750 Zoroastren,
1653 2701 1803 2752 passim

334 2754 580 2805 Scriptores,
613 2767 781 2806 quorum
812 2755 923 2793 locos
953 2756 1150 2806 collegere
1181 2758 1275 2807 alii,
1307 2765 1427 2809 atque
1454 2757 1497 2795 in
1521 2758 1666 2809 primis
1688 2757 1802 2797 Bris-

334 2810 470 2849 sonius
501 2811 549 2850 de
578 2812 714 2862 Regno
744 2811 896 2851 Persar.
937 2818 978 2851 et
1015 2813 1122 2853 idem
1161 2815 1394 2854 cotelerius
1420 2813 1469 2852 ad
1501 2814 1673 2866 Recogn.
1707 2814 1801 2854 Cle-

335 2873 455 2908 ment.
484 2881 573 2921 pag.
604 2871 700 2912 376.
