1884 3262
269 199 370 248 294
843 193 1168 238 NOTAE

272 310 384 348 Coss.
413 306 481 356 id,
524 312 570 344 ut
608 311 648 344 et
685 303 954 343 Indictionum
984 309 1025 342 et
1055 302 1178 342 Aerae
1205 299 1549 340 Antiochenorum
1577 298 1735 338 initium

270 362 525 405 referendum
571 362 622 400 ad
667 361 925 399 Consulatum
953 360 1152 413 'ejusdem
1195 358 1371 398 Caesaris
1412 371 1456 396 11.
1498 362 1538 395 et
1576 355 1736 395 Servilii

271 420 457 467 Isaurici,
497 431 578 470 quo
622 418 764 456 Caesar
802 417 981 457 Dictator
1018 422 1237 469 perpetuus
1274 415 1449 467 primum
1488 412 1620 456 dictus
1657 418 1735 451 est:

273 478 318 517 u't
347 477 398 515 ad
428 475 688 513 Consulatum
719 474 856 513 Caleni
885 479 924 513 et
953 473 1114 522 Vatinii,
1146 473 1212 523 qui
1242 485 1286 512 11.
1318 483 1442 527 annus
1473 469 1549 508 suit
1575 468 1737 521 imperii

270 532 464 580 Caesaris,
494 545 574 583 quo
597 537 634 569 et
664 538 845 583 coeptam
877 543 1009 570 aeram
1040 528 1355 576 Laodicensium,
1386 532 1424 565 et
1452 526 1601 565 bellum
1628 525 1738 564 Isau-

270 590 400 629 ricum
428 594 584 640 gestum
611 587 764 637 scribit,
791 587 947 626 tametsi
975 586 1178 625 Antonino
1212 591 1251 623 et
1278 584 1455 622 Isaurico
1476 583 1587 622 Coss.
1606 588 1738 619 actum

272 647 340 684 alii
371 645 522 695 dicant,
553 651 593 683 et
622 643 674 682 ad
706 645 965 682 Consulatum
996 641 1172 682 Caesaris
1198 655 1258 680 111.
1289 647 1327 679 et
1355 638 1508 691 Lep-idi,
1539 637 1590 676 ad
1620 649 1739 690 quem

270 703 424 755 bellum
464 707 615 753 gestum
657 707 796 739 contra
834 700 1060 752 Scipionem
1098 705 1136 738 et
1163 698 1381 736 Hircanum
1410 694 1641 735 Pontificem
1671 707 1740 733 re-

271 761 371 806 fert,
417 772 465 797 ae
503 757 674 809 denique
716 758 768 796 ad
806 763 1056 809 postremum*
1092 755 1269 794 Caesaris
1311 753 1592 798 Consulatum,
1628 750 1742 789 illius

271 815 454 865 caedem,
501 828 620 866 quam
671 827 881 867 perperam
930 813 1048 852 etiam
1085 811 1192 851 Fasti
1230 809 1348 850 idatii
1389 810 1439 848 ad
1482 808 1743 847 Consulatum

273 871 464 911 Antonini
493 877 533 910 et
559 871 728 910 Isaurici
754 871 954 911 referunt:
991 869 1050 908 ita
1090 869 1196 908 enim
1236 867 1368 907 omnia
1406 873 1610 918 utcunque
1649 877 1744 903 con-

273 929 446 970 stabunt.

388 996 483 1047 Pag·
512 993 610 1038 365.
640 997 706 1037 16.
764 991 995 1046 Αντιοχεῖς]
1023 993 1172 1032 Locum
1201 991 1313 1030 hunc
1341 990 1494 1044 pariter
1519 987 1747 1028 examinant

274 1052 452 1104 Scaliger
479 1052 521 1090 in
555 1051 786 1090 canonibus
818 1051 1026 1101 isagogicis
1056 1063 1144 1102 pag.
1174 1051 1268 1092 301.
1298 1054 1337 1087 et
1365 1050 1462 1091 302.
1493 1050 1540 1085 et·
1561 1045 1746 1084 Petavius

207 1104 210 1109 ¹
272 1110 343 1149 lib.
373 1122 416 1148 x.
448 1108 498 1147 de
527 1109 661 1147 Doctr.
690 1108 827 1159 Temp.
857 1121 948 1159 cap.
972 1119 1075 1145 an.
1105 1118 1194 1158 pag.
1225 1109 1320 1148 267.
1357 1105 1425 1143 ubi
1461 1102 1512 1142 de
1540 1102 1655 1141 initio
1685 1102 1748 1141 In-

274 1166 496 1205 dictionum
516 1165 642 1203 multa
666 1170 973 1215 commentatur.
1033 1162 1086 1201 At
1113 1174 1194 1200 non
1224 1163 1344 1213 plane
1370 1172 1561 1211 assequor
1590 1172 1663 1197 cur
1690 1158 1748 1196 ita

276 1222 424 1262 scribat
455 1222 649 1271 Georgius
678 1220 897 1260 Monachus
925 1219 968 1258 in
999 1218 1146 1259 Chron.
1174 1218 1255 1257 MS.
1293 1221 1358 1258 Εν
1392 1220 1446 1272 τῷ
1476 1213 1540 1268 μα’
1570 1215 1647 1257 ἔτει
1675 1218 1749 1266 τῆς

272 1275 515 1333 Αὐγούστου
545 1278 769 1330 βασιλείας,
801 1276 847 1317 ἐν
874 1278 934 1330 τῷ
961 1273 1034 1332 ‘eqo'
1064 1270 1257 1316 ἔτει-ἄπο
1276 1275 1440 1322 κτίσεως
1466 1269 1640 1325 κόσμου,
1672 1269 1748 1325 ἥρ·
1804 1309 1806 1311 ,

274 1341 355 1388 χθη
396 1334 422 1376 ὅ
457 1332 556 1374 nocto}
597 1333 831 1385 Αντιοχείας
870 1334 954 1373 τῶν
991 1331 1094 1373 ἐτοῖν
1133 1327 1328 1383 ἀριθμὸς,
1366 1329 1436 1371 καὶ
1473 1332 1550 1369 τοῦ
1589 1329 1748 1382 Κυρίου

272 1391 393 1444 »ἡμῶν
423 1394 550 1443 Ιησοῦ
577 1391 757 1443 Χριστοῦ
785 1386 887 1430 κατὰ
916 1384 1047 1444 σάρκα
1074 1387 1371 1442 γεννηθέντος,
1415 1398 1505 1425 cum
1536 1385 1630 1424 anni
1656 1385 1750 1428 An-

274 1447 449 1488 tiocheni
480 1459 605 1486 annos
635 1445 785 1485 Christi
812 1459 959 1485 xrvm.
990 1445 1208 1495 excedant,
1237 1445 1298 1483 uti
1323 1457 1446 1496 supra
1476 1441 1695 1494 attigimus„

390 1524 485 1576 Pag.
515 1526 611 1569 356.
640 1528 680 1568 3.
736 1523 976 1576 Λαοδικεῖς]
1006 1523 1252 1563 Laodicenae
1274 1521 1450 1576 epochae
1475 1521 1655 1560 meminit
1675 1518 1753 1559 Eu-

278 1583 413 1623 sebius
453 1583 495 1620 in
534 1581 682 1621 Chron.
715 1582 757 1620 in
794 1581 952 1630 Probo,
991 1594 1043 1619 ex
1081 1592 1160 1632 quo
1191 1581 1295 1620 eruit
1325 1578 1501 1631 Scaliger
1530 1576 1754 1616 Antioche-

275 1653 369 1679 nam
399 1651 503 1677 anno
533 1650 614 1677 uno
645 1645 896 1677 antevertere
927 1637 1211 1684 Laodicenam,
1242 1635 1352 1689 quod
1380 1636 1513 1675 firmat
1540 1634 1609 1673 hic
1637 1635 1752 1673 locus

278 1695 488 1744 Chronici,
519 1695 589 1732 ubi
615 1695 904 1733 Antiochenam
935 1707 1039 1733 anno
1067 1708 1096 1732 1.
1126 1692 1218 1732 Julii
1249 1693 1450 1744 Caesaris,
1487 1691 1754 1730 Laodicenam

278 1765 384 1791 anno
413 1765 458 1790 11.
487 1751 644 1790 initium
675 1750 820 1790 ducere
851 1751 1052 1789 observat.
1111 1749 1238 1788 Aerae
1266 1749 1571 1788 Laodicensium
1601 1745 1755 1785 chara-

279 1809 490 1848 cterismus
520 1813 630 1846 extat
658 1807 892 1859 praesertim
919 1806 962 1845 in
991 1819 1154 1845 nummo
1186 1820 1300 1845 aereo
1329 1805 1481 1844 mediae
1513 1801 1756 1855 magnitudi-

278 1865 341 1904 nis
370 1865 410 1903 in
441 1859 612 1902 Archeio
642 1863 788 1915 Regio,
828 1863 871 1902 in
902 1875 983 1915 quo
1011 1862 1235 1914 symbolum
1266 1862 1404 1911 urbis,
1441 1861 1573 1913 capite
1599 1859 1755 1898 scilicet

279 1919 452 1970 turrito,
495 1916 720 1970 effingitur,
756 1933 844 1957 cum
873 1918 951 1957 hac
979 1919 1267 1970 inscriptione:
1314 1919 1610 1958 ΙΟΤΛΙΕΩΝ
1638 1915 1762 1956 ΤΩΝ

281 1979 389 2019 ΚΑΙ
411 1977 768 2020 ΛΑΟΔΙΚΕΩΝ.
803 1975 858 2013 ad
885 1973 1012 2013 latera
1043 1975 1203 2027 capitis,
1246 1977 1295 2014 X.
1325 1979 1366 2013 et
1396 1976 1484 2014 EA.
1514 1972 1756 2012 describun-

282 2052 364 2085 tur.
422 2044 468 2088 In
508 2044 630 2083 altera
671 2041 821 2082 nummi
862 2040 964 2081 facie
1006 2048 1128 2095 caput
1163 2040 1421 2094 Imperatoris
1452 2040 1673 2080 laureatum
1703 2032 1755 2093 [q]

282 2114 457 2153 habetur
490 2125 584 2151 cum
623 2110 734 2150 hisce
764 2109 1077 2152 characteribus.
1110 2138 1120 2148 .
1152 2138 1161 2148 .
1221 2110 1460 2149 KAICAPI.
1491 2108 1756 2150 CEBACTsz.

286 2169 646 2211 ΓΕΡΜΛΝΙΚΩ.
704 2167 750 2205 In
780 2167 912 2205 medio
939 2180 1101 2205 nummo
1130 2168 1251 2205 BAP.
1307 2165 1454 2205 Eadem
1485 2164 1647 2218 Epoche
1677 2165 1757 2203 de-

285 2226 473 2266 scribitur
500 2227 542 2264 in
570 2235 733 2263 nummo
764 2236 878 2261 aereo
907 2223 1049 2262 tertiae
1091 2221 1397 2273 magnitudinis,
1443 2222 1511 2274 qui
1549 2228 1608 2261 est
1643 2222 1756 2260 Dom.

285 2282 432 2332 Droni,
460 2282 502 2320 in
532 2295 611 2333 quo
643 2285 764 2332 caput
792 2279 1051 2331 Imperatoris
1081 2293 1172 2317 cum
1201 2278 1355 2317 radiato
1386 2277 1632 2327 diademate,
1660 2278 1758 2316 abs·-

289 2352 367 2391 que
404 2337 488 2376 ulla
525 2337 695 2377 nominis
738 2336 964 2386 notatione,
1003 2335 1235 2374 exhibetur:
1278 2342 1321 2374 at
1339 2334 1422 2374 ‘sub
1451 2333 1569 2373 imam
1599 2340 1756 2387 partem

142 2410 173 2444 v
196 2405 266 2445 433
287 2394 389 2434 haec
427 2408 518 2433 aera
556 2396 669 2435 BAP
703 2391 952 2430 describitur.
1011 2393 1056 2431 In
1088 2392 1269 2444 postica,
1308 2391 1433 2442 figura
1463 2390 1646 2435 militaris
1679 2396 1757 2429 stat

291 2465 383 2491 cum
409 2450 537 2499 hasta,
576 2455 615 2489 et
643 2448 925 2500 Inscriptione,
956 2450 1249 2488 ΙΟΥΛΙΕΩΝ
1270 2450 1380 2488 ΚΑΙ
1389 2443 1756 2488 ’ΛΑΟΔΙΚΕΩΜ

292 2508 375 2556 Qui
412 2507 574 2559 quidem
608 2504 765 2544 nummi
801 2504 853 2543 ad
881 2505 1113 2543 Diocletiani
1143 2518 1289 2542 annum
1318 2517 1372 2544 xv.
1403 2503 1544 2543 referri
1573 2516 1758 2542 necessa-

290 2565 351 2604 rio
389 2563 547 2603 debent.
605 2562 727 2601 Extat
759 2561 859 2599 alius
886 2560 930 2599 in
959 2561 1094 2600 eadem
1126 2561 1235 2599 Gaza
1264 2560 1384 2611 Regia
1416 2573 1600 2599 nummus
1627 2559 1756 2598 Anto-

291 2619 374 2659 nini
413 2620 496 2670 Pii,
545 2618 588 2657 in
628 2631 708 2670 quo
746 2615 791 2655 hi
831 2616 1078 2656 characteres
1120 2617 1418 2656 describuntur:
1470 2616 1765 2657 ΙΟΤΛΙΕΩΝ

297 2678 424 2716 ΤΩΝ
457 2678 566 2716 ΚΑΙ
595 2674 947 2715 ΛΑΟΛΙΚΕΩΝ
975 2676 1108 2713 ΗΠΡ.
1145 2673 1216 2711 ubi
1253 2672 1352 2711 haec
1392 2685 1582 2725 expressa·
1608 2671 1760 2715 Laodi—

294 2731 470 2771 censium
502 2731 603 2771 Aera
638 2729 814 2784 ejusdem
844 2729 1038 2768 Antonini
1068 2743 1171 2767 anno
1200 2743 1258 2780 iv.
1289 2729 1471 2781 quadrat.
1529 2728 1589 2767 Ex
1610 2727 1761 2779 quibus
1797 2751 1799 2755 v

151 2796 181 2830 P
204 2796 271 2832 519
296 2789 459 2839 quidem
486 2787 656 2827 nummis
679 2786 882 2838 colligitur
908 2785 1170 2825 Laodicenses
1195 2798 1280 2824 sese
1307 2786 1501 2824 Julienses
1520 2784 1757 2837 appellasse,

296 2844 346 2884 ab
373 2843 529 2886 indulta
557 2860 581 2884 a
606 2843 711 2883 Julio
742 2843 908 2884 Caesare
935 2838 1171 2897 αὐτονομίᾳ,
1201 2841 1317 2895 cujus
1345 2842 1500 2882 indices
1525 2846 1620 2880 sunt
1642 2853 1759 2880 num-
1792 2868 1799 2882 1
