1832 3276
252 682 329 718 Vol.
354 681 382 718 1.
406 693 440 728 p.
472 680 549 718 133.
572 681 626 716 12.
674 679 753 714 Non
777 690 852 714 esse
874 677 978 714 debet
999 678 1078 714 novi
1101 689 1221 713 versus
1241 678 1388 713 initium.

251 730 292 764 P.
318 729 396 765 139.
422 729 456 764 8.
504 727 595 760 Casu
627 726 754 760 factum
788 730 842 760 est
875 730 915 759 ut
944 724 1138 770 reliquerim
1171 724 1331 759 vitiosum
1363 723 1424 759 καὶ
1449 719 1585 767 αὗται,
1620 721 1710 768 quod

296 773 451 815 correxi,
474 772 534 807 ubi
558 773 655 808 locus
677 770 824 806 Levitici
846 771 1053 812 revertitur,
1077 782 1110 817 p.
1131 771 1212 806 397.
1239 772 1294 806 18.

252 821 292 855 Ρ.
319 819 396 856 140.
425 820 477 856 13.
524 817 600 865 βϊ]
629 818 706 852 Scr.
735 815 767 863 β’
791 815 820 852 λ’
844 816 878 850 in
901 820 998 851 textu
1022 820 1058 851 et
1080 815 1309 851 annotatione.

251 868 292 901 P.
317 867 395 902 193.
421 867 476 902 13.
520 864 667 909 κανών]
692 863 769 898 Ser.
792 859 927 903 κανών,

252 913 293 947 Ρ.
316 913 398 948 271.
424 912 480 948 15.
527 910 562 944 in
579 914 694 945 annot.
710 919 778 945 scr.
797 910 838 942 V.
855 920 888 954 p.
906 909 985 945 395,

251 958 292 992 Ρ.
316 959 396 994 322.
422 959 452 993 1.
499 955 651 1001 Κάσον]
684 954 910 990 Coniecturae
937 950 1016 989 κατ’
1042 950 1164 988 Ἰσσον
1195 953 1292 987 favet
1324 949 1521 995 κράτιστον
1554 951 1588 985 in
1619 954 1714 985 cata-

297 1003 377 1049 logo
412 1002 491 1038 MS.
523 999 803 1038 Alexandrinum
835 999 926 1045 apud
958 999 1151 1034 Berkeiium
1190 998 1234 1032 ad
1264 998 1431 1044 Stephani
1460 997 1713 1040 Βουκεφὰλεια

298 1061 331 1095 p.
354 1050 434 1085 237.
457 1049 490 1082 b.
537 1048 639 1089 Quod
661 1045 751 1080 idem
774 1047 909 1091 legerat
930 1045 1080 1091 scriptor
1102 1044 1190 1078 Exc.
1212 1043 1304 1078 Scal.

251 1097 292 1132 P.
314 1096 395 1131 360.
423 1098 539 1129 annot.
562 1092 597 1128 4.
645 1092 699 1135 P]
721 1092 798 1125 Ser.
820 1092 849 1126 Ρ
870 1091 954 1127 sola.

252 1143 292 1178 Ρ.
317 1142 399 1177 371.
419 1141 455 1176 3.
502 1139 627 1174 Scribo
649 1138 918 1182 σκηνοπηγίων.

253 1189 295 1223 Ρ.
317 1186 396 1223 882.
419 1186 480 1221 22.
525 1185 561 1219 in
584 1183 738 1228 margine
761 1182 891 1218 excidit
913 1182 956 1218 Β.

252 1234 294 1268 Ρ.
316 1230 395 1268 401.
422 1234 453 1267 1.
499 1230 536 1265 in
559 1235 674 1265 annot.
698 1239 764 1263 scr.
792 1230 846 1265 13.
871 1231 908 1263 et
932 1226 1088 1272 ponenda
1111 1230 1190 1272 post
1213 1228 1269 1262 10.

251 1280 294 1314 Ρ.
315 1278 395 1314 553.
421 1278 453 1313 6.
500 1272 733 1324 πρεσβεύων]
757 1273 1008 1320 Recipiendum
1030 1284 1074 1307 ex
1097 1273 1226 1309 Makala
1251 1270 1486 1320 πρεσβευτὴν.

253 1325 294 1360 Ρ.
319 1324 399 1359 628.
423 1328 460 1357 et
482 1324 562 1360 633.
609 1332 763 1356 aerarum
786 1325 885 1355 notas
909 1319 1011 1354 altius
1058 1319 1148 1353 osuit
1169 1319 1351 1364 typotheta
1375 1331 1474 1364 quam
1497 1318 1661 1364 oportuit.

254 1370 294 1406 Ρ.
318 1369 399 1406 655.
427 1369 482 1404 11.
529 1369 639 1402 Recte
656 1367 784 1401 dictum
801 1370 855 1401 est
872 1366 909 1400 in
926 1364 1010 1399 locis
1060 1364 1188 1399 hronici
1213 1370 1249 1399 et
1272 1364 1445 1399 Eustathii
1470 1362 1535 1400 ὅδε
1551 1378 1618 1405 τις.
1641 1364 1718 1398 Ari·

298 1414 441 1450 stoteles
463 1413 625 1457 Categor.
648 1414 682 1448 5.
704 1413 808 1447 πᾶσα
831 1409 871 1447 δὲ
895 1408 1007 1447 οὐσία
1030 1411 1135 1446 δοκεῖ
1155 1407 1240 1446 τόδε
1263 1424 1297 1447 τι
1323 1412 1526 1456 σημαίνειν.
1573 1412 1606 1446 7.
1637 1410 1718 1446 οἷον

299 1459 387 1496 τόδε
410 1473 446 1495 τι
466 1460 502 1496 εἰ
523 1458 604 1496 οἶδε
627 1456 892 1503 ἀφωρισμένως
915 1454 973 1493 ὅτι
993 1455 1069 1492 ἐστὶ
1092 1455 1298 1493 διπλάσιον.
1322 1463 1359 1492 et
1382 1468 1459 1492 mox
1482 1454 1659 1498 ὡσαύτως
1677 1455 1719 1492 δὲ

298 1506 362 1542 καὶ
386 1503 470 1542 τόδε
494 1519 530 1541 τι
552 1506 587 1542 εἰ
608 1503 710 1540 οἶδεν
733 1500 793 1540 ὅτι
814 1501 962 1539 κάλλιόν
986 1500 1073 1538 ἐστι.

255 1554 296 1588 Ρ.
319 1554 399 1589 660.
425 1552 482 1587 13.
527 1551 562 1586 in
586 1555 700 1585 annot.
728 1562 790 1596 pro
815 1550 843 1584 P
865 1548 1079 1583 scribendum
1103 1548 1146 1582 R.

255 1600 294 1636 Ρ.
318 1600 399 1634 680.
424 1601 479 1635 10.
528 1597 626 1632 Adde
648 1601 778 1631 annot-z
801 1594 1053 1641 μνημονεῦσαι
1078 1594 1146 1628 Pv.

257 1646 297 1682 Ρ.
319 1643 402 1681 738.
446 1642 601 1678 Delenda
624 1654 714 1688 quae
740 1642 784 1676 ad
809 1653 843 1687 p.
863 1642 919 1677 57.
940 1641 996 1676 58.
1020 1641 1211 1676 adduntur:
1237 1640 1329 1685 quod
1352 1639 1469 1675 foiium
1492 1639 1587 1685 typis
1610 1639 1721 1685 repeti

302 1689 455 1724 fecimus.
477 1708 525 1715 —
549 1688 599 1723 Ad
624 1700 659 1735 p.
682 1688 762 1724 267.
790 1691 845 1724 10.
870 1687 1047 1723 All-totvm?
1070 1685 1278 1731 Πρενέστου
1298 1686 1376 1722 MS.
1401 1686 1514 1721 Paris.
1539 1687 1631 1732 apud
1655 1686 1723 1720 Pe-

303 1736 411 1771 rizon.
436 1735 552 1770 Praef.
577 1734 620 1770 ad
644 1734 775 1769 Aelian.
799 1744 835 1780 p.
857 1733 969 1769 xvn.
