1884 3262
585 221 854 267 CHRONICI
885 222 1192 268 pascimus.
1530 223 1633 288 211,

802 487 979 544 XXI.

573 612 1201 663 METHODUS

151 713 277 762 QUA
337 713 692 756 1NvEN11nR
752 717 1079 766 ctJJtJSQnE
1137 717 1376 757 MEN51s
1435 718 1633 767 QUAE-

659 785 927 834 CUMQUE
971 785 1136 835 DIES,

225 859 295 895 ΕΤ
319 850 376 895 IN
399 859 542 903 QUAM
565 862 882 898 SEPTIMANAE:
906 863 1095 898 FERJAM
1117 861 1384 906 INOERRIT,
1417 863 1489 898 ET
1511 864 1566 899 IN

458 918 601 961 QUEM
626 921 809 956 ANNUM
832 921 1022 956 INCIDIT
1047 919 1331 955 BISSEXTUS.

261 1034 308 1072 In
338 1032 530 1088 expedito
565 1034 784 1076 Ptolemaei
817 1037 978 1076 Canone
1015 1043 1111 1091 post
1148 1037 1330 1075 Canones
1368 1034 1635 1075 inerrantium

148 1091 382 1140 stellarum,
428 1090 628 1132 habentur
657 1093 778 1133 etiam
807 1101 1019 1147 praeterea
1044 1100 1084 1133 et
1113 1093 1181 1132 alii
1212 1094 1416 1143 Canones,
1460 1106 1636 1145 quorum

146 1161 225 1200 ope
255 1149 581 1203 intelligipossit
621 1150 800 1201 cujusvis
837 1151 985 1190 mensis
1022 1151 1109 1190 dies
1145 1151 1187 1189 in
1227 1164 1347 1203 quem
1386 1151 1636 1203 septimanae

148 1205 256 1244 diem
291 1206 476 1246 incurrit.
549 1207 750 1256 Quoniam
789 1222 887 1248 vero
927 1209 1012 1248 sine
1056 1208 1138 1246 illis
1174 1207 1322 1247 tabulis
1363 1221 1444 1246 non
1481 1208 1637 1261 poterit

146 1261 234 1302 dies
273 1264 452 1316 expetita
489 1265 662 1317 reperiri
682 1296 692 1311 ,
745 1265 917 1317 proinde
954 1264 1190 1305 methodum
1230 1264 1523 1317 expeditiorem
1563 1278 1637 1303 nos

145 1321 485 1371 excogitavimus,
527 1335 606 1373 qua
634 1322 807 1361 inveniri
838 1323 956 1361 facile
985 1322 1137 1375 possit,
1172 1322 1217 1360 in
1248 1335 1491 1373 quacunque
1520 1322 1638 1359 Indi-

148 1378 305 1427 ctione,
352 1377 645 1430 cujuscumque
676 1379 822 1418 mensis
863 1379 970 1428 diem
997 1379 1042 1418 in
1073 1392 1195 1431 quam
1225 1380 1466 1431 septimanae
1495 1379 1636 1418 feriam

148 1434 384 1483 conveniat3
435 1435 533 1486 quin
564 1441 603 1474 et
631 1435 737 1475 illud
767 1450 930 1489 quoque
950 1465 963 1485 ‚
1002 1436 1046 1475 in
1078 1449 1160 1488 quo
1191 1434 1296 1474 anno
1335 1436 1389 1475 sit
1425 1436 1635 1475 Bissextus

146 1491 468 1544 interpolandus.
538 1491 643 1544 Ergo
686 1493 734 1531 ab
770 1493 886 1532 initio
929 1494 1040 1533 tertii
1078 1493 1173 1531 anni
1213 1493 1363 1542 nostri,
1410 1493 1522 1545 quod
1563 1493 1635 1532 Dei

145 1549 277 1600 gratia·
309 1548 659 1600 administramus,
710 1550 902 1603 Imperii,
943 1550 1154 1604 repetendi
1202 1556 1297 1589 sunt
1337 1550 1462 1600 anni,
1510 1550 1636 1602 inque

144 1619 268 1644 unam
302 1619 496 1644 summam
526 1607 762 1658 colligendi,
794 1622 817 1646 a
840 1607 970 1661 prima
991 1609 1071 1648 viz.
1093 1606 1344 1657 Indictione,
1378 1614 1419 1646 et
1437 1608 1635 1646 collectae

146 1677 343 1702 annorum
373 1676 550 1703 summae
582 1678 658 1716 pro
693 1671 838 1717 quarto
869 1679 1032 1717 quoque
1061 1679 1188 1714 anno,
1223 1665 1355 1703 unitas
1385 1678 1459 1716 per
1483 1678 1635 1717 perpe-

146 1727 258 1760 tuam
287 1720 467 1771 regulam
488 1720 685 1761 addenda.
747 1722 836 1769 Qua
859 1722 978 1760 ‘facta
1019 1722 1223 1762 additione
1256 1722 1421 1760 unitatis
1452 1728 1631 1773 quartae,

148 1777 224 1816 alia
260 1777 437 1816 vicissim
476 1778 609 1816 unitas
649 1793 671 1817 a
709 1792 864 1817 summa
904 1793 1064 1831 quaque
1110 1778 1358 1818 detrahenda
1385 1779 1468 1818 erit.
1529 1779 1631 1817 Tum

145 1840 186 1875 et
215 1834 301 1874 dies
329 1834 498 1884 mensis,
540 1835 591 1874 de
621 1835 768 1888 quibus
796 1837 1024 1876 instituitur
1053 1837 1262 1888 quaestio,
1307 1836 1349 1874 in
1383 1835 1634 1888 praedictam

148 1905 342 1931 summam
382 1892 642 1943 conferendi3
704 1893 988 1945 quod·tamen
1037 1894 1094 1932 ita
1131 1893 1438 1944 intelligendum
1478 1900 1525 1932 ut
1552 1908 1631 1946 pro

146 1948 512 1988 Alexandrinorum
542 1963 652 1989 more
684 1951 878 2002 procedat
917 1951 1123 2000 calculus,
1164 1965 1187 1988 a
1216 1963 1350 1989 mense
1380 1964 1522 2003 nempe
1551 1952 1633 1989 Se-

146 2006 325 2058 ptembri
354 2007 526 2058 proinde
555 2007 816 2059 repetendus.
874 2008 975 2047 Inde
1002 2008 1244 2047 numerandi
1274 2021 1426 2046 menses
1457 2008 1510 2046 ad
1540 2021 1631 2045 eum

146 2076 278 2115 usque
307 2063 483 2101 mensem
514 2063 629 2116 cujus
657 2064 794 2103 feriam
826 2066 1011 2118 quaeris,
1042 2065 1317 2116 mensiumque
1334 2078 1526 2103 numerus
1548 2064 1632 2102 du-

145 2119 324 2173 plicatus
353 2133 530 2158 summae
558 2120 639 2172 jam
668 2122 862 2161 collectae
891 2122 1153 2175 adjiciendus,
1199 2122 1256 2160 Ea
1286 2135 1438 2160 summa
1468 2121 1524 2159 ita
1555 2135 1630 2160 au-

145 2183 234 2227 cta,
262 2177 306 2216 in
333 2182 520 2229 septenos
549 2177 848 2229 distribuenda,
878 2187 918 2219 et
950 2193 1051 2231 quae
1081 2179 1169 2218 dies
1197 2178 1355 2230 reliqua
1375 2178 1512 2227 fuerit,
1543 2192 1631 2217 eam

144 2232 293 2274 habeas
323 2247 401 2286 pro
431 2233 496 2272 die
526 2236 771 2286 septimanae
801 2236 997 2288 expetita:
1047 2249 1119 2274 seu
1150 2236 1243 2273 anni
1272 2248 1351 2273 una
1382 2235 1502 2274 fuerit
1528 2236 1631 2274 reli-

147 2296 238 2339 cta,
271 2290 476 2329 Dominica
507 2291 629 2330 fuisse
660 2291 1000 2344 deprehenditur,
1042 2306 1114 2331 seu
1143 2291 1270 2342 duae,
1310 2291 1412 2331 feria
1442 2292 1632 2339 secunda,

138 2353 188 2389 fet
217 2347 276 2386 sic
305 2347 498 2402 deinceps
526 2360 655 2400 usque
692 2349 745 2387 ad
774 2349 1006 2391 Sabbatum.
1063 2348 1251 2401 Exempli
1280 2348 1429 2400 gratia,
1470 2363 1626 2401 propo-

145 2411 267 2448 natur
297 2405 450 2459 Aprilis
479 2418 538 2443 xl.
571 2405 809 2444 Indictionis
838 2407 1030 2459 septimae
1056 2405 1137 2458 jam
1167 2406 1348 2446 labentis.
1409 2407 1511 2445 Sunt
1539 2407 1626 2445 ita-

147 2475 226 2515 que
255 2477 278 2501 a
309 2463 442 2515 prima
471 2461 695 2502 Indictione
724 2463 775 2502 ad
813 2463 923 2502 hunc
962 2476 1092 2516 usque
1132 2476 1279 2502 annum
1308 2463 1464 2512 nostri,
1517 2463 1627 2514 quod

147 2519 288 2558 divino
318 2526 421 2558 nutu
458 2519 805 2570 administramus,
842 2520 1027 2573 imperii,
1075 2519 1342 2559 Indictionem
1379 2534 1523 2572 nempe
1552 2533 1624 2557 vn.

149 2577 241 2614 anni
268 2589 342 2618 vn.
379 2590 553 2628 quorum
585 2583 728 2630 quarta
756 2592 851 2630 pars
881 2577 1042 2616 unicam
1071 2577 1238 2630 praebet
1267 2577 1476 2616 unitatem.
1526 2578 1624 2615 Tres

149 2632 252 2672 enim
281 2633 428 2686 reliqui
460 2647 599 2674 eorum
626 2634 808 2675 indicant
837 2649 1035 2674 annorum
1063 2648 1275 2673 numerum
1306 2634 1377 2686 qui
1400 2648 1421 2671 a
1441 2634 1628 2672 Bissexto

148 2688 310 2731 fluxere.
370 2690 526 2730 Horum
553 2691 689 2744 itaque
721 2698 905 2744 quartam
933 2698 1092 2745 partem
1133 2705 1216 2730 non
1262 2690 1485 2743 accipimus
1530 2690 1627 2729 dum

149 2746 202 2785 ad
230 2761 292 2788 IX.
320 2760 450 2800 usque
490 2750 805 2801 assurrexerint,
844 2756 891 2790 ut
921 2750 999 2789 alia
1026 2762 1168 2789 rursus
1197 2748 1330 2788 unitas
1368 2761 1448 2801 pro
1482 2755 1622 2800 quarta
