1884 3262
510 201 778 246 GHRONICI
808 201 1113 245 PASCHALIS.
1456 198 1555 245 201

201 313 448 367 temporibus
482 312 696 362 Maxentii,
725 328 747 352 a
774 313 994 352 Consulatu
1007 327 1050 355 x.
1080 318 1119 352 et
1135 311 1404 362 Maximiano,
1432 323 1560 364 usque

201 377 296 424 post
321 370 580 409 Consulatum
609 383 651 409 x.
681 376 722 410 et
749 370 975 422 septimum.

90 429 284 468 Eusmus
311 441 466 467 menses
497 433 694 479 quatuor,
722 426 809 465 dies
839 427 1031 476 sedecim,
1060 440 1083 464 a
1101 439 1187 467 xrv.
1201 424 1402 464 Kalendas
1417 424 1555 475 Maias,
1580 429 1609 464 P
1632 426 1703 464 470

202 498 331 537 usque
359 485 402 523 in
438 483 541 523 diem
568 498 650 525 xvi.
678 484 881 523 Kalendas
910 482 1166 537 Septembris.

89 541 317 581 Mra-names
346 541 458 580 annis
486 541 640 590 tribus,
677 538 878 580 mensibus
907 555 999 591 sex,
1039 540 1182 580 diebus
1211 553 1381 589 novem,
1411 551 1463 577 ex
1492 537 1558 577 die

139 622 148 628 =
202 605 316 638 sexto
344 599 479 638 Nonas
507 598 655 649 Julian,
696 614 719 638 a
749 598 999 648 Consulatu,
1039 596 1280 636 Maximiano
1309 595 1415 638 VIII.
1447 596 1558 646 solo;

201 656 312 708 quod
341 656 419 695 suit
448 669 581 695 mense
609 655 854 709 Septembri,
896 654 1114 694 Volusiano
1147 661 1188 694 et
1220 652 1391 702 Rufino,
1429 665 1559 705 usque

199 713 244 752 in
271 727 334 752 111.
364 712 462 751 Idus
491 712 688 762 Januarii,
717 712 931 752 Volusiano
962 718 1002 751 et
1030 711 1207 751 Anniano
1240 709 1494 749 Consulibus.

89 771 325 825 SYLVEsjren
353 770 466 808 annis
494 769 636 822 viginti
668 783 750 809 uno
772 800 784 821 ,
821 769 1024 808 mensibus
1063 768 1267 808 undecim.
1326 766 1420 806 Fuit
1456 772 1563 804 tem-

201 827 370 880 poribus
400 826 670 876 Constantini,
720 842 743 865 a
784 825 1005 866 Consulatu
1041 825 1252 866 Volusiani
1292 830 1333 863 et
1377 823 1561 873 Anniani,

202 897 254 923 ex
284 883 353 923 die
379 883 515 923 Pridie
547 883 750 923 Kalendas
778 883 1014 934 Februarii,
1044 897 1173 935 usque
1200 883 1242 921 in
1274 881 1378 920 diem
1406 881 1561 919 Kalen-

202 941 346 980 darum
373 940 673 991 Januariarum,
708 941 939 979 Constantio
969 947 1009 981 et
1037 940 1186 980 Albino
1216 938 1467 978 consulibus.

90 999 258 1038 Mancus
295 994 452 1038 meuses
491 1004 607 1048 octo,
654 997 739 1037 dies
778 997 933 1047 viginti.
997 998 1050 1038 Et
1087 996 1158 1036 hic
1195 997 1274 1036 fujt
1311 994 1562 1047 temporibus

203 1055 474 1105 Constantini,
502 1055 730 1107 Nepotiano
751 1061 791 1094 et
809 1054 1005 1094 Facundo
1029 1053 1299 1103 Consulibus,
1330 1066 1380 1091 ex
1406 1051 1471 1091 die
1490 1065 1561 1093 xv,

201 1112 405 1151 Kalendas
431 1111 694 1164 Februarias,
734 1125 863 1164 usque
890 1113 936 1151 in
969 1112 1035 1151 die
1070 1113 1279 1151 Nonarum
1309 1108 1560 1159 octobrium,

200 1169 442 1208 Consulibus
469 1171 537 1209 SS-

86 1227 227 1267 Jumus
256 1240 381 1266 annos
412 1226 664 1279 quindecim,
703 1239 875 1266 mensem
904 1238 1055 1275 unum,
1094 1225 1177 1264 dies
1206 1223 1406 1264 undecim.
1467 1222 1562 1261 Fuit

199 1284 451 1336 temporibus
481 1283 762 1332 Constantini,
800 1297 822 1321 a
853 1283 1072 1321 Consulatu
1099 1282 1291 1321 Feliciani
1332 1287 1372 1320 et
1398 1281 1560 1331 Titiani,

200 1354 253 1380 ex
279 1340 346 1379 die
372 1353 463 1382 vm.
491 1340 587 1378 Idus
614 1339 849 1389 Februarii,
894 1339 938 1377 in
971 1339 1074 1378 diem
1105 1339 1236 1378 Pridie
1273 1338 1368 1378 Idus
1398 1338 1561 1394 Aprilis,

202 1397 435 1436 Constantio
464 1397 512 1436 V.
543 1403 582 1436 et
611 1396 844 1435 Constantio
876 1396 1042 1435 Caesare
1063 1396 1318 1436 Consulibus.
1353 1395 1430 1435 Hic
1448 1396 1563 1436 mul-

201 1462 263 1493 tas
293 1454 464 1493 fabricas
494 1453 611 1492 fecit:
640 1453 852 1492 Basilicam
881 1453 922 1491 in
955 1453 1021 1491 via
1052 1454 1266 1503 Portense,
1296 1452 1482 1493 milliario
1501 1467 1562 1492 111.

201 1512 416 1551 Basilicam
452 1510 496 1549 in
533 1511 599 1549 via
630 1509 822 1550 Flaminia
842 1539 853 1559 ,
892 1509 1081 1549 milliario
1107 1524 1152 1550 11.
1189 1524 1290 1562 quae
1334 1512 1563 1564 appellatur

203 1569 448 1607 Varenum:
487 1567 698 1606 Basilicam
726 1567 893 1617 Juliam,
924 1580 1027 1619 quae
1056 1573 1114 1606 est
1142 1567 1316 1618 Regione
1345 1581 1418 1608 vn.
1445 1570 1566 1622 juxta

202 1626 334 1665 forum
376 1624 468 1664 Divi
506 1624 689 1677 Trajani:
742 1624 957 1663 Basilicam
996 1630 1106 1663 trans
1145 1624 1319 1664 Tiberim
1338 1655 1351 1676 ,
1390 1626 1564 1677 Regione

203 1695 291 1722 xlv.
319 1683 436 1734 juxta
467 1681 696 1721 Callistum:
735 1681 952 1720 Basilicam
984 1681 1026 1720 in
1055 1681 1122 1721 via
1152 1681 1337 1733 Aurelia,
1376 1683 1565 1722 milliario

201 1752 264 1778 111.
295 1739 348 1777 ad
376 1738 595 1778 Callistum.

90 1798 276 1836 Lmamus
306 1796 384 1835 fuit
421 1796 672 1848 temporibus
701 1795 954 1844 Constantii,
995 1808 1046 1834 ex
1082 1794 1147 1834 die
1175 1809 1232 1834 xx.
1261 1796 1464 1836 Kalendas
1492 1797 1565 1836 Ju-

203 1853 314 1902 nias,
355 1853 397 1891 in
439 1852 548 1891 diem
566 1880 670 1894 .....
704 1868 727 1892 a
758 1852 1001 1892 Consulibus
1038 1852 1270 1892 Constantio
1302 1854 1352 1894 V.
1384 1860 1424 1893 et
1453 1854 1566 1893 Con-

205 1910 352 1949 stantio
382 1911 566 1950 Caesare.
