1820 3276
199 196 380 260 *¹382
838 202 1160 246 NOTAE

397 316 488 363 Pag.
519 311 613 356 542.
647 315 683 354 1.
742 309 833 362 1196
853 329 879 365 η
910 313 1051 355 Εἰδαῖν
1073 311 1336 366 Οκτωβρίων]
1367 312 1540 361 idatius,
1562 310 1736 353 Ammia-

253 381 356 411 ‘nus
385 370 452 409 lib.
483 382 550 411 xv.
593 372 746 410 Socrat.
786 369 856 408 lib.
885 384 931 408 11.
972 384 1059 423 cap.
1086 381 1231 411 xxxtv.
1268 375 1305 408 et
1355 370 1534 409 Zosimus
1578 368 1646 407 lib.
1675 381 1736 409 ιιι.

217 464 220 466 .
282 427 462 469 scribunt
491 426 692 464 lulianum
720 427 869 466 factum
900 427 1102 467 Caesarem
1131 440 1217 467 vm.
1253 426 1396 467 Iduum
1434 425 1738 466 Novembrium:

282 498 334 523 ex
364 483 508 534 quibus
537 483 806 522 emendandus
837 484 985 522 Auctor
1015 483 1214 523 Chronici.
1270 482 1398 520 Jo'eles
1430 482 1606 521 Caesarie
1635 482 1738 519 sun-

281 546 391 579 ctum
422 539 611 589 dignitate
642 554 765 579 annos
792 553 848 579 lv.
882 547 922 578 et
949 554 1099 579 menses
1133 553 1188 580 v1.
1223 540 1299 587 ait,
1331 538 1375 576 id
1408 544 1467 576 est
1496 538 1544 578 ab
1573 551 1629 576 vl.
1660 538 1738 576 No-

281 596 433 636 vembr.
464 595 512 634 ad
544 610 635 637 ann.
666 609 804 635 cccmr.
837 596 886 637 ad
914 596 955 637 id
985 603 1145 649 tempus
1172 608 1251 648 quo
1287 595 1511 646 Imperator
1538 596 1580 632 in
1611 593 1738 633 Gallia

281 653 550 706 proclamatus
580 659 638 691 est
664 653 771 692 circa
801 666 970 692 mensem
995 653 1171 705 Aprilem
1203 658 1272 690 aut
1297 652 1441 690 Maium
1461 664 1564 689 anno
1586 663 1738 690 ceonw-

398 713 490 760 Pag.
526 710 620 752 542.
650 711 688 753 5.
748 710 832 750 Ινδ.
859 707 939 762 ιδ’.]
989 709 1077 747 Hoc
1115 715 1198 747 tum
1239 707 1414 760 primum
1450 720 1554 746 auno
1588 719 1739 747 cccxxx.

282 766 515 805 Indictionis
553 780 636 805 vox
678 766 855 806 occurrit
893 768 932 805 in
975 766 1121 805 Codice
1159 764 1437 804 Theodosiano
1480 765 1578 813 Lege
1607 776 1652 804 11.
1690 762 1740 801 de

283 823 441 874 legatie,
490 836 591 874 quae
620 823 674 862 ita
705 822 991 862 subscribitur:
1021 836 1146 862 xvm.
1179 822 1265 861 Kal.
1289 820 1393 861 Febr.
1420 821 1510 859 med.
1543 819 1742 858 Indictione

283 892 352 919 xv.
373 880 575 918 Constantio
604 880 647 919 A.
674 893 759 919 vm.
788 884 822 918 et
849 880 994 919 Iuliano
1025 880 1176 918 Caesare
1199 879 1292 918 Coss.
1351 877 1426 915 Ubi
1456 884 1585 916 tamen
1611 877 1741 927 legen-

283 936 378 975 dum
409 937 569 974 videtur
598 936 819 975 Indictione
847 950 954 974 xxm
984 949 1075 975 cum
1102 935 1183 975 hoc
1212 949 1316 975 anno
1349 947 1501 974 cchvs.
1551 933 1756 974 conatam

281 993 361 1033 tius
392 1005 481 1031 vm.
513 993 599 1033 Cos.
631 994 751 1032 fuerit
779 1006 869 1031 cum
896 992 1066 1032 Juliano.

397 1048 491 1087 Ibid.
553 1046 606 1090 Τὸ
639 1045 693 1101 ι’.]
723 1049 849 1091 Scrib.
879 1046 922 1090 τὰ
947 1045 998 1101 η’.
1056 1050 1112 1087 Ita
1143 1048 1250 1088 Fasti
1280 1053 1321 1088 et
1351 1046 1447 1086 cod.
1477 1044 1628 1086 Theod-

399 1108 494 1155 Pag
524 1107 621 1148 542
651 1110 691 1150 7
749 1105 835 1146 Επὶ
856 1102 1028 1153 τούτων]
1060 1106 1215 1146 Idatius
1243 1104 1322 1143 hoc
1349 1117 1454 1142 anno
1483 1102 1524 1141 id
1544 1103 1668 1142 refert
1689 1100 1742 1139 ad

280 1162 373 1202 Kal.
401 1161 518 1200 Junii.

243 1236 247 1241 ’
399 1221 491 1268 Pag-
521 1217 615 1261 542
647 1214 827 1260 12.Τό
857 1213 934 1266 ια’.]
975 1218 1065 1269 Leg.
1095 1213 1149 1259 θ’
1208 1217 1275 1258 Sic
1303 1215 1433 1262 Enati,
1463 1214 1562 1259 cod.
1590 1212 1743 1256 Thood.

284 1281 324 1315 et
351 1274 533 1314 Holsten.

399 1328 616 1380 Pag.542.
649 1328 713 1372 14.
771 1328 857 1370 Επὶ
880 1324 1107 1382 τούτων]Ι
1088 1330 1135 1370 Id
1164 1330 1296 1382 ipsum
1324 1328 1446 1368 habet
1473 1327 1644 1376 matius,
1673 1327 1743 1378 qui

282 1386 383 1426 haec
414 1387 462 1426 ad
495 1387 601 1425 diem
632 1399 674 1425 v.
704 1385 806 1424 Non.
838 1385 989 1435 Martii,
1020 1400 1089 1425 seu
1115 1386 1222 1425 adv.
1243 1386 1415 1438 ejusdem
1441 1385 1585 1427 mensis
1605 1384 1744 1433 refert,

283 1450 424 1484 contra
454 1457 574 1494 quam
602 1442 757 1482 Auctor
783 1441 1005 1490 Ghronici,
1037 1443 1104 1494 qui
1133 1443 1182 1482 ad
1211 1456 1272 1483 111.
1330 1442 1430 1484 vide
1459 1442 1744 1482 Constantino-

282 1500 406 1554 polim
439 1499 586 1540 Christ.
615 1499 681 1540 lib,
712 1513 768 1539 lv.
796 1505 892 1539 sect.
918 1513 961 1539 v.
987 1513 1027 1540 n.
1056 1513 1084 1539 1.

405 1559 493 1607 Pag-
515 1556 612 1600 542
646 1559 715 1598 20.
776 1558 838 1596 Εν
869 1551 989 1612 Ρωμῃ
1000 1557 1015 1607 ]
1057 1555 1166 1596 Diem
1196 1560 1309 1595 notat
1337 1553 1508 1595 idatius:
1548 1553 1604 1594 Et
1629 1556 1742 1593 intro-

283 1616 351 1653 ivit
371 1613 596 1654 Constantius
625 1617 720 1662 Aug.
745 1612 882 1652 Romae
910 1626 965 1655 xv.
995 1613 1082 1654 Kal.
1113 1612 1262 1662 Maias,
1289 1615 1324 1650 et
1349 1611 1461 1652 edidit
1480 1623 1611 1651 xxxv.
1662 1607 1746 1650 ‘Ubi

286 1670 361 1722 leg.
392 1684 462 1712 xx.
490 1684 562 1710 seu
590 1669 829 1709 vicennalia.

400 1730 494 1777 Pag-
527 1726 620 1769 543.
651 1729 689 1768 3
747 1725 987 1778 Δατιανοῦ]
1029 1725 1252 1776 Victorius,
1295 1726 1487 1765 Titianus:
1525 1722 1746 1762 Cerealium

284 1795 383 1822 vero
415 1782 628 1837 Κερέλλιον
655 1782 765 1824 Fasti
794 1782 1022 1822 Savillianix
1061 1755 1252 1823 Vossiani’
1277 1778 1506 1836 Καρᾶλλιον
1535 1792 1746 1833 perperam

283 1845 445 1879 vocant.

400 1897 493 1944 Pag·
524 1893 618 1937 543.
649 1898 686 1937 6.
745 1891 944 1947 Σεισμός]
987 1893 1107 1934 Hunc
1145 1902 1279 1936 terrae
1320 1899 1470 1933 motum
1506 1892 1558 1931 ad
1599 1904 1769 1932 annum.

286 1951 685 1997 cccnv111,referuut
714 1950 854 1991 Victor
883 1950 1039 1990 Schotti
1068 1950 1109 1990 in
1138 1951 1235 2002 Pio,
1284 1950 1515 1991 Ammianus
1541 1948 1611 1990 lib.
1638 1961 1746 1990 xvu·

285 2006 555 2060 Hieronymus
583 2008 625 2045 in
654 2006 800 2048 Chron.
839 2009 1021 2045 Socrates
1056 2007 1126 2045 lib.
1155 2021 1201 2045 11.
1239 2021 1327 2059 cap.
1355 2020 1468 2047 xxxt-
1506 2011 1546 2047 et
1580 2004 1747 2054 matius,

287 2064 357 2115 qui
387 2064 491 2103 diem
522 2069 636 2102 notat
664 2062 1022 2116 v1111.Septembr.
1054 2063 1103 2104 de
1134 2077 1213 2115 quo
1244 2070 1365 2115 agunt
1395 2069 1604 2116 praeterea
1625 2061 1747 2099 Liba-

284 2120 375 2159 nius
413 2121 453 2158 in
491 2120 709 2169 Monodia,
750 2121 916 2158 Orosius
951 2119 1020 2158 lib.
1048 2134 1120 2159 vn.
1159 2134 1247 2172 cap.
1281 2134 1397 2160 xxxx.
1429 2126 1467 2159 et
1511 2118 1591 2165 alii.
1645 2117 1746 2156 Vide

286 2177 479 2228 Scaliger.
511 2178 564 2216 ad
593 2176 739 2217 Chron.
769 2176 959 2228 Eusebii‚
987 2183 1027 2218 et
1048 2176 1386 2243 Gotthofredum
1374 2191 1416 2215 m
1434 2175 1622 2217 Chronol.
1644 2173 1744 2217 cod.

284 2232 437 2274 Theod.

401 2293 494 2339 Pag.
524 2288 619 2332 548.
650 2291 690 2331 9.
748 2286 994 2342 Γρατιανός]
1037 2288 1165 2330 Aliter
1193 2289 1343 2330 Idatius
1371 2288 1450 2329 hoc
1478 2301 1584 2328 anno
1612 2285 1745 2340 quoad

285 2344 409 2385 diem:
439 2346 512 2384 His
532 2346 626 2386 Coss.
648 2350 758 2386 natas
784 2350 836 2387 est
863 2346 1065 2387 Gratianus
1079 2347 1187 2399 filim
1206 2348 1389 2398 Augusti,
1428 2346 1667 2386 Vatmtimani
1689 2343 1748 2385 die

284 2415 371 2442 xxv.
397 2403 485 2441 Kal.
502 2402 643 2441 Maias.

403 2461 495 2509 Pag.
529 2459 624 2500 543.
659 2462 725 2501 10.
779 2454 868 2499 Αὕτ
931 2461 995 2514 τῷ
1009 2457 1110 2510 ἔτει]
1141 2457 1322 2499 Totidem
1340 2456 1567 2499 habentur
1555 2470 1596 2498 ω
1618 2456 1746 2498 Pastis

285 2514 423 2565 Idatii,
454 2514 524 2567 qui
553 2514 596 2554 in
625 2527 761 2554 mense
790 2521 831 2555 et
847 2474 970 2555 ἕ,
891 2529 926 2554 e
955 2529 1164 2567 processus
1192 2514 1391 2555 Chronico
1418 2527 1500 2554 nou
1528 2513 1746 2555 consentit:

287 2572 343 2612 Et
363 2574 440 2624 ipso
465 2585 556 2612 anno
582 2575 732 2623 primum
761 2574 931 2623 processit
960 2572 1291 2623 Constantinopolim
1320 2569 1530 2622 Praefectue
1553 2570 1660 2611 Urba
1685 2583 1747 2611 m>-

288 2631 379 2669 mim
408 2628 634 2678 Honoratus,
666 2628 724 2668 die
752 2628 1225 2668 111.1d.Decembr.1ta
1255 2627 1348 2668 alibi
1380 2627 1500 2666 semel
1530 2640 1576 2668 ac
1601 2625 1748 2668 iterum

290 2683 624 2738 Constantinopolim
654 2698 727 2737 pro
757 2684 1060 2737 Constantinopoli
1087 2690 1270 2736 usurpat,
1300 2697 1439 2725 vocem
1463 2696 1559 2725 vero
1579 2686 1748 2735 prinum,

289 2742 334 2784 ἐν
355 2739 550 2797 πρώτοις,
579 2741 644 2781 hic
673 2741 897 2808 exponitur.

407 2802 501 2849 Pag.
531 2773 624 2842 543
655 2801 720 2841 11.
779 2794 954 2849 Ρώμης]
996 2795 1415 2848 Idatius,Pr‹1csectus
1450 2796 1586 2846 Urba,
1624 2795 1744 2844 nude,

293 2854 443 2895 scilicet
482 2854 965 2908 Constantinopolitanae,
1014 2859 1061 2895 ut
1103 2859 1161 2895 est
1202 2853 1308 2907 opud
1356 2854 1562 2895 Socratem
1601 2852 1689 2894 lib.
1699 2865 1744 2892 11.
