1820 3276
277 215 377 263 380
837 214 1156 259 NOTAE

278 327 328 365 de
358 340 435 377 qua
464 325 622 377 quidem
654 326 782 364 Cruce
813 332 933 377 agunt
962 326 1107 378 passim
1137 327 1390 379 Scriptores,
1436 341 1481 366 ac
1517 328 1557 366 in
1597 327 1735 379 primis

278 383 566 432 Philostorgius
604 382 675 421 lib.
707 396 767 420 111.
811 397 897 435 cap.
924 397 1039 423 xxvl.
1088 384 1327 421 Sozomenus
1365 382 1434 421 lib.
1462 398 1524 422 111.
1563 397 1650 436 cap.
1679 397 1734 422 ιν.

126 435 158 471 V
186 434 255 474 489
280 441 432 480 Auctor
459 439 564 477 vitae
594 440 631 478 S.
664 438 852 489 Artemii,
883 446 956 479 etc.
1015 441 1067 479 At
1104 454 1193 478 cum
1229 439 1272 477 id
1301 439 1493 479 accidisse
1523 440 1586 478 die
1614 441 1736 478 Festo

276 498 528 535 Pentecostes
558 494 737 545 dicatur,
769 496 837 546 qui
867 509 970 534 anno
1002 509 1124 535 cocu.
1156 496 1198 534 in
1226 510 1310 536 xxx.
1341 495 1430 534 Maii
1458 496 1626 544 incidit,
1665 496 1736 548 qui
1791 516 1794 519 r

276 552 363 591 fieri
392 558 524 604 potest
561 557 606 589 ut
644 565 706 591 111.
736 552 824 592 Kal.
870 552 981 593 Febr.
1022 552 1159 591 eodem
1197 566 1301 590 anno
1341 553 1579 603 contigerit,
1625 552 1735 604 quod

276 610 364 648 vult
394 609 565 657 idatius,
602 609 657 647 ita
688 608 882 649 scribens:
914 610 969 649 Et
995 612 1165 660 apparuit
1189 612 1230 648 in
1262 610 1406 647 Oriente
1436 612 1579 660 signum
1600 608 1735 647 Salva-

277 668 365 704 toris
383 665 439 703 die
456 678 518 703 111.
534 665 618 703 Kal.
637 665 876 716 Februarias,
905 666 1016 704 Luna
1035 679 1184 706 xxvm.

319 747 321 749 ·
391 719 486 772 Pag.
517 720 611 763 540.
646 723 710 763 18.
767 721 975 773 Στέφανος
1005 721 1059 770 ὥς
1086 721 1115 774 ἡ
1146 719 1245 774 ἶρις]
1290 723 1451 759 Sueten.
1479 722 1520 759 in
1554 720 1735 772 Augusto

277 793 365 831 cap.
392 792 483 816 xcv.
513 778 670 830 Repente
687 779 822 830 liquido
841 793 885 818 ac
909 792 1001 830 puro
1021 792 1136 816 sereno
1156 779 1308 817 circulus
1333 778 1382 816 ad
1408 780 1552 829 speciem
1579 778 1738 817 caelestis

279 837 393 875 Arcus
419 837 530 873 orbem
556 834 655 873 Solis
676 836 811 874 ambiit.
867 835 944 873 Ubi
974 835 1240 874 consulendus
1270 834 1536 874 casaubonus.

394 891 488 936 Ibid.
551 891 631 931 Καὶ
651 894 703 946 τῇ
726 888 833 947 αὐτῇ
857 888 966 947 ω’ρᾳ]
998 891 1074 930 Sed
1102 891 1145 929 id
1175 904 1303 943 neque
1326 904 1467 929 verum
1485 903 1570 929 esse
1589 894 1736 942 potest,

280 962 370 987 cum
399 949 605 987 Mursense
629 948 823 1000 praelium
852 948 1063 999 contigerit
1092 948 1166 986 sub
1205 946 1323 986 finem
1353 947 1566 995 Autumni,
1604 952 1651 985 ut
1680 952 1739 984 est

280 1004 390 1058 apud
417 1005 611 1042 sulianum
644 1004 752 1045 Orat.
781 1018 797 1042 1
839 1005 900 1043 vel
931 1011 1038 1043 certe
1067 1018 1124 1046 1v.
1147 1004 1237 1044 Kal.
1270 1003 1434 1043 Octobr.
1455 1004 1596 1042 eodem
1621 1015 1736 1051 anno,

280 1068 326 1100 ut
361 1061 464 1100 idem
493 1061 644 1099 Idatius
685 1061 842 1100 scribit:
879 1062 952 1101 His
982 1062 1076 1101 Coss.
1101 1062 1232 1100 ‘bellum
1266 1060 1475 1111 Magnentii
1498 1060 1582 1112 fuit
1609 1058 1739 1098 Mersa

279 1119 337 1157 die
355 1132 413 1157 1v.
432 1118 517 1156 Kal.
539 1119 679 1156 Octobr.

393 1173 489 1224 Pag.
518 1173 613 1216 541.
642 1175 682 1216 4.
745 1172 798 1215 Τό
838 1171 911 1226 ζ’.]
959 1175 1049 1226 Leg.
1080 1170 1121 1215 ε’.
1193 1173 1253 1213 Ita
1295 1173 1396 1212 enim
1437 1172 1545 1211 Fasti
1584 1183 1738 1210 omnes:

278 1232 483 1271 Constantio
508 1245 545 1269 v.
581 1235 616 1269 et
643 1230 844 1269 Constantio
871 1232 1031 1270 Caesare.
1091 1229 1294 1269 Paschalis
1329 1230 1547 1268 Paterculus
1578 1234 1739 1266 centum

278 1301 493 1326 annorum:
526 1287 730 1325 Constantio
748 1301 787 1327 v.
806 1291 840 1325 et
861 1288 1066 1326 Constantio
1086 1288 1239 1325 Iuniore.
1299 1286 1521 1335 Victorius,
1554 1286 1737 1333 Senator,
1807 1280 1811 1290 ¹

258 1347 314 1383 *et
343 1345 461 1394 Leges
490 1343 644 1397 aliquot
673 1343 769 1382 cod.
791 1343 941 1383 Theod.
972 1350 1015 1381 ut
1031 1349 1071 1382 et
1094 1342 1173 1381 hoc
1197 1341 1448 1390 chronicon,
1471 1342 1737 1380 Comtantiov.

276 1406 310 1440 et
339 1401 535 1439 Constante.
595 1400 648 1438 At
681 1401 897 1438 laterculus
940 1400 1066 1438 Praef.
1105 1399 1221 1438 Urbi:
1262 1400 1428 1437 Decentio
1461 1403 1494 1437 et
1520 1397 1658 1445 Paulo,
1688 1410 1739 1436 ex

276 1463 391 1511 parte
421 1457 572 1495 scilicet
601 1456 829 1507 magnentii.
889 1457 1007 1508 Apud
1034 1455 1315 1505 Holstenium,
1352 1454 1420 1495 καὶ
1452 1453 1739 1498 Κωνσταντίου
1809 1462 1813 1464 “

277 1515 396 1555 ναίου
420 1529 465 1555 το
496 1510 544 1554 κ’.
571 1513 771 1552 scribitur.
830 1513 935 1552 Fasti
972 1512 1174 1565 Vossiaui‚
1211 1511 1280 1553 καὶ
1304 1485 1589 1552 'Kmvmavu'ov
1620 1510 1739 1551 ναίον

277 1587 321 1612 το
345 1567 390 1612 α’.
449 1571 610 1609 Rectius
641 1571 675 1609 si
702 1570 900 1609 scribatur
926 1568 1032 1610 νέου.
1366 1584 1380 1593 ⁴

392 1625 490 1677 Pag.
522 1626 615 1668 541.
647 1630 684 1669 6.
749 1625 801 1668 Τό
824 1622 896 1679 η’.]
936 1627 1025 1677 Leg.
1057 1641 1102 1666 το
1131 1621 1175 1672 ς’.
1233 1595 1299 1663 Sic
1337 1624 1439 1663 euim
1470 1630 1628 1676 praeter
1663 1623 1738 1662 Fa·
1788 1634 1801 1639 ‘

280 1690 382 1733 stos,
424 1685 608 1722 Socrates
636 1683 704 1723 lib.
734 1697 776 1721 11.
807 1696 895 1736 cap.
924 1695 1055 1721 xxxn.
1086 1682 1129 1722 ἐν
1154 1682 1326 1753 Tua-cela
1354 1684 1430 1721 τοῦ
1456 1680 1739 1721 Κωνσταντίου

280 1738 324 1781 τὸ
349 1740 482 1789 εκτον,
511 1739 578 1780 καὶ
600 1741 881 1781 Κωνσταντίου
898 1742 973 1780 τοῦ
994 1736 1148 1779 Γάλλου
1165 1736 1210 1779 τό
1229 1723 1426 1791 δεύτερον.
1456 1738 1507 1776 At
1533 1750 1608 1790 pro
1629 1737 1738 1775 Con-

280 1797 426 1835 stantio
457 1797 651 1845 Caesare,
702 1797 922 1835 Constantem
961 1795 1080 1835 etiam
1117 1795 1253 1846 legunt
1293 1794 1446 1846 aliquot
1485 1794 1609 1845 Leges
1640 1792 1738 1832 eod.

280 1852 432 1891 Theod.
457 1853 659 1891 Victorius
688 1859 727 1891 et
747 1855 934 1901 Senator,
964 1859 1009 1891 ut
1038 1858 1076 1891 et
1106 1851 1148 1890 in
1178 1852 1264 1890 aliis
1294 1851 1472 1903 ejusdem
1503 1850 1610 1888 Galli
1627 1849 1741 1888 Con-

278 1909 503 1959 sulatibus,
531 1909 630 1948 adeo
659 1915 706 1948 ut
736 1911 966 1978 piomiscue
995 1908 1053 1947 sic
1083 1909 1328 1974 appellatum
1357 1920 1455 1945 vero
1486 1906 1614 1945 simile
1646 1905 1712 1945 sit.

384 1968 488 2016 Pag·
519 1965 612 2008 541.
645 1968 683 2008 8
749 1963 802 2007 To
825 1962 896 2017 θ’.]
936 1966 1027 2015 Leg.
1057 1979 1102 2005 το
1135 1961 1181 2012 ζ’.
1219 1963 1420 2015 quomodo
1449 1963 1558 2001 Fasti
1587 1975 1739 2012 omnes,

280 2021 350 2060 nbi
381 2022 477 2062 Cod
507 2021 659 2061 Theod.
688 2022 889 2061 Victorius
920 2027 959 2060 et
988 2023 1156 2059 Senator
1186 2034 1262 2073 pro
1301 2020 1533 2059 Constantio
1573 2019 1740 2059 Caesare

282 2079 502 2119 Constantem
534 2079 791 2130 praeferunt,
821 2078 880 2118 uti
905 2078 1140 2116 monuimus.

263 2174 265 2180 s
396 2135 711 2186 Pae-541.10.
769 2138 832 2176 Εν
858 2131 986 2190 τούτω
1014 2137 1074 2190 τῷ
1099 2132 1197 2184 ἔτει]
1238 2133 1445 2185 perperam
1476 2145 1603 2170 annus
1632 2131 1740 2171 necis

281 2191 492 2239 Magnentii
522 2191 585 2240 his
613 2192 736 2232 Coss(
753 2191 989 2242 ascribitur,
1032 2204 1133 2242 quae
1173 2189 1319 2228 accidit
1359 2189 1591 2228 Constantio
1616 2202 1672 2228 vl.
1700 2195 1741 2230 et

282 2247 515 2286 Constantio
558 2239 724 2287 Caesare
755 2248 861 2290 Coss.
898 2253 946 2286 ut
985 2253 1044 2286 est
1083 2246 1190 2298 apud
1229 2248 1431 2285 Socratem
1467 2245 1538 2284 lib.
1568 2259 1612 2285 u.
1650 2258 1740 2298 cap.

280 2316 412 2342 xxvii.
443 2310 482 2343 et
511 2304 681 2342 idatium
711 2305 752 2342 in
784 2305 930 2352 Fastis,
965 2306 1034 2356 qui
1066 2303 1170 2342 diem
1201 2302 1447 2354 consignavit
1475 2315 1537 2341 111.
1562 2302 1619 2340 [d.
1641 2301 1739 2353 Aug.

282 2368 424 2398 contra
455 2373 569 2411 quam
599 2361 754 2399 Auctor
783 2360 973 2400 chronici
1003 2360 1072 2412 qui
1101 2374 1156 2398 xv.
1180 2358 1320 2398 habet:
1351 2359 1425 2398 His
1445 2359 1538 2398 Coss.
1559 2357 1740 2408 Magnen-

235 2444 237 2446 -
282 2419 356 2461 tius
388 2429 424 2455 se
452 2416 628 2467 interfecit
655 2420 693 2455 in
713 2418 849 2457 Galliis
867 2418 966 2469 apud
980 2417 1201 2467 Lugdunum
1228 2417 1284 2454 die
1302 2429 1363 2453 111.
1384 2414 1444 2453 Id.
1465 2415 1562 2464 Aug.
1599 2415 1649 2452 At
1667 2414 1740 2453 De-

255 2487 269 2498 ¹
283 2475 419 2512 centius
437 2472 559 2524 frater
577 2472 791 2523 Magnentii
808 2475 933 2526 laqueo
953 2487 990 2512 se
1009 2472 1187 2524 suspendit
1203 2485 1274 2512 xv.
1294 2471 1380 2510 Kal.
1405 2471 1503 2522 Sept.
1540 2469 1618 2508 Ubi
1639 2472 1739 2509 Sca-

282 2529 403 2580 liger:
442 2529 570 2577 Valde,
599 2530 748 2581 inquit,
779 2533 926 2569 turbant
955 2531 1016 2570 illi
1038 2530 1256 2580 Scriptores,
1286 2528 1369 2566 dum
1393 2527 1488 2565 alius
1509 2527 1678 2566 Mur-sam
1700 2530 1740 2568 in

286 2585 416 2624 Gallia
451 2588 582 2638 ponit,
628 2583 843 2639 (Socrates
871 2588 959 2626 loco
989 2582 1178 2639 laudato)
1216 2585 1312 2622 alius
1335 2583 1589 2634 Magnentium
1609 2589 1741 2636 puncto

286 2644 447 2695 temporis
471 2644 509 2680 in
538 2655 666 2692 agrum
686 2642 958 2692 Lugdunensem
986 2643 1124 2680 volasse
1145 2641 1279 2679 scribit.
1338 2640 1455 2692 Atqui
1489 2640 1641 2679 Auctor
1662 2654 1739 2680 no-

286 2704 368 2738 ster
397 2699 524 2738 solum
553 2699 697 2749 fugisse
726 2699 886 2749 scribit,
932 2711 1004 2736 nec
1041 2697 1202 2735 omnino
1240 2696 1395 2735 abludit
1425 2697 1604 2735 Orosius.
1661 2697 1739 2737 Sed

284 2754 403 2794 fidem
433 2768 512 2794 non
540 2761 714 2794 meretur
744 2756 937 2807 Georgius
964 2753 1236 2803 Hamartolus,
1268 2753 1336 2804 qui
1366 2759 1529 2793 matrem
1555 2753 1670 2791 etiam
1700 2759 1741 2793 et

286 2810 449 2850 fratrem
478 2814 591 2864 prius
630 2812 818 2851 occidisse
856 2811 1018 2860 scribit,
1069 2808 1224 2849 tametsi
1264 2810 1496 2849 Decentium
1535 2810 1739 2848 Caesarem

286 2867 428 2921 laqueo
455 2881 497 2909 se
527 2868 778 2922 suspendisse
815 2883 909 2908 mox
951 2867 1091 2907 addat:
1140 2879 1219 2918 quo
1259 2866 1367 2919 turpi
1405 2872 1443 2906 et
1480 2865 1739 2918 ignominioso
