1884 3262
527 209 586 252 IN
621 209 950 253 CHRONICON
983 209 1273 252 PASCHALE.
1548 207 1646 254 241

288 319 386 371 Pag.
416 320 484 363 51.
515 322 553 361 6.
610 320 673 368 Εξ
709 313 761 360 οὗ
785 319 946 372 Λυδοὶ]
992 320 1140 359 Gentes
1184 327 1223 360 et
1263 319 1442 359 nationes
1478 333 1529 359 ex
1557 319 1651 358 filiis

175 377 358 415 Mesraim
390 383 502 415 ortae
532 376 679 415 desunt
708 376 815 427 apud
846 378 1101 429 syncellum,
1131 376 1394 429 Logothetain
1426 383 1466 416 et
1495 377 1654 415 Cedre-

174 447 292 483 num,
323 434 430 485 apud
475 446 576 483 quos
607 432 829 485 apponitur
859 441 951 472 nota
983 434 1190 473 desectus:
1237 434 1308 473 sed
1337 433 1538 473 habentur
1565 440 1651 472 tum

154 490 216 528 vin
247 490 328 528 hoc
363 490 587 539 Chronico,
617 497 702 528 tum
730 490 773 527 in
803 490 1106 540 Alexandrino,
1137 498 1177 530 et
1204 491 1312 543 apud
1341 491 1623 544 Hippolytum.

289 547 386 598 Pag.
424 549 490 591 51.
522 551 582 590 7..
618 546 898 600 Αἰνεμετιεὶμ]
938 547 1147 599 Hippolyt.
1178 548 1370 586 Enemim:
1406 549 1581 600 Syncell.
1613 554 1653 586 et

183 603 351 654 Lugoth.
387 603 622 656 Νεμετιεὶμ·
655 603 823 642 Cedren.
858 605 1112 656 Νεμεστιείμ.
1171 605 1217 642 In
1247 604 1310 643 his
1340 618 1437 644 vero
1467 605 1650 644 Mesraim

172 661 426 700 recensendis
453 660 546 699 filiis
586 667 727 712 peccat
763 675 846 698 non
885 661 1008 699 semel
1051 661 1204 700 Auctor
1243 661 1435 700 Chronici
1475 662 1650 701 Alexan-

173 717 292 758 drini.
351 717 453 758 Vide
483 718 633 756 Salian.
663 731 726 756 an.
756 717 924 756 laudato
954 731 992 755 n.
1020 731 1134 757 vax.

288 775 386 825 Pag.
417 776 485 817 51.
514 777 553 816 9.
615 771 797 827 Φρύγες]
839 774 936 813 Cod.
966 774 1096 812 Vatic.
1129 769 1325 827 Φρύγαις.

289 834 382 882 Pag.
412 832 481 874 51.
512 834 578 874 10.
637 830 827 884 Κρίταις]
859 830 1061 883 Epiphan.
1094 833 1261 884 Κρῆτες.

290 890 382 938 Pag.
412 889 481 931 51.
515 892 580 929 11.
640 887 919 940 Χασλωνιεὶμ]
944 888 1090 926 Salian.
1120 901 1224 926 anno
1254 887 1418 926 laudato
1448 902 1489 927 n.
1517 901 1649 926 van.

289 948 384 995 Pag.
413 944 486 987 51.*
513 947 578 987 13.
637 944 937 998 Χαφθοριεὶμ]
982 945 1155 997 Syncell.
1195 951 1235 983 et
1274 944 1442 984 Cedren.
1474 947 1650 996 Χαφθο-

170 1001 301 1055 νιεὶμ·
351 1000 570 1053 Logotheta
598 1003 868 1055 Χαφθιριείμ..

284 1058 380 1098 lhid.
441 1052 641 1111 Κῆλικες]
674 1059 763 1109 Leg.
796 1059 980 1107 Κίλικες·
1013 1058 1159 1109 Cilicii,
1184 1059 1225 1096 in
1245 1057 1448 1096 Chronico
1479 1058 1651 1097 Alexan-

172 1116 302 1156 drino.
1054 1132 1062 1139 ’

289 1177 380 1224 Pag.
411 1172 481 1214 51.
523 1175 588 1215 17.
646 1170 871 1224 Χετταῖον]
911 1171 1137 1225 Supplendi
1175 1171 1388 1223 Syncellus
1427 1177 1466 1210 et
1497 1170 1650 1210 Cedre-

171 1245 248 1270 nus
281 1244 331 1269 ex
371 1229 572 1268 Chronico
603 1228 784 1268 Paschali
805 1259 816 1278 ‚
855 1229 897 1278 ἐξ
928 1224 980 1270 οὗ
1019 1225 1243 1282 Δάρδανοι.
1323 1228 1403 1266 Sed
1438 1241 1650 1280 perperam

170 1295 342 1340 uterque
381 1286 503 1325 habet
545 1289 768 1326 Χατταῖον·
825 1285 869 1323 in
909 1286 1077 1336 reliquis
1114 1285 1208 1324 filiis
1245 1284 1471 1334 Chanaam,
1513 1285 1650 1337 quoad

171 1352 326 1396 gentes,
367 1358 458 1383 cum
501 1343 641 1382 eodem
673 1342 872 1381 Chronico
901 1342 928 1380 ii
959 1356 1039 1381 non
1070 1342 1336 1381 consentiunt.

289 1405 382 1452 Pag.
414 1402 482 1444 52.
515 1403 553 1442 1.
613 1398 871 1453 Αρουκαῖον]
901 1399 961 1438 Ita
990 1399 1156 1437 caeteri:
1188 1398 1437 1450 Hippolytus
1456 1398 1651 1435 Araceum:

171 1459 282 1497 solus
314 1459 518 1497 cedrenus
547 1459 758 1511 Αροῦκον,
788 1462 836 1494 ut
867 1456 994 1506 infra,
1024 1457 1191 1509 Αραδον
1211 1469 1285 1507 pro
1305 1451 1486 1508 Αράδιον
1505 1453 1649 1493 habet:

171 1529 252 1568 quo
290 1516 383 1554 loco
422 1516 595 1565 Syme6n
634 1512 855 1564 Logotheta
894 1526 1108 1564 perperam
1132 1511 1250 1562 legit,
1290 1507 1494 1565 Αρᾶβιος,
1525 1510 1566 1559 ἐξ
1599 1506 1652 1551 οὗ

168 1569 359 1627 Αράβιοι.
420 1571 517 1610 Vide
546 1571 690 1610 Saliari.
721 1584 825 1608 anno
853 1570 1019 1608 laudato
1049 1584 1087 1607 n.
1116 1583 1245 1610 Lxxx.

286 1633 380 1680 Pag.
409 1630 477 1671 52.
508 1632 546 1672 2.
605 1625 856 1678 Ασενναῖον]
888 1627 1001 1666 Idem
1031 1626 1178 1664 salian.
1207 1640 1245 1664 n.
1275 1638 1417 1664 Lxxix.

287 1689 381 1736 Pag.
412 1688 478 1729 52.
522 1688 562 1727 3.
623 1688 824 1737 Ρωμαῖοι,
862 1683 905 1723 οἱ
932 1682 1002 1724 καὶ
1031 1682 1234 1735 Κιτιαῖοι]
1299 1683 1434 1722 Citiaei
1470 1679 1570 1718 dicti
1607 1678 1649 1728 ἔξ

170 1743 311 1791 Κίτιυς
338 1742 422 1781 filio
451 1742 593 1781 Jovan.
655 1741 756 1780 Vide
785 1739 950 1779 Suidam
980 1740 1022 1778 in
1051 1744 1236 1780 Λατῖνοι.

286 1803 379 1851 Pag.
409 1800 478 1842 52.
509 1799 547 1842 5.
605 1795 782 1851 Αβαθή]
831 1797 1044 1850 syncellus
1074 1803 1115 1836 et
1145 1796 1216 1836 alii
1244 1797 1454 1849 Αμαθεῖς·
1494 1793 1648 1846 Hippo-

167 1857 279 1909 lytus
307 1858 464 1896 Amatlu'.

284 1917 378 1965 Pag.
409 1917 477 1957 52.
506 1914 544 1954 9.
608 1908 666 1951 To?
686 1909 759 1963 μὲν
786 1907 878 1964 ’ὅρια
905 1912 987 1951 τῶν
1008 1909 1114 1951 υἱῶν
1144 1912 1220 1951 τοῦ
1245 1906 1366 1962 Χᾶμ]
1399 1907 1511 1955 Vide¹
1530 1907 1648 1945 Ano-

170 1985 337 2025 nymum
367 1972 638 2009 Ravennatem
667 1968 737 2007 lib.
766 1982 829 2007 111.
858 1973 954 2006 sect.
984 1981 1057 2006 xn.

287 2031 382 2079 Pag.
411 2028 479 2069 52.
514 2029 579 2069 13-
618 2024 701 2065 Καὶ
724 2023 835 2078 ἑτέρα
852 2023 1081 2076 Αἰθιοπία]
1111 2023 1336 2074 Utramque
1354 2020 1460 2059 hanc
1482 2019 1648 2058 Aethio-

169 2086 278 2139 piam
309 2085 367 2123 sic
399 2082 550 2122 indicat
580 2082 773 2134 Georgius
802 2080 986 2120 Monach.
1017 2081 1061 2119 in
1091 2079 1238 2118 Chron.
1269 2079 1351 2117 MS.
1391 2078 1598 2117 Αἰθιοπία
1619 2075 1649 2128 ἡ

172 2141 376 2196 βλέπουσα
395 2136 495 2182 navo?
516 2136 681 2186 Ινδοῦς·
714 2137 826 2191 ἑτέρα
845 2138 1053 2179 Αἰθιοπία
1086 2134 1189 2178 ὅθεν
1211 2131 1471 2187 ἐκπορεύεται
1489 2132 1511 2174 ὁ
1526 2148 1648 2173 ποτα-

172 2197 248 2252 μός
267 2202 348 2239 τῶν
369 2191 599 2238 Αἰθιόπων.
660 2195 738 2233 Sed
769 2195 818 2234 de
848 2194 1004 2246 duplici
1035 2192 1245 2245 Aethiopia
1278 2191 1551 2230 consulendus
1575 2190 1644 2228 Pe·

170 2256 304 2295 tavius
344 2255 396 2294 ad
433 2251 703 2306 Epiphaniam
742 2265 830 2303 pag.
859 2255 956 2293 371.
984 2256 1191 2302 praeterea
1220 2250 1458 2300 Anonymus
1486 2248 1647 2285 Raven-

171 2327 267 2365 nas,
297 2312 368 2364 qui
400 2311 534 2364 plures
564 2307 797 2360 Aethiopias
826 2313 1018 2345 recenset.

289 2372 380 2419 Pag.
410 2368 480 2410 52.
512 2365 576 2409 14.
626 2364 710 2409 Καὶ
738 2360 883 2416 Γήων]
915 2363 1041 2402 Addit
1068 2365 1223 2402 Auctor
1251 2361 1443 2411 Ecloges:
1473 2356 1650 2418 Ερυθρᾷ

171 2426 202 2480 ἦ
238 2425 442 2479 βλέπουσα
470 2420 572 2475 κατοὶ
611 2418 832 2471 ἅνατολοῖς,
873 2421 1031 2472 Θηβαΐς
1050 2450 1061 2469 ,
1090 2415 1230 2472 Λιβύη
1270 2416 1300 2471 ἡ
1335 2417 1649 2470 παρεκτείνουσα

173 2483 284 2537 μέχρι
320 2478 546 2535 Κυρήνης,
578 2477 822 2533 Μαρμαρὶς,
853 2473 1032 2530 Σύρτις,
1058 2472 1201 2529 Λιβύη
1236 2473 1267 2527 ἦ
1304 2470 1385 2515 ἀπὸ
1415 2471 1646 2524 Ποταμέως,

171 2540 486 2592 παρεκτείνουσα
522 2535 657 2590 μέχρις
690 2533 817 2587 ἄκρας
858 2530 1068 2587 Σύρτεως,
1105 2532 1344 2585 Νουμηδία,
1386 2528 1643 2581 Μασσουρὶς,

173 2593 345 2651 Σύρτις,
381 2590 548 2648 Λιβύη,
587 2592 852 2647 Μαυριτανία
885 2591 1199 2644 παρεκτείνουσα
1230 2586 1364 2642 μέχρις
1391 2588 1647 2640 Ηρακλεωτι-

171 2656 259 2694 κῶν
296 2655 453 2704 στηλῶν
485 2649 696 2691 κατέναντι
717 2649 936 2702 Γαδείρων.

289 2712 382 2760 Pag-
412 2709 478 2751 52.
511 2709 574 2751 15.
634 2704 924 2760 Κορκυρίνης]
973 2705 1066 2754 Leg.
1096 2709 1142 2741 ut
1178 2701 1221 2739 in
1250 2698 1421 2749 Eeloge,
1464 2703 1504 2737 et
1532 2697 1642 2749 apud

173 2764 341 2818 Logoth.
358 2765 552 2817 Κυρίνης.
608 2763 742 2815 Atque
770 2763 827 2801 ita
857 2760 1168 2801 emendavimus.

289 2824 383 2873 Pag-
411 2823 479 2865 52.
510 2823 575 2863 16.
617 2822 923 2873 Νασσαμῶνας,
950 2814 1149 2868 Μᾶκους]
1183 2812 1395 2867 syncellus
1424 2817 1464 2851 et
1491 2809 1648 2850 Cedre-

238 2948 432 2994 Clzronicon
456 2947 628 2984 Paschae
655 2948 726 2982 vol.
748 2948 800 2985 II.
1314 2939 1367 2979 16
