1884 3262
8 2771 19 2794 ἢ,

530 178 799 242 cimorum
831 198 1141 248 PAscfflus.
1477 200 1575 249 115

97 306 272 360 triplicia
303 313 418 346 sunt:
443 307 511 348 vel
540 309 646 347 enim
676 309 896 348 secundum
925 310 1136 350 nationum
1168 309 1412 351 differentias
1429 343 1440 360 ,
1472 326 1575 366 quae

97 365 257 403 eosdem
286 364 436 420 habent
464 379 588 405 annos
618 365 668 404 ab
697 366 838 406 eodem
867 374 1033 419 coeptos
1064 368 1294 421 principio,
1323 369 1394 409 sed
1424 370 1467 408 in
1494 384 1574 410 no-

95 421 272 460 minibus
301 422 506 471 diversos,
546 423 614 462 vel
645 424 761 463 etiam
802 424 842 461 in
881 425 1110 464 nominibus
1139 432 1178 464 et
1214 425 1336 464 rebus
1355 457 1368 476 ,
1407 440 1500 466 cum
1529 427 1575 467 in

95 479 322 518 nominibus
360 479 535 526 scilicet,
588 480 631 519 in
661 494 858 519 annorum
896 487 1032 520 autem
1061 481 1188 521 initiis
1218 482 1376 522 duobus
1404 484 1470 523 vel
1498 483 1574 524 tri-

94 535 190 585 bus,
220 542 290 574 aut
319 536 372 575 ad
400 537 622 588 plurimum
650 537 693 576 in
722 544 878 591 septem
907 537 1047 577 diebus
1072 538 1331 590 dissentiant,
1362 541 1458 580 dum
1477 541 1574 581 anni

93 593 160 630 vel
192 593 335 631 mensis
362 600 623 646 praevertunt
649 593 789 645 initia,
829 608 876 633 ac
914 595 1088 647 denique
1125 596 1167 634 in
1198 597 1402 636 mensibus
1432 598 1573 638 eadem

92 648 332 688 habentibus
377 651 600 704 principia,
649 651 767 690 aliter
805 658 938 690 autem
976 665 1092 691 anno.
1162 653 1331 692 Romani
1375 655 1496 706 igitur
1532 662 1574 695 et

95 706 240 745 Graeci
271 707 406 746 eadem
437 708 633 747 mensium
661 708 813 748 habent
840 709 978 759 initia,
1010 709 1143 748 sedin
1162 710 1394 758 nominibus
1412 718 1573 751 tantum

94 763 295 803 differunt.
357 767 389 803 A
419 766 608 810 Romanis
649 768 800 818 quippe
841 766 912 814 qui
942 772 1116 805 vocatur
1143 766 1318 818 Aprilis,
1357 783 1378 806 a
1410 769 1574 809 Graecis

92 820 319 860 Xanthicus
348 823 597 874 appellatur,
631 822 820 874 idemque
847 822 968 862 habet
994 823 1261 877 principium:
1290 824 1443 877 primus
1467 827 1574 867 enim

93 877 178 917 dies
207 878 400 917 Xanthici
427 879 582 932 primus
613 886 674 919 est
703 880 786 918 dies
820 879 981 932 Aprilis.
1038 880 1223 920 Jamvero
1254 895 1402 920 annum
1431 883 1574 922 ineunt

94 934 239 973 Graeci
270 936 556 988 aSeptembri,
588 937 758 975 Romani
789 943 920 976 autem
949 951 971 975 a
1001 937 1213 988 Januari0‚
1244 938 1383 990 sicque
1404 940 1573 978 Romani

92 998 130 1029 et
160 993 303 1031 Graeci
337 993 475 1031 eadem
505 992 655 1033 habent
687 994 907 1043 mensium,
952 1007 1033 1032 non
1062 1008 1161 1034 vero
1192 1009 1388 1034 annorum
1418 997 1572 1048 princi-

90 1049 171 1100 pia.
217 1051 590 1095 RursumGraecis
625 1057 666 1090 et
694 1051 974 1089 Alexandrinis
1012 1065 1060 1090 ac
1082 1052 1289 1104 Aegyptiis
1319 1052 1458 1091 eadem
1477 1060 1572 1093 sunt

92 1119 292 1144 annorum
321 1106 455 1158 initia,
487 1121 578 1146 cum
609 1108 699 1160 ipso
733 1108 872 1147 eodem
902 1121 1038 1147 mense
1065 1107 1225 1158 Thoth,
1255 1123 1336 1147 non
1356 1123 1454 1149 vero
1487 1110 1572 1149 die-

89 1162 167 1201 bus
196 1163 338 1202 iisdem
369 1178 517 1203 annum
546 1165 693 1204 ineant.
760 1166 841 1204 Sed
871 1179 919 1203 ac
948 1165 1041 1203 anni
1072 1172 1112 1204 et
1141 1165 1380 1204 Indictionis
1410 1167 1568 1206 initium

90 1219 247 1275 ducunt
281 1221 422 1259 Graeci
462 1222 595 1274 primo
633 1222 780 1261 mensis
818 1236 840 1260 a
873 1221 1061 1260 Romanis
1102 1223 1295 1275 appellati
1323 1224 1570 1275 Septembris

90 1277 175 1316 die:
207 1277 467 1317 Alexandrini
497 1285 632 1318 autem
661 1279 837 1330 primum
867 1278 1112 1331 Septembris
1142 1280 1287 1318 mensis
1318 1280 1459 1319 diebus
1490 1281 1568 1320 tri-

89 1334 167 1373 bus
204 1341 504 1387 praevertunt,
559 1349 681 1375 xxxx.
717 1336 874 1374 scilicet
911 1335 1055 1374 mensis
1100 1336 1272 1387 Augusti
1312 1351 1417 1376 anno
1455 1337 1568 1377 inito.

89 1391 290 1430 Differunt
319 1392 437 1430 etiam
468 1392 576 1431 circa
605 1405 781 1442 menses,
812 1392 909 1431 dum
939 1392 1108 1443 singulis
1139 1393 1339 1432 mensibus
1360 1408 1462 1434 xxx.
1483 1394 1569 1433 dies

87 1448 341 1498 adscribunt,
380 1450 438 1488 ita
468 1456 516 1488 ut
546 1462 684 1488 cchx.
715 1449 856 1488 diebus
895 1455 1082 1488 constent
1107 1463 1183 1489 x11.
1217 1463 1356 1490 eorum
1395 1464 1568 1499 menses,

86 1512 190 1558 quot
209 1506 238 1544 ii
269 1506 355 1545 dies
384 1505 622 1545 conficiunt:
652 1507 910 1558 complentur
939 1519 1038 1545 vero
1066 1507 1259 1545 vicesimo
1289 1507 1411 1546 tertio
1440 1508 1569 1559 ipsius

87 1563 256 1614 Augusti
296 1563 410 1602 annis
451 1563 652 1615 singulis,
706 1564 908 1615 aliumque
945 1562 1126 1603 efficiunt
1168 1577 1343 1603 mensem
1386 1565 1568 1616 quinque

86 1619 242 1659 dierum
275 1634 326 1658 ex
353 1620 520 1672 reliquis
553 1634 590 1662 v.
623 1619 788 1669 diebus,
829 1620 983 1660 scilicet
1011 1633 1128 1661 xxxv.
1158 1634 1255 1660 xxv.
1285 1634 1405 1659 xxvn
1433 1635 1567 1660 xxvxi.

86 1683 125 1716 et
155 1672 304 1718 xxvui.
361 1678 402 1716 Si
433 1691 530 1716 vero
571 1677 878 1729 quadriennium
919 1682 1140 1725 occurrat,
1180 1677 1224 1716 id
1255 1683 1316 1716 est
1343 1677 1567 1728 Bissextus,

85 1747 159 1774 sex
186 1734 292 1773 fiunt
319 1733 516 1787 ejusmodi
545 1734 737 1787 Epactae‚
769 1734 827 1774 uti
857 1733 907 1773 ab
936 1734 986 1775 iis
1015 1740 1236 1783 vocantur,
1265 1734 1432 1785 singulis
1463 1749 1568 1787 qua-

85 1791 299 1841 drienniis,
342 1805 417 1830 sex
455 1792 623 1830 dierum.
684 1792 848 1831 Veteres
887 1805 1012 1844 porro
1049 1791 1240 1843 Aegyptii
1274 1796 1440 1831 cccnxv.
1478 1793 1566 1831 dies

85 1849 284 1888 duntaxat
313 1862 416 1887 anno
446 1848 754 1896 adscribebant,
786 1862 870 1886 non
897 1861 995 1888 vero
1027 1861 1193 1889 cccnxv.
1226 1849 1567 1899 quemadmodum

83 1906 277 1955 Romani,
317 1906 482 1956 Graeci,
524 1911 563 1944 et
593 1905 856 1945 Alexandrini
885 1918 958 1957 per
987 1919 1113 1945 annos
1141 1918 1341 1944 mccccnx.
1396 1905 1458 1944 Ac
1487 1906 1568 1958 ipsi

88 1978 181 2003 cum
210 1961 491 2001 Alexandrinis
522 1968 561 2001 et
595 1962 757 2002 Graecis
788 1962 881 2002 anni
910 1962 1160 2016 principium
1191 1962 1332 2002 ineunt
1353 1991 1365 2011 ,
1404 1968 1444 2000 et
1471 1970 1566 2015 post

85 2034 141 2062 1v.
162 2033 288 2059 annos
319 2026 409 2058 ante
438 2033 565 2058 unum
595 2019 724 2069 diem,
754 2019 910 2058 scilicet
937 2033 1086 2059 xxvux.
1107 2019 1173 2059 die
1202 2019 1349 2058 mensis
1370 2018 1564 2069 Augusti:

86 2079 225 2129 sicque
255 2077 422 2128 singulis
452 2091 507 2116 1v.
529 2076 643 2115 annis
674 2089 888 2128 praeverso
920 2076 985 2116 die
1005 2089 1112 2126 uno,
1143 2082 1313 2128 propter
1329 2075 1562 2127 praedictos

84 2147 286 2174 mccccnx.
315 2147 462 2183 annos,
503 2133 742 2172 restituitur.
808 2133 961 2180 Quater
998 2133 1102 2172 enim
1142 2145 1309 2171 ccCva.
1341 2131 1564 2171 conficiunt

84 2204 282 2231 uccecnx.
339 2190 479 2229 Annus
507 2202 632 2241 porro
661 2196 700 2228 et
728 2203 879 2228 menses
907 2189 1127 2228 secundum
1155 2189 1328 2228 Judacos
1349 2220 1360 2238 ‚
1400 2202 1470 2227 seu
1500 2203 1562 2228 se-

86 2249 264 2287 cundum
295 2247 471 2286 divinam
504 2247 654 2298 legem,
694 2246 857 2285 nomine
887 2251 927 2286 et
962 2259 1007 2284 re
1037 2260 1058 2283 a
1087 2246 1275 2295 Graecis,
1306 2244 1495 2283 Romanis
1521 2251 1562 2285 et

85 2305 295 2358 Aegyptiis
325 2304 528 2344 differunt.
585 2303 788 2343 Mensibus
819 2302 924 2341 enim
951 2302 1181 2346 lunaribus,
1210 2301 1378 2352 singulis
1403 2302 1560 2342 dierum

84 2376 202 2402 xx1x.
234 2375 371 2401 eorum
400 2375 527 2400 annus
558 2366 736 2409 constat,
766 2359 895 2411 iisque
922 2372 997 2398 ΧΠ.
1027 2358 1230 2398 mensibus
1252 2358 1462 2410 completis
1492 2358 1559 2398 in·—

85 2427 148 2459 tra
177 2419 263 2458 dies
297 2432 451 2457 cccmv.
479 2417 578 2456 facit
605 2418 648 2456 in
677 2418 794 2456 tertio
834 2416 978 2468 quovis
1019 2429 1123 2455 anno
1152 2429 1327 2457 mensem
1357 2415 1559 2457 decimum

84 2477 274 2526 tertium,
303 2475 536 2527 colligitque
565 2475 649 2513 dies
678 2487 830 2512 xxxin.
868 2472 999 2512 Habet
1028 2479 1160 2512 autem
1190 2473 1352 2511 omnino
1382 2471 1559 2511 medium

87 2533 180 2572 anni
217 2546 392 2572 mensem
414 2564 424 2580 ,
447 2545 587 2583 *quem
615 2532 740 2570 Nisan
767 2535 944 2579 vocant,
994 2543 1065 2568 seu
1096 2542 1195 2567 xxv.
1226 2529 1372 2569 mensis
1412 2528 1556 2578 Martii,

87 2590 159 2643 qui
187 2591 342 2643 primus
372 2595 432 2628 est
461 2589 546 2628 dies
576 2603 599 2627 a
629 2589 710 2627 Deo
742 2587 927 2626 conditus
952 2617 962 2635 ‚
995 2599 1077 2638 quo
1113 2585 1308 2637 quicquid
1338 2591 1421 2634 est,
1457 2598 1558 2636 pro-

87 2648 205 2686 duxit
239 2661 290 2686 ex
317 2645 445 2685 nihilo
485 2646 587 2684 Deus
624 2645 845 2685 secundum
884 2643 1011 2683 Patris
1050 2644 1304 2695 propositum
1337 2648 1377 2682 et
1407 2654 1558 2694 coope-

85 2704 280 2743 rationem
309 2703 446 2742 Sancti
478 2703 675 2755 Spiritus,
717 2703 786 2754 qui
813 2701 997 2739 habitans
1026 2700 1068 2738 in
1095 2705 1229 2738 sancta
1260 2712 1331 2737 sua
1362 2698 1486 2736 Matre
1516 2703 1557 2736 et

85 2760 249 2814 Virgine
269 2793 281 2811 ‚
337 2761 511 2812 ipsomet
551 2773 653 2798 anno
694 2759 926 2798 incarnatus
964 2762 1025 2797 est
1042 2786 1055 2805 ,
1115 2769 1161 2795 ac
1199 2755 1371 2808 ipsomet
1406 2754 1470 2793 die
1506 2768 1555 2793 ex
