1884 3262
603 197 873 244 uffioNlcl
902 200 1208 245 PASCHALIS.
1565 201 1662 250 135

172 316 253 358 est,
281 317 436 350 retenta
467 318 597 350 tamen
627 315 753 351 veteri
783 313 862 352 loci
895 313 1190 365 appellatione:
1231 314 1382 354 Elaean
1411 313 1562 367 quippe
1591 329 1663 356 sen

171 367 379 419 Olivetum
410 368 460 407 ab
491 369 656 421 antiquo
689 369 801 408 locus
831 371 1079 421 vocabatur,
1109 371 1220 422 quod
1251 371 1415 424 quidem
1437 372 1662 412 oratorium

170 424 484 475 Athenodorus,
526 427 597 478 qui
625 433 721 479 post
750 427 1021 480 Polycarpum
1053 428 1191 466 extitit
1218 423 1467 482 EpiscopuS,
1505 429 1663 482 primus

167 483 369 536 incoepit,
399 482 549 536 hicque
576 497 653 537 per
683 484 995 536 quadriennium
1027 485 1308 525 Pontificatum
1338 486 1526 525 obtinuit.
1566 488 1663 527 Post

169 539 267 590 hos,
303 540 542 580 undecimus
583 542 769 594 Byzantii
812 542 1036 595 Episcopus
1062 543 1329 582 >constituitur
1356 543 1557 594 Euzoius,
1588 546 1661 597 qui

164 604 208 637 et
237 597 324 650 ipse
351 612 446 637 cum
485 611 611 637 annos
647 611 719 638 sex
756 599 945 650 sedisset,
986 599 1201 638 Laurentio
1245 599 1523 640 Pontificatum
1561 602 1660 641 reli-

162 655 271 707 quit.
326 655 444 695 Hunc
474 661 570 708 post
599 655 786 695 undecim
817 670 944 696 armos
974 669 1126 708 sexque
1155 670 1312 696 menses
1343 656 1533 708 exactos,
1576 672 1660 698 ex-

165 713 278 764 cepit
310 712 507 766 Alypius,
538 715 651 752 annis
683 714 879 753 tredecim
909 727 1004 753 cum
1035 713 1204 753 dimidio
1235 727 1284 754 eo
1314 716 1483 766 potitus.
1542 716 1661 756 Rur-

160 783 253 809 sum
283 777 376 822 post
406 770 516 808 hunc
544 771 738 809 Pertinax
767 771 813 810 fit
842 772 1091 824 Episcopus,
1130 771 1200 822 qui
1231 772 1346 811 annis
1377 771 1657 813 novemdecim

164 827 302 866 sedem
331 827 521 876 obtinuit.
580 827 658 866 Hic
689 829 1045 868 autem-Pertinax
1086 828 1151 867 vir
1182 829 1386 868 Romanus
1424 835 1464 868 et
1493 830 1658 870 Consu·-

161 884 284 937 laris,
315 898 363 923 ac
391 885 581 936 Magister
609 885 806 935 militum,
848 899 941 925 cum
978 886 1022 924 in
1057 885 1267 926 difficilem
1298 886 1506 926 incidisset
1535 902 1657 928 mor-

159 938 255 980 bum
277 972 288 992 ‚
331 948 452 994 atque
488 943 532 981 in
569 942 765 982 Thraciae
804 943 990 996 partibus
1036 955 1088 983 *ea
1128 949 1370 996 tempestate
1409 951 1654 997 versaretur,

158 1000 415 1052 plurimaque
454 1000 650 1039 miracula
695 995 880 1052 Byzantii
919 1000 1008 1040 fieri
1057 1015 1079 1040 a
1125 993 1365 1040 Christianis
1416 994 1653 1054 accepisset,

159 1057 352 1110 Alypium
382 1058 425 1095 in
454 1058 595 1097 Elaeae
625 1059 828 1111 appellata
859 1055 1036 1097 Ecclesia
1066 1058 1317 1111 Episcopum
1337 1060 1541 1109 convenit,
1575 1074 1655 1099 cu·-

157 1114 224 1166 jus
256 1126 354 1153 usus
383 1114 674 1162 contubernio,
702 1116 813 1155 illius
839 1126 984 1155 'manus
1012 1116 1272 1168 impositione
1299 1114 1449 1169 quibus
1468 1116 1656 1156 vexaba-

157 1173 228 1211 tur
246 1170 458 1211 dolorib‘us
489 1172 594 1212 liber
623 1173 757 1212 factus
785 1179 868 1222 est,
899 1174 1075 1226 indeque
1096 1173 1304 1213 Idolorum
1326 1173 1514 1214 abdicato
1537 1175 1654 1214 cultu

156 1240 208 1267 vac
238 1240 375 1269 errore
394 1258 405 1280 ,
452 1231 703 1284 militiaeque
741 1231 907 1270 dimissa
936 1231 1242 1284 praerogativa,
1279 1232 1482 1285 baptismo
1515 1232 1654 1271 dona-

155 1292 247 1337 tus,
277 1287 358 1326 fide
385 1288 431 1326 in
459 1287 664 1327 Christum
699 1289 870 1338 eximia,
907 1289 957 1327 ab
978 1289 1116 1341 Alypii
1141 1289 1266 1328 latere
1292 1299 1374 1328 non
1403 1289 1652 1341 discedebat,

155 1359 178 1381 a
221 1357 304 1395 quo
345 1345 599 1398 Presbyterii
645 1345 879 1397 dignitatem
924 1352 1190 1396 consecutus,
1241 1347 1283 1384 in
1323 1347 1653 1400 compunctionis

154 1401 346 1453 lacrymis
377 1396 546 1454 singulis
577 1403 720 1442 diebus
750 1403 928 1454 exactis,
956 1402 1121 1443 tandem
1154 1409 1245 1455 post
1273 1404 1410 1457 Alypii
1436 1415 1651 1444 ‘excessum

151 1458 195 1497 in
225 1459 476 1513 Episcopum
506 1460 732 1500 ordinatur.
792 1461 894 1499 Cum
922 1475 1049 1514 porro
1078 1460 1301 1509 admodum
1329 1461 1516 1514 locuples
1549 1469 1652 1501 esset

151 1515 364 1564 Pertinax,
403 1518 624 1557 Ecclesiam
654 1518 774 1556 aliam
803 1527 968 1558 rursum
1008 1518 1144 1557 erexit
1169 1530 1313 1557 versus
1343 1519 1464 1558 maris
1498 1519 1651 1570 littora,

150 1573 194 1612 in
222 1574 316 1612 loco
348 1575 418 1626 qui
447 1577 575 1627 Sycae
606 1581 889 1627 nuncupatur,
920 1576 1057 1615 Irenes
1080 1575 1172 1614 data
1198 1575 1492 1629 appellatione:
1528 1590 1649 1628 quem

151 1631 316 1683 quidem
342 1631 476 1670 locum
499 1647 520 1671 a
543 1632 779 1671 Christianis
800 1632 842 1671 in
871 1633 983 1671 urbis
1013 1633 1189 1686 speciem
1221 1633 1415 1686 deinceps
1447 1634 1648 1684 effectum,

150 1688 276 1727 variis
305 1703 353 1727 ac
384 1690 663 1741 compluribus
695 1690 884 1729 excitatis
922 1690 1116 1741 aedibus,
1167 1691 1454 1729 Constantinus
1489 1705 1648 1744 semper

150 1747 356 1797 Augustus
385 1747 596 1786 moenibus
625 1754 767 1801 postea
799 1747 981 1787 donavit.
1036 1748 1135 1787 Post
1163 1748 1439 1798 Pertinacem,
1473 1748 1518 1786 in
1547 1748 1648 1788 aede

148 1803 286 1842 Irenes
315 1811 550 1857 nuncupata
584 1806 813 1858 Episcopus
857 1805 1121 1844 constituitur
1159 1805 1452 1858 OlympianuS,
1493 1806 1535 1844 in
1567 1819 1647 1859 qua

147 1874 223 1913 per
253 1875 381 1900 annos
411 1861 598 1901 undecim
628 1863 745 1902 sedit.
817 1862 922 1901 Huic
953 1875 1167 1902 successor
1202 1863 1250 1902 fit
1276 1863 1437 1902 Marcus
1467 1875 1542 1915 per
1571 1877 1643 1901 an-

146 1925 222 1956 nos
253 1919 474 1965 tredecim,
503 1926 599 1972 post
638 1919 749 1958 hunc
789 1915 1035 1972 Cyrillianus
1075 1930 1148 1973 per
1187 1934 1314 1959 annos
1354 1920 1554 1971 sedecim,
1596 1934 1645 1959 ac

148 1975 294 2013 deinde
324 1976 512 2015 castinus
541 1991 616 2030 per
645 1991 770 2016 annos
800 1984 952 2029 septem
984 1977 1178 2030 Episcopi
1206 1978 1388 2017 extitere.
1438 1978 1644 2016 Constan-

147 2033 256 2071 tinus
286 2033 410 2084 igitur
441 2034 572 2086 primo
610 2035 738 2087 ipsius
779 2048 885 2073 anno
925 2035 1045 2087 aliam
1083 2035 1191 2073 intra
1236 2034 1471 2087 Byzantium
1513 2035 1645 2074 erexit

147 2090 368 2129 Ecclesiam
400 2102 545 2130 versus
565 2091 828 2144 Aquilonem,
858 2091 928 2131 ubi
947 2090 985 2145 *)
1008 2091 1318 2131 Anemodulium
1338 2098 1521 2146 prostat,
1550 2093 1645 2131 Eu—

144 2147 331 2200 phemiae
362 2148 553 2201 Martyris
573 2179 583 2198 ‚
623 2163 728 2200 quae
758 2162 803 2188 ea
837 2155 1078 2201 tempestate
1111 2149 1355 2201 martyrium
1386 2149 1515 2198 obiit,
1556 2150 1643 2188 Ec-

146 2205 267 2243 clesia
296 2206 518 2258 appellata.
580 2204 751 2258 Reliquo
769 2207 894 2257 igitur
915 2206 1176 2245 Pontificatus
1200 2212 1383 2259 tempore
1402 2206 1457 2245 ibi
1482 2213 1642 2257 exacto,

146 2263 282 2300 Titum
315 2270 587 2302 successorem
618 2263 784 2316 reliquit
804 2293 814 2312 ,
862 2263 929 2315 qui
972 2263 1088 2301 annis
1125 2263 1288 2314 triginta
1335 2263 1516 2316 quinque
1547 2271 1643 2302 cum

145 2320 346 2358 mensibus
383 2334 455 2359 sex
497 2321 692 2373 expletis,
747 2320 965 2359 Domitium
1000 2320 1123 2359 Probi
1171 2320 1432 2373 Imperatoris
1472 2321 1639 2359 fratrem

144 2383 419 2416 successorem
451 2378 683 2423 constituit,
716 2378 785 2416 cui
814 2383 908 2430 post
937 2383 1100 2416 exactos
1133 2384 1257 2416 annos
1283 2378 1432 2429 viginti
1463 2384 1638 2430 quatuor

144 2440 239 2473 cum
269 2447 338 2473 sex
369 2436 595 2486 mensibus,
626 2435 784 2474 Probus
805 2435 971 2473 Domitii
1001 2434 1108 2473 filius
1135 2435 1178 2473 in
1209 2435 1453 2474 Pontificatu
1482 2435 1637 2473 suffici-

143 2498 233 2542 tur,
267 2491 310 2530 in
348 2506 428 2544 quo
465 2507 590 2532 annos
622 2492 839 2532 duodecim
870 2491 1022 2543 exegit:
1072 2498 1167 2545 post
1206 2499 1309 2544 qubs
1337 2491 1638 2544 Metrophanes,

143 2549 266 2588 Probi
294 2549 445 2601 frater,
476 2556 517 2591 'et
547 2550 712 2590 Domitii
739 2550 870 2601 filius,
903 2548 1085 2602 Byzantii
1112 2549 1158 2588 fit
1188 2549 1440 2604 Episcopus,
1470 2549 1541 2601 qui
1561 2563 1638 2602 per

144 2619 269 2645 annos
309 2606 448 2646 decem
492 2608 627 2648 sedem
675 2607 863 2647 obtinuit.
942 2606 1031 2655 Qua
1069 2613 1308 2661 tempestate
1350 2606 1638 2646 Constantinus

143 2674 302 2716 semper
330 2664 537 2716 Augustus
575 2680 668 2704 cum
709 2671 880 2718 propter
918 2663 1070 2703 bellum
1105 2664 1355 2703 Licinianum
1395 2664 1636 2717 Byzantium

144 2722 399 2771 accessisset,
428 2723 506 2763 viri
538 2724 849 2763 conversatione
876 2722 1121 2772 delectatus,
1153 2722 1419 2775 locorumque
1449 2728 1636 2761 contem-

191 2906 224 2950 ⁸)
249 2905 343 2940 Vide
365 2905 670 2952 constantinopol.
695 2906 828 2941 Christ.
854 2904 912 2941 lib.
937 2907 974 2942 2.
995 2908 1086 2940 sect.
1112 2905 1168 2940 16.
1193 2915 1226 2938 n.
1248 2905 1284 2941 3.
