1884 3262
567 227 836 270 cHRONlcl
869 227 1176 270 PAscHAus.
1518 218 1612 273 121

109 338 312 396 'omnium
337 337 622 387 terminorum,
641 334 756 389 'quae
787 339 951 389 quidem
981 339 1016 377 is
1047 339 1196 377 diserte
1226 351 1273 376 ac
1304 343 1443 389 aperte
1473 338 1618 388 expla-

131 396 267 445 navit,
314 394 376 433 uti
415 394 624 445 diximus,
662 397 708 433 in
747 409 934 434 sermone
969 398 1011 433 in
1050 395 1201 434 Pascha
1223 425 1234 446 ‚
1287 394 1404 447 cujus
1440 394 1614 445 initium,

130 453 269 502 Hodie,
289 451 453 504 fratreS,
480 452 524 490 de
549 454 707 491 terminis
732 453 947 501 paschatis,
977 459 1054 492 etc.

785 693 953 792 Vm.

210 849 300 896 DE
342 849 732 915 SKEPTUAGIN
736 849 828 896 TA
862 848 1122 897 DOMINI
1154 810 1535 897 DISCIPIJLIS

547 930 587 979 C
602 929 1205 979 OMMENTARIUS

129 1029 392 1079 Dorothei
418 1031 667 1097 Episcopi
693 1031 837 1095 Tyri,
866 1031 963 1079 viri
990 1031 1216 1096 antiqui,
1246 1038 1299 1079 et
1317 1029 1614 1095 spiritualiS,

131 1099 332 1166 quique
351 1101 661 1164 Martyrium
683 1116 867 1166 passus
895 1108 973 1150 est
991 1101 1177 1149 Licinii
1209 1107 1262 1148 et
1281 1099 1614 1150 Constantini

447 1187 451 1195 ’
484 1172 880 1236 Imperatorum
915 1168 1265 1237 temporibus

244 1307 322 1346 Hic
349 1309 526 1361 inclytus
543 1310 776 1362 praedictus
798 1310 867 1349 vir
894 1311 1096 1349 Romanos
1127 1317 1165 1348 et
1196 1310 1374 1348 Graecos
1405 1323 1618 1347 commen-

130 1365 254 1403 turios
294 1367 481 1418 reliquit:
528 1374 741 1419 utramque
790 1368 894 1405 enim
931 1369 1107 1417 linguam
1148 1368 1373 1417 multasque
1412 1366 1615 1413 historias,

129 1429 175 1461 ut
206 1429 291 1461 erat
320 1424 512 1474 singulari
543 1439 589 1463 ac
621 1425 834 1463 excellenti
863 1425 1023 1476 ingenio
1043 1453 1053 1470 ‚
1092 1424 1274 1476 apprime
1308 1423 1461 1462 calluit.
1520 1424 1618 1462 Post

131 1479 284 1518 obitum
312 1481 545 1519 Diocletiani
566 1488 604 1520 et
623 1482 787 1530 Licinii,
818 1482 870 1520 ad
901 1496 1012 1519 suam
1047 1481 1251 1532 profectus
1285 1487 1345 1519 est
1374 1481 1616 1532 paroeciam,

129 1538 308 1589 Tyrique
335 1532 577 1577 ‘Ecclesiam
616 1539 725 1578 rexit
769 1552 897 1590 usque
938 1538 989 1576 ad
1030 1538 1177 1576 Juliani
1218 1538 1380 1590 tyranni
1422 1544 1616 1589 tempora.

132 1595 279 1632 Verum
310 1608 401 1633 cum
432 1610 515 1633 non
544 1596 709 1648 palam,
748 1596 819 1634 sed
851 1595 1098 1634 Christianos
1128 1596 1231 1633 clam
1261 1609 1335 1647 per
1362 1608 1455 1633 suos
1484 1596 1616 1633 Prae-

130 1652 259 1690 sectos
288 1651 532 1691 interficeret
559 1653 764 1702 Julianus,
795 1666 957 1692 rursum
982 1652 1185 1704 Odyssum
1218 1652 1358 1691 urbem
1389 1653 1513 1701 venit,
1545 1652 1618 1690 ubi

131 1723 153 1747 a
182 1709 330 1747 Juliani
362 1710 581 1748 Praefectis
613 1709 926 1762 comprehensus
948 1740 958 1758 ‚
998 1709 1218 1760 multisque
1248 1709 1429 1748 toleratis
1460 1724 1618 1762 oppro-

129 1766 256 1816 briis,
297 1766 339 1804 in
382 1772 561 1806 extrema
597 1767 802 1807 senectute
847 1773 1017 1819 propter
1058 1766 1207 1804 Christi
1246 1766 1534 1805 confessionem
1574 1767 1618 1805 in

130 1824 228 1876 ipsis
265 1818 476 1863 tormentis
513 1825 637 1864 vitam
680 1824 828 1873 exuit,
873 1837 965 1862 cum
1006 1837 1203 1862 annorum
1243 1831 1346 1863 esset
1384 1831 1547 1863 centum
1578 1830 1619 1863 et

131 1887 294 1933 septem.
354 1880 434 1919 Hic
475 1881 598 1932 igitur
637 1894 802 1932 magnus
842 1894 964 1919 senex
1001 1881 1151 1933 scripta
1182 1880 1464 1920 Ecclesiastica
1500 1881 1618 1921 nobis

129 1937 321 1989 reliquit,
359 1938 403 1976 in
434 1939 582 1991 quibus
613 1939 664 1978 de
705 1938 954 1991 septuaginta
996 1938 1114 1976 etiam
1147 1938 1368 1978 Salvatoris
1400 1939 1617 1990 Discipulis

132 1995 345 2043 disseruit,
388 2001 428 2034 et
466 1996 538 2035 ubi
579 1998 859 2048 unusquisque
898 1994 1196 2047 Prophetarum
1244 2002 1284 2034 et
1326 1997 1616 2047 Apostolorum

132 2053 259 2092 vitam
287 2051 403 2091 finiit.
463 2053 523 2091 Ac
550 2055 593 2092 in
623 2053 765 2106 primis
795 2053 1048 2104 septuaginta
1078 2053 1170 2091 illos
1201 2066 1283 2091 esse
1313 2052 1370 2090 ait
1389 2082 1399 2099 ‚
1445 2067 1617 2104 quorum

133 2110 253 2149 etiam
292 2109 520 2161 complures
556 2111 679 2149 variis
719 2110 761 2147 in
794 2109 1018 2161 provinciis
1047 2109 1240 2162 Episcopi
1277 2109 1468 2159 extitere,
1508 2124 1615 2161 quo·

62 2204 68 2215 J
133 2180 225 2206 rum
255 2165 415 2203 divinus
446 2167 626 2206 meminit
644 2166 861 2218 Apostolus
887 2166 931 2205 in
962 2166 1044 2204 suis
1074 2166 1394 2204 salutationibus.
1455 2167 1618 2220 Quippe

135 2230 230 2276 post
258 2222 480 2262 Salvatoris
501 2226 635 2263 nostri
672 2237 722 2262 ex
760 2222 932 2261 mortuis
957 2223 1333 2271 Resurrectionem,
1372 2222 1448 2262 hos
1479 2238 1616 2263 omnes

135 2281 279 2319 missos
309 2280 432 2319 fuisse
450 2281 623 2330 indicat,
650 2286 688 2319 et
716 2279 823 2318 inter
842 2279 1057 2331 Apostolos
1086 2286 1318 2319 numeratos
1347 2280 1489 2332 fuisse,
1511 2294 1617 2334 quo-

136 2351 225 2377 rum
255 2337 417 2376 nomina
448 2337 560 2378 hisce
589 2338 722 2377 verbis
749 2343 942 2376 recenset.
