1884 3262
500 217 560 261 IN
595 217 924 262 CHRONICON
957 219 1247 263 PASCHALE.
1292 260 1295 262 .
1524 218 1622 267 307

153 327 246 366 dam
272 325 515 380 Presbyter.
581 328 688 367 Huic
724 342 996 369 successorem
1035 329 1257 381 Eugenium
1304 329 1378 369 sub
1417 329 1622 370 Gordiano
1653 327 1685 361 V
1708 324 1776 362 441

152 384 414 429 adscribunt,
445 399 492 424 ac
523 398 649 423 annos
677 399 777 426 xxv.
809 386 956 425 sedisse
983 388 1145 428 volunt.
1203 387 1383 426 Tertium
1415 388 1552 429 nescio
1573 400 1624 428 au

151 441 184 480 ii
212 441 481 494 prodiderint.
541 439 658 481 Certe
694 442 996 495 Metrophanem
1031 451 1220 496 quartum
1247 444 1432 496 Byzantii
1460 444 1625 496 Episco-

152 511 252 550 pum
283 505 459 538 creatum
490 513 593 537 anno
611 513 668 541 ιιι.
698 499 950 538 Constantini
968 500 1020 539 M.
1049 501 1106 540 ait
1132 501 1239 541 idem
1270 501 1489 541 Cedrenus:
1514 500 1626 553 quod

151 555 192 594 in
219 569 282 595 an.
313 569 369 594 vr.
395 556 524 609 rejicit
554 555 840 608 Theophanes,
877 556 920 595 in
948 570 1037 595 vm.
1069 570 1166 596 vero
1203 558 1388 611 Scriptor
1425 557 1626 609 chronici,

153 627 175 650 a
207 626 287 664 quo
328 612 481 664 primus
520 613 704 665 Byzantii
748 613 972 666 Episcopus
1009 615 1258 665 nominatur,
1315 621 1360 653 ut
1400 615 1627 656 Alexander

111 667 120 676 “
152 669 239 720 ejus
277 683 508 719 successor,
559 671 790 719 secundus,
835 671 908 709 sub
946 684 1008 711 an.
1050 683 1173 710 xvxix.
1213 671 1393 724 ejusdem
1441 672 1626 722 Augusti,

153 728 268 777 quasi
298 733 389 765 ante
419 726 720 779 Metrophanem
752 726 855 766 nulli
886 734 999 766 antea
1028 727 1220 780 Episcopi
1251 728 1434 780 Byzantii
1465 729 1626 778 suerint,

152 783 227 821 nisi
257 782 358 822 haec
393 783 650 835 intelligenda
684 783 789 833 sint,
839 797 891 822 ex
927 797 1008 836 quo
1047 784 1144 825 urbs
1187 799 1210 823 a
1249 786 1509 827 Constantino
1549 785 1627 826 suit

108 877 112 882 ,
150 839 384 880 instaurata.
441 840 520 878 Sed
550 846 590 878 et
618 854 699 879 non
727 840 847 881 modo
877 840 985 880 hano
1013 854 1036 880 ι
1066 840 1270 882 Dorotheo
1301 842 1509 881 confictam
1537 843 1624 893 By-

149 897 376 935 zantiorum
406 897 700 950 Episcoporum
738 898 881 936 seriem
918 898 1130 950 amplexus
1169 904 1230 937 est
1266 898 1354 951 ipse
1396 899 1624 941 Patriarcha

149 953 422 1006 Nicephorus,
453 954 526 994 sed
558 960 599 993 et
626 955 782 993 Auctor
810 955 990 1006 catalogi
1011 955 1306 1007 Episcoporum
1327 956 1509 1007 Byzantii
1532 956 1625 995 edi·

149 1016 215 1049 tus
238 1026 259 1049 a
288 1011 555 1060 Leunclavio,
583 1017 622 1049 et
651 1011 786 1050 nescio
817 1011 908 1063 quis
939 1011 1137 1062 Georgius
1165 1011 1410 1062 Monachus,
1440 1013 1543 1053 alius
1573 1012 1623 1052 ab

148 1079 198 1105 eo
239 1081 357 1119 quem
395 1068 671 1107 Hamas-tolum
710 1075 893 1118 vocant,
943 1069 1014 1121 qui
1052 1068 1284 1110 Chronicon
1315 1070 1526 1117 contexuit
1574 1070 1622 1108 ab

149 1123 306 1163 Adamo
347 1125 399 1163 ad
436 1125 620 1164 Alexium
661 1125 906 1171 Comnenum
928 1155 940 1172 ‚
986 1126 1200 1178 exscriptis
1234 1126 1288 1166 ad
1325 1127 1496 1167 verbum
1535 1126 1624 1166 aliis

149 1181 452 1234 scriptoribus,
505 1181 620 1234 cujus
661 1189 816 1235 partem
860 1182 1036 1235 aliquam
1074 1183 1202 1222 edidit
1230 1183 1493 1223 combefisius
1521 1184 1624 1223 inter

149 1239 394 1290 Byzantinae
439 1239 643 1278 Historiae
680 1240 908 1292 Scriptores
950 1245 1046 1292 post
1084 1239 1394 1308 Theophanem,
1445 1240 1539 1280 licet
1582 1240 1625 1279 in

147 1293 259 1335 hisce
287 1295 389 1334 nihil
418 1309 587 1348 prorsus
616 1296 715 1335 novi
743 1296 905 1335 scribat.
962 1297 1002 1334 Is
1039 1302 1175 1336 autem
1209 1297 1268 1335 sic
1297 1297 1348 1335 de
1377 1297 1471 1362 ipso
1499 1298 1624 1336 Dom-

147 1351 242 1391 theo
272 1353 480 1404 loquitur,
507 1352 645 1392 verbis
676 1366 782 1405 pene
809 1352 911 1406 ipsis
932 1352 1113 1404 quibus
1100 1366 1191 1405 ipse
1211 1353 1471 1393 Dorotheus
1459 1368 1500 1393 m
1520 1354 1624 1393 Pro·-

147 1409 262 1460 logo,
303 1410 377 1448 sub
408 1423 499 1450 ann.
526 1409 667 1448 mundi
697 1422 737 1448 v.
765 1423 986 1450 mcccxvx.
1027 1408 1177 1450 Christi
1206 1423 1368 1449 cccxvl.
1427 1406 1525 1453 Τότε
1550 1426 1622 1454 και

93 1479 104 1481 ”
146 1462 370 1534 Δωρόθεος
395 1467 636 1515 Επίσκοπος
671 1463 805 1520 Τυρου
830 1465 856 1510 o‘
879 1464 965 1507 ἐπὶ
976 1469 1275 1519 Διοκλητιανοῦ
1294 1464 1423 1510 πολλοὶ
1446 1482 1625 1508 κακοπα-

146 1519 308 1576 θήσας,
337 1539 408 1564 και
439 1523 598 1577 ἐξορίας
625 1522 694 1564 καὶ
718 1519 926 1576 βασάνους
942 1521 1193 1594 ὑπομείνας,
1226 1521 1415 1576 ἤκμαζεν.
1448 1526 1625 1567 Ila-esee«

150 1577 437 1648 ὄυγγράμματα
467 1577 720 1620 καταλειπαῖν
743 1577 957 1650 Ρωμαϊκα,
971 1579 1044 1629 ὥς
1073 1576 1316 1647 ἄμφοτέρων
1323 1583 1530 1651 γλωσσῶν
1558 1580 1625 1634 ἐμ»-

154 1634 405 1709 wsfqo'wtog-
408 1636 477 1678 καὶ
497 1638 724 1705 πολυΐστωρ
744 1633 794 1678 δι’
819 1633 996 1688 ω’φυίαν
1013 1634 1242 1707 γενόμενος.
1282 1633 1423 1685 Ουτως
1446 1633 1625 1690 α’κριβως

147 1693 219 1734 καὶ
237 1694 353 1762 περὶ
345 1709 429 1734 των
452 1690 702 1736 Επισκόπων
720 1696 802 1734 τῶν
822 1694 1065 1744 Βυζαντίου,
1095 1692 1165 1734 καὶ
1188 1691 1322 1735 ἄλλων
1339 1697 1499 1735 πολλῶν
1518 1695 1621 1744 διεξ-

146 1753 278 1802 ἦλθεν
311 1747 458 1792 τόπων.
507 1748 766 1791 Επανελθοὶν
793 1749 837 1791 δὲ
869 1750 914 1792 ἐκ
933 1753 1007 1803 τῆς
1023 1750 1200 1818 ἐξορίας,
1228 1749 1299 1791 καὶ
1324 1750 1368 1792 ἐν
1362 1755 1438 1822 τῇ
1461 1748 1621 1807 συνόδω

148 1806 332 1860 εὖρεθεις
347 1805 587 1876 καταλαβων
610 1805 686 1860 τήν
713 1807 823 1848 ἰδίαν
847 1808 1090 1876 παροικίαν,
1117 1803 1384 1877 διήρκεσεν”
1360 1824 1436 1856 εως
1465 1811 1623 1851 Ιουλια-

146 1866 226 1905 νοῦ
250 1880 322 1905 του
349 1860 619 1934 Παραβᾶτου,
647 1863 718 1905 καὶ
735 1860 952 1934 ἐπειδήπερ
971 1879 1020 1905 ου
1041 1867 1287 1916 προφανῶς,
1317 1859 1418 1906 ἄλλα
1436 1868 1621 1919 κρυπτῶς

145 1919 216 1962 δια
241 1937 326 1962 των
351 1918 550 1990 αρχόντων
571 1920 598 1963 ό
629 1918 774 1988 μιαρός
799 1917 904 1974 ανῆρ
933 1921 991 1969 εἰς
1015 1936 1114 1970 τους
1135 1918 1404 1988 Χριστιανούς
1422 1923 1620 1976 παροίνει,

143 1975 268 2019 πάλιν
295 1977 321 2020 o‘
351 1994 548 2032 μακαριος
574 1974 796 2048 Δωρόθεος
831 1977 1048 2032 κατέλαβεν
1078 1994 1154 2030 την
1183 1974 1484 2029 Οδυσσόπολιν,
1515 1978 1620 2022 ἐνθα

145 2034 216 2075 καὶ
235 2035 446 2088 συσχεθεὶς
461 2033 545 2076 ὖπο
562 2038 647 2076 ταῖν
669 2031 874 2088 ἅρχόντων
892 2037 1131 2086 Ιουλιανοῦ,
1161 2034 1230 2075 καὶ
1248 2032 1422 2083 nou-ovs·
1441 2034 1620 2087 ὖπομειί-
1683 2078 1685 2080 ,

145 2108 220 2141 νας
243 2091 478 2144 αἰκισμους,
509 2092 554 2134 ἐν
572 2090 791 2145 βαθυτατω
805 2089 921 2146 γήρει
939 2089 1008 2133 δια
1028 2107 1105 2144 την
1125 2091 1182 2141 εἰς
1202 2090 1380 2144 Χριστον
1399 2090 1620 2146 ομολογίαν

144 2153 234 2197 ταῖς
254 2146 447 2202 βασάνοις
472 2148 739 2192 ἐναπέθανεν,
778 2149 898 2188 Istius
927 2147 1119 2188 Dorothei
1147 2149 1328 2189 meminit
1354 2162 1515 2191 ruisum
1546 2148 1620 2204 sub

144 2205 316 2245 juliano.
382 2206 467 2245 Hos
505 2204 605 2245 Vero
643 2206 944 2258 qualescunque
982 2220 1032 2244 ac
1070 2205 1352 2270 supposititios
1390 2206 1619 2258 Scriptores

143 2262 187 2301 in
211 2262 423 2331 publicum
452 2262 654 2302 interdum
685 2262 816 2302 efferri
844 2262 1032 2312 interest,
1061 2276 1112 2301 ne
1145 2262 1174 2301 ii
1195 2262 1239 2301 in
1268 2269 1479 2315 postorum
1507 2262 1617 2316 ἅγιο-

144 2335 341 2375 γραφοις,
368 2320 435 2358 vel
462 2319 754 2362 Ecclesiasticis
781 2325 864 2357 tam
894 2325 1040 2358 temere
1070 2326 1367 2360 accenseantur.

262 2380 355 2427 Pag.
385 2377 480 2421 400·
511 2379 577 2420 16
635 2376 852 2426 Κλεωπᾶς]
883 2375 963 2423 Qui
994 2376 1089 2417 alian
1120 2379 1323 2426 Κλωπᾶς,
1353 2382 1394 2416 et
1423 2374 1619 2416 Joachimi

143 2433 273 2485 patris
305 2434 498 2486 Deiparse
536 2434 663 2473 frater
702 2433 825 2472 fuisse
868 2426 1021 2473 dieitur
1055 2432 1099 2472 in
1139 2432 1238 2475 Cod.
1274 2434 1372 2484 Reg.
1407 2446 1538 2484 nuper
1568 2445 1619 2471 ex

143 2488 246 2530 chio
276 2489 358 2529 huc
387 2491 523 2533 allato.

260 2541 1350 2599 &fg-4021&Aaefffioeg]Baron.an.1.11.n.x1.

261 2603 488 2655 Peg-403.
521 2607 588 2647 11-
653 2600 758 2651 Τους
780 2600 824 2643 δὲ
842 2599 1033 2670 λοιπους]
1062 2601 1171 2641 Infra
1199 2614 1288 2653 pag.
1318 2600 1416 2646 224.

263 2663 357 2711 Pag
388 2659 485 2703 408
523 2663 589 2704 13.
645 2657 740 2701 Λπο
766 2654 916 2712 Αδαμ]
953 2657 1228 2698 eonferendu-
1258 2656 1338 2698 hoo
1369 2658 1463 2699 loco
1491 2656 1618 2699 Eune·

146 2714 238 2754 bius
263 2716 307 2755 in
336 2715 483 2755 ebron.
518 2723 562 2757 et
589 2730 644 2757 ex
661 2730 711 2757 eo
731 2717 922 2770 Prosper:
951 2728 1084 2768 neque
1110 2714 1218 2755 enim
1245 2713 1287 2753 in
1316 2713 1500 2754 omnibus
1522 2725 1615 2755 cnm

146 2771 321 2813 Auctore
350 2773 541 2813 concinit.

262 2830 579 2880 Pag.4o3.17
637 2824 722 2882 χιδ’
731 2828 748 2881 ]
788 2825 843 2882 χλ]
873 2828 1059 2869 emendat
1087 2828 1151 2868 vis·
1182 2826 1327 2868 doetus
1358 2838 1408 2867 ex
1436 2824 1489 2868 iis
1514 2837 1616 2876 quae

147 2884 349 2926 hahentur
375 2900 440 2926 an.
470 2900 515 2925 ιι.
542 2886 785 2926 Solomonis.
1603 2922 1605 2924 ,
