1884 3262
4 454 18 483 *5⁷-
3 326 18 438 ··²-··=‘e⁷⁹
0 178 22 317 ehoe-mun,

652 182 1065 225 PRAEFATIO.
1534 183 1598 232 53

129 296 225 334 brae
264 295 375 333 brevi
413 295 612 333 interdum
647 296 901 334 annotatione
938 296 1187 347 indicentur,
1227 310 1307 348 quo
1336 296 1518 346 Lectori,
1564 297 1598 335 si

130 353 229 390 tanti
251 352 326 390 sibi
346 352 474 390 visum
491 352 564 401 sit,
594 351 668 390 hos
690 353 898 391 consulere
917 352 1047 391 liceat.

241 465 382 504 XLIII.
439 465 556 502 Hisce
579 464 700 515 igitur
726 465 767 502 in
797 471 1045 503 antecessum
1069 465 1296 516 praemissis
1318 465 1367 504 de
1387 465 1597 517 scriptoris
1607 470 1814 511 Quidinhac

127 520 324 559 Paschalis
353 520 538 559 Chronici
570 523 698 572 patria
728 522 792 559 vel
820 522 1000 570 nomine,
1041 535 1140 572 quae
1177 522 1335 572 quidem
1381 522 1593 560 etiamnum
1619 516 1783 550 Chmssici

125 578 279 616 incerta
309 584 489 626 manent,
530 583 648 628 atque
680 578 779 615 adeo
813 578 862 615 de
898 592 940 615 ea
971 591 1048 629 qua
1079 578 1119 614 in
1157 578 1275 616 rebus
1304 579 1593 629 pertractandis
1618 585 1651 617 V
1674 581 1722 619 34

127 635 255 672 utitur
276 635 430 673 ratione
446 634 510 671 vel
529 633 740 682 methodo,
771 641 954 685 superest
979 642 1021 672 ut
1040 633 1135 684 quid
1157 635 1197 671 in
1222 633 1298 671 hac
1320 634 1490 672 editione
1511 636 1593 673 Re-
1618 651 1781 686 Editione

125 690 186 738 gia
212 705 232 728 a
253 691 365 728 nobis
385 697 601 740 utcumque
626 691 861 741 praestitum
888 692 960 738 sit,
993 691 1137 727 Lector
1165 691 1303 741 paucis
1324 691 1801 744 admoneatur.praestitum

126 747 362 798 Priusquam
380 747 502 796 igitur
518 746 796 784 illustrandum
815 746 893 784 hoc
915 746 1141 784 Chronicon
1169 747 1492 796 aggrederemur,
1523 750 1595 785 vi—
1674 745 1732 779 Sit·

124 816 212 840 sum
240 810 298 841 est
327 817 468 855 operae
496 803 798 854 compendium,
839 809 884 841 ut
913 804 1146 841 Vaticanum
1175 803 1379 854 exemplar
1411 803 1485 855 (ex
1511 818 1592 854 quo

122 860 226 897 sorte
251 860 522 910 Augustanum
551 860 795 911 exscriptum
823 860 962 907 fuerit,
998 866 1037 898 et
1066 873 1115 897 ex
1135 872 1181 896 eo
1205 865 1374 910 utraque
1397 860 1592 911 prodierit

122 916 274 962 editio)
314 917 425 954 velut
457 915 729 953 authenticum
765 923 803 955 et
831 917 1028 967 singulare
1065 915 1268 966 exemplar
1300 916 1589 955 consuleretur.

122 973 220 1015 Cum
250 986 345 1011 vero
380 974 458 1010 Rss.
488 973 560 1010 PP.
591 973 759 1010 Joannes
787 973 1063 1021 Mabillonius‚
1102 978 1140 1009 et
1170 971 1338 1009 Michael
1369 974 1593 1011 Germanus

119 1029 396 1077 Benedictini,
426 1028 502 1066 viri
523 1029 799 1078 eruditissimi,
831 1031 980 1067 Romae
1010 1041 1137 1079 nuper
1153 1034 1432 1078 versarentur,
1465 1042 1546 1079 quo
1566 1044 1587 1067 a

117 1086 224 1136 Rege
255 1085 586 1124 Christianissimo
617 1086 981 1136 conquirendorum
1007 1099 1096 1123 cum
1128 1085 1324 1122 editorum
1347 1090 1428 1122 tum
1450 1085 1591 1122 Manu-

118 1144 362 1194 scriptorum
389 1142 580 1179 Codicum
613 1144 738 1190 gratia
768 1143 877 1180 missi
896 1144 1074 1191 fuerant,
1105 1141 1250 1191 quibus
1277 1142 1590 1192 locupletaretur

118 1198 309 1237 ditissima
333 1199 428 1237 alias
450 1198 567 1248 Regia
599 1199 868 1247 Bibliotheca,
894 1200 921 1236 ii
956 1212 1034 1235 una
1065 1211 1154 1235 cum
1175 1198 1340 1235 Claudio
1366 1197 1586 1249 Stephano-

116 1255 174 1293 tio
205 1255 380 1308 ejusdem
408 1255 588 1303 Ordinis,
620 1257 710 1293 viro
743 1256 909 1307 perinde
937 1254 1188 1300 doctissimo,
1218 1254 1286 1305 qui
1317 1255 1464 1291 Romae
1492 1268 1586 1292 suae

118 1312 438 1362 Congregationis
464 1313 740 1349 Procuratoris
763 1313 970 1350 Generalis
999 1311 1129 1349 officio
1161 1311 1358 1360 fungitur,
1392 1324 1467 1361 qua
1495 1317 1590 1348 sunt

117 1382 207 1418 erga
229 1383 302 1407 nos
321 1368 569 1406 humanitate
591 1374 629 1406 et
647 1368 923 1406 benevolentia
937 1398 947 1417 ,
978 1381 1024 1404 ac
1052 1367 1090 1404 in
1111 1367 1291 1404 liberales
1310 1380 1444 1405 omnes
1468 1367 1588 1404 disci-

114 1425 246 1477 plinas
278 1425 566 1476 propensione,
597 1424 643 1461 id
673 1427 711 1462 in
741 1439 781 1462 se
809 1425 917 1462 ultro
946 1424 1077 1461 oneris
1102 1436 1303 1474 recepere.
1362 1423 1405 1460 In
1430 1423 1587 1461 Vatica-

114 1495 206 1519 nam
236 1482 386 1534 quippe
416 1479 705 1519 Bibliotheeam
737 1481 846 1519 aditu
877 1480 952 1518 sibi
981 1479 1173 1532 permisso
1201 1493 1221 1516 a
1253 1478 1342 1516 viro
1376 1479 1589 1529 singularis

113 1538 267 1591 pariter
305 1537 540 1576 eruditionis
571 1537 784 1575 Emanuele
818 1536 1083 1575 Schelestrato
1113 1537 1152 1574 S.
1179 1535 1223 1574 T.
1250 1535 1296 1572 D.
1328 1535 1586 1586 ejusdemque

112 1594 380 1634 Bibliothecae
406 1594 633 1642 Praefecto,
665 1594 849 1631 Codicem
874 1594 1107 1645 inspexere,
1146 1591 1440 1630 membraneum
1470 1592 1588 1631 illum
1608 1597 1638 1631 P
1660 1598 1706 1633 38

113 1665 159 1689 ac
189 1658 306 1690 notae
339 1652 530 1702 optimae,
572 1656 612 1687 et
650 1650 698 1687 ab
728 1650 840 1687 annis
870 1663 958 1688 ncc.
992 1654 1185 1700 quantum
1217 1648 1416 1699 conjicere
1454 1648 1584 1698 licuit,

112 1709 326 1760 scriptum:
358 1707 494 1744 eodem
515 1706 656 1755 titulo,
688 1706 820 1757 quoad
851 1705 1099 1753 Chronicon‚
1130 1712 1169 1743 et
1196 1717 1284 1742 cum
1310 1704 1451 1743 iisdem
1475 1705 1587 1743 lacu-

110 1765 172 1802 nis
199 1764 343 1816 quibus
372 1763 610 1815 deturpatur
636 1763 858 1801 Raderiana
891 1762 1034 1811 editio,
1070 1762 1124 1799 ita
1154 1767 1200 1799 ut
1228 1760 1411 1799 dubitare
1433 1775 1512 1799 non
1536 1762 1583 1799 li-

111 1827 222 1870 ceat,
261 1822 293 1859 si
320 1834 397 1859 non
427 1834 475 1858 ex
505 1833 575 1868 en,
616 1820 752 1857 saltem
782 1833 833 1857 ex
869 1819 990 1857 simili
1008 1818 1155 1856 Codice
1186 1817 1429 1868 exscriptum
1460 1818 1583 1856 fuisse

109 1878 382 1928 Augustanum
409 1877 622 1927 exemplar.
689 1876 804 1914 Initio
835 1882 964 1913 autem
997 1874 1172 1928 ejusdem
1199 1873 1359 1911 Codicis
1386 1874 1581 1923 Vaticani,

111 1935 180 1986 qui
210 1948 378 1972 numero
408 1939 571 1971 notatur
596 1946 836 1970 innccccxm.
864 1931 1010 1970 haecce
1042 1932 1230 1981 leguntur
1250 1931 1394 1968 verba:
1426 1935 1579 1971 Messa-

110 2005 185 2028 nae
200 2000 366 2043 emptum
387 2005 412 2027 a
435 1987 600 2040 Geor-gio
626 1987 702 2028 GP.
728 2003 782 2026 VI.
799 1986 875 2026 -Kl-
905 1987 1045 2027 Ociob.
1068 2002 1184 2025 MDLI.
1244 1987 1437 2037 Quisquis
1455 2001 1580 2038 porro

110 2047 304 2097 Georgius
330 2047 405 2084 iste
428 2046 570 2094 fuerit,
610 2046 644 2082 is
667 2046 830 2083 videtur
860 2059 909 2083 ex
944 2058 1023 2095 quo
1054 2044 1196 2082 deinde
1224 2050 1476 2094 comparatus
1503 2043 1581 2082 fuit

108 2103 240 2142 codex
268 2104 315 2140 ab
342 2102 582 2153 Hieronymo
614 2102 767 2146 Surita‚
804 2101 872 2152 qui
901 2100 1178 2152 postmodum,
1211 2105 1376 2137 curante
1406 2100 1584 2138 Antonio

106 2159 350 2209 Augustino,
381 2159 421 2196 in
443 2158 671 2195 Vaticanam
705 2156 992 2195 Bibliothecam
1020 2157 1155 2194 illatus
1182 2157 1267 2194 suit.
1325 2156 1369 2193 In
1390 2155 1459 2193 illo
1482 2169 1581 2194 vero

108 2217 254 2255 Codice
276 2214 547 2267 praefiguntur
566 2216 693 2252 instar
715 2213 994 2265 praefationis,
1024 2214 1081 2250 uti
1098 2213 1178 2264 jam
1204 2219 1316 2250 antea
1338 2212 1577 2261 monuimus,

107 2279 297 2324 excerpta
323 2272 515 2323 quaedam
537 2271 586 2308 de
605 2270 793 2309 Paschate
824 2284 874 2307 ex
899 2270 1052 2318 aliquot
1082 2270 1148 2307 SS.
1173 2269 1374 2317 Patribus,
1406 2282 1577 2319 quorum

105 2330 260 2382 primus
289 2328 478 2366 laudatur
505 2328 643 2365 Petrus
664 2327 936 2366 Alexandriae.
950 2325 1173 2377 Episcopus
1201 2331 1240 2363 et
1260 2325 1433 2375 Martyr,
1462 2325 1577 2376 cujus

106 2386 198 2424 ideo
232 2386 392 2424 nomine
430 2385 583 2436 prodiit
617 2384 737 2422 editio
773 2383 1015 2430 Raderiana‚
1057 2381 1167 2432 quod.
1202 2381 1269 2432 qui
1300 2381 1576 2431 Rugustanum

106 2443 313 2494 exemplar
334 2441 624 2492 descripserat,
657 2441 741 2478 solo
765 2440 960 2478 duntaxat
991 2438 1168 2490 ejusdem
1192 2439 1294 2476 Petri
1317 2438 1575 2476 Alexandrini

105 2500 264 2537 nomine
293 2498 514 2549 inscripto,
546 2503 701 2535 caetera
730 2496 905 2549 ejusdem
936 2494 1198 2532 Praefationis
1230 2494 1428 2542 omiserit,
1462 2507 1577 2544 prae-

105 2562 167 2594 ter
187 2562 383 2594 extremas
404 2561 575 2606 quatuor
596 2553 743 2603 lineas,
771 2567 874 2605 quae
895 2552 1023 2591 eidem
1045 2551 1210 2589 editioni
1231 2550 1518 2603 praefiguntur.

215 2667 356 2706 XLIV.
413 2667 458 2705 In
490 2680 534 2705 ea
554 2667 823 2715 Praefatione,
854 2670 947 2717 post
974 2664 1112 2702 allatas
1133 2665 1290 2701 Patrum
1313 2664 1361 2702 de
1381 2663 1793 2702 PaschateDeAuctoris

106 2726 361 2763 auctoritates
375 2752 385 2771 ,
414 2724 488 2761 alia
511 2737 560 2761 ex
580 2737 654 2761 suo
676 2737 781 2775 penu
799 2729 939 2760 auctor
962 2721 1112 2772 promit
1132 2721 1180 2758 de
1201 2721 1338 2758 eodem
1363 2734 1570 2771 argumen-
1596 2714 1758 2770 Chroflfffi

104 2788 170 2829 to,
211 2781 280 2818 ubi
308 2794 385 2830 qua
418 2780 571 2818 ratione
611 2779 874 2829 investigandi
904 2778 1070 2827 singulis
1102 2777 1212 2815 annis
1239 2777 1440 2815 Paschalis
1467 2760 1781 2816 Festil’raefatm-

105 2838 191 2876 dies
216 2837 400 2890 pluribus
425 2836 636 2888 disquirit,
666 2843 712 2874 ut
736 2843 775 2874 et
794 2836 841 2874 de
862 2836 988 2887 cyclis
1016 2834 1367 2872 decemnovennali
1391 2841 1428 2872 et
1450 2834 1575 2885 vigin-
1653 2819 1706 2841 ηδ’
