1820 3276
419 220 478 263 IN
513 218 842 264 CHRONICON
875 216 1164 264 PASCHALE.
1442 213 1543 267 475

78 327 258 384 scriptio.
314 329 453 382 Neque
491 331 566 370 alia
604 331 758 371 ratione
786 330 1051 370 subscribitur
1081 330 1265 383 Gregorii
1291 329 1345 370 M.
1374 328 1427 369 ad
1455 327 1544 369 Au-

77 388 280 441 gustinum
319 387 541 439 Anglorum
578 388 708 441 Episc.
747 388 930 442 Epistola
959 390 1050 428 data
1077 389 1134 427 die
1160 402 1202 430 x.
1232 389 1319 428 Kal.
1348 388 1444 438 Aug.
1473 390 1543 427 im-

72 449 223 498 perante
250 443 338 484 DN.
367 444 552 484 Mauricio
582 445 724 484 Tiberio
754 448 917 496 piissimo
944 446 1039 496 Aug.
1069 458 1160 484 anno
1188 458 1273 485 xiv.
1298 449 1380 497 post
1409 444 1543 483 Consu-

77 503 190 541 latum
220 503 374 551 ejusdem
400 515 493 541 anno
519 515 610 541 1111.
643 502 773 542 Indict.
802 515 888 543 mv.
947 502 1027 551 Qui
1057 502 1218 554 quidem
1250 498 1547 540 characterismi

79 558 276 611 quadrant
314 559 355 597 in
397 571 544 597 annum
584 573 720 598 nxcv1.
778 559 985 611 Ejusmodi
1025 559 1197 598 formula
1238 557 1546 598 subscribuntur

77 615 255 667 ejusdem
298 616 478 667 Gregorii
514 616 718 668 Epistolae
754 628 820 655 Lx.
861 629 985 656 axin.
1017 623 1055 655 et
1082 630 1194 655 an.
1230 615 1326 655 libri
1355 629 1413 656 IX.
1445 627 1548 667 quae

76 672 194 711 datae
222 673 408 724 leguntur
436 686 548 712 mense
574 674 692 723 Junio,
720 676 914 725 imperante
941 673 1127 713 Mauricio
1158 673 1301 713 Tiberio
1328 674 1425 723 Aug.
1455 685 1550 711 anno

76 743 166 768 xlx.
190 734 271 782 post
301 730 531 769 Consulatum
559 731 715 779 ejusdem
743 744 837 769 anno
863 743 983 768 xvm.
1014 730 1096 769 Ind.
1125 744 1180 769 ιν.
1239 730 1352 778 Quae
1382 729 1547 781 quidem

77 786 207 825 omnia
237 788 482 826 conveniunt
509 801 614 827 anno
641 800 724 826 nc1.
782 787 843 826 Ex
882 787 1026 838 quibus
1055 794 1166 840 patet
1195 787 1356 825 omnino
1384 792 1547 839 putatos

76 843 315 883 consulatus
345 858 415 883 seu
446 844 771 884 Postconsulatus
793 844 977 882 Mauricii
997 843 1045 883 ab
1066 859 1171 883 anno
1189 857 1387 882 nnxxxw.
1443 844 1548 882 Pro-

75 900 170 940 inde
203 901 314 939 haud
350 914 464 952 aegre
494 908 626 953 potest
665 900 865 940 emendari
895 901 1074 954 Epistola
1105 915 1206 940 xxu.
1237 900 1411 954 ejusdem
1443 900 1547 938 Gre-

75 957 177 1008 gorii
215 957 298 996 hoc
333 958 423 1010 ipso
463 958 533 997 lib.
560 971 619 1000 ix.
647 972 762 1010 .quae
792 958 954 1011 quidem
983 958 1025 997 in
1055 972 1137 997 uno
1165 957 1263 998 Cod.
1294 958 1376 997 MS.
1407 971 1428 996 e
1458 957 1547 995 col-

74 1015 221 1053 berteis
260 1015 525 1054 desideratum
562 1015 603 1054 in
642 1015 732 1055 aliis
769 1028 864 1054 vero
895 1023 935 1055 et
964 1016 1006 1054 in
1037 1015 1154 1055 editis
1182 1014 1290 1054 illius
1319 1013 1548 1066 Epigraphe

74 1085 200 1124 prave
230 1078 423 1124 concepta
453 1072 624 1124 legitur,
660 1079 707 1111 ut
745 1073 902 1125 pridem
931 1073 1185 1112 observatum
1214 1072 1263 1111 ab
1294 1070 1549 1111 Henschenio

74 1129 117 1167 in
145 1142 174 1167 1.
205 1129 371 1181 Exegesi
401 1129 675 1181 praeliminari
704 1130 753 1168 ad
782 1136 838 1169 to.
868 1143 929 1170 111.
961 1130 1092 1169 Martii
1121 1144 1156 1168 n.
1186 1143 1303 1168 xxxx.
1334 1129 1395 1167 Ita
1421 1141 1548 1181 porro

77 1185 272 1225 editiones
309 1200 464 1225 omnes:
506 1186 538 1225 Ι.
575 1185 624 1225 Ν.
662 1187 710 1225 D.
740 1185 790 1226 N.
829 1187 1084 1239 imperantibus
1118 1187 1254 1226 Damno
1290 1185 1478 1225 Mauricio
1515 1189 1550 1224 et

79 1243 222 1282 Tiberio
258 1243 460 1293 Augustis,
494 1255 588 1282 anno
618 1243 881 1283 Incarnationis
910 1245 1116 1283 Dominicae
1141 1258 1221 1286 Dei.
1259 1245 1442 1295 eodemque
1470 1243 1549 1281 Do·-

74 1312 154 1338 mno
190 1301 354 1338 undecies
391 1301 560 1348 Consule,
601 1302 664 1338 sub
704 1301 762 1339 die
797 1313 859 1340 ιη.
894 1299 987 1340 Non.
1027 1303 1169 1340 Octobr.
1226 1301 1368 1339 Paullo
1405 1300 1549 1338 melius

77 1356 215 1395 Codex
253 1357 353 1395 alius
387 1357 468 1397 MS.
499 1357 754 1396 colberteus:
797 1358 843 1397 In
880 1361 1016 1397 nomine
1043 1359 1191 1397 Domini
1216 1362 1250 1396 et
1279 1358 1486 1396 Salvator-is
1514 1357 1547 1396 I.

77 1414 116 1453 C.
142 1415 335 1465 imperante
363 1414 499 1452 Domno
523 1414 710 1454 Mauricio
741 1414 881 1453 Tiberio
912 1415 992 1454 PP.
1023 1416 1120 1466 Aug.
1150 1428 1243 1453 anno
1275 1416 1407 1453 decimo
1430 1416 1548 1463 tertio,

75 1471 258 1522 eodemque
283 1472 420 1510 Domno
453 1470 556 1510 Cons.
579 1485 662 1510 ann.
682 1472 887 1518 undecimo,
918 1474 982 1511 sub
1001 1473 1058 1511 die
1075 1485 1132 1511 m.
1156 1470 1293 1510 Nonar.
1318 1472 1462 1511 Octobr.
1484 1471 1549 1510 In-

77 1528 162 1566 dict.
187 1535 267 1568 1111}
322 1528 368 1567 In
399 1528 546 1577 altero,
580 1533 732 1579 quarta:
759 1529 803 1568 in
834 1529 939 1577 alio,
970 1544 1033 1569 111.
1063 1529 1219 1580 legitur.
1277 1529 1324 1567 In
1351 1529 1549 1568 Vaticano

75 1595 173 1624 vero
204 1585 302 1624 cod.
332 1586 388 1624 ita
417 1584 516 1623 haec
556 1585 770 1638 lnscriptio
809 1585 1078 1635 describitur,
1119 1592 1165 1624 ut
1200 1598 1264 1624 me
1302 1586 1459 1625 monuit
1496 1585 1548 1624 V.

77 1642 118 1682 C.
149 1641 373 1694 Stephanus
403 1641 612 1681 Baluzius:
655 1643 855 1694 Imperante
884 1644 1020 1682 Damno
1044 1643 1233 1682 Mauricio
1259 1643 1423 1693 Augusto
1456 1655 1550 1680 anno

75 1710 180 1738 xlm.
206 1699 359 1748 ejusdem
379 1699 510 1738 Domni
537 1702 651 1738 nostri
669 1700 883 1739 Consulatus
901 1715 994 1740 anno
1010 1712 1096 1741 xm.
1125 1701 1190 1738 sub
1208 1715 1271 1739 111.
1291 1701 1379 1739 Kal.
1403 1700 1547 1738 Octobr.

74 1755 209 1795 Indict.
236 1769 310 1794 1111.
370 1758 436 1794 Sic
464 1756 626 1794 variant
657 1757 835 1795 Codices.
894 1758 948 1796 At
988 1770 1077 1795 cum
1109 1757 1160 1796 de
1193 1756 1419 1795 Indictione
1448 1769 1546 1794 con-

76 1818 174 1858 stet,
203 1812 365 1851 videtur
392 1813 524 1851 sanari
555 1825 674 1866 posse
701 1814 891 1853 mendosa
919 1814 1158 1866 Inscriptio,
1186 1814 1220 1852 si
1250 1813 1421 1865 legatur:
1455 1813 1548 1865 Imp.

76 1867 166 1911 DN.
186 1869 373 1909 Mauricio
396 1870 535 1909 Tiberio
554 1871 651 1921 Aug.
669 1885 763 1910 anno
782 1885 908 1912 xvnn.
932 1872 1145 1911 Consulatus
1174 1884 1267 1910 anno
1286 1884 1383 1909 xvn.
1407 1872 1471 1910 sub
1493 1884 1548 1908 m.

76 1925 163 1966 Kal.
196 1927 318 1965 Octob.
342 1927 474 1966 Indict.
505 1942 581 1964 1111.
641 1927 726 1966 Hac
762 1928 863 1967 enim
904 1929 1046 1968 Indict.
1075 1942 1128 1967 ιν.
1158 1940 1295 1966 mense
1325 1926 1553 1980 Septembri

77 1988 162 2022 erat
194 1998 321 2022 annus
362 1983 508 2023 Christi
538 1998 600 2025 nc.
640 1985 806 2037 Imperii
846 1984 1029 2025 mauricii
1056 1999 1182 2024 xvnn.
1225 1985 1552 2024 postconsulatus

0 2059 4 2061 -
76 2053 175 2079 vero
196 2071 208 2090 ‚
260 2054 329 2078 seu
364 2041 602 2080 Consulatus
639 2056 741 2082 xvn.
784 2057 886 2094 quae
925 2044 1086 2094 quidem
1122 2048 1217 2081 nota
1256 2042 1470 2080 numeralis
1510 2042 1553 2079 in

77 2097 319 2136 editionibus
356 2110 565 2150 perperam
606 2112 680 2151 per
706 2101 872 2139 undecies
899 2101 1105 2149 redditur,
1145 2113 1235 2137 cum
1265 2099 1306 2137 in
1336 2099 1465 2147 MSS.,
1508 2104 1554 2136 ut

77 2160 138 2193 est
167 2155 391 2205 proximum
422 2167 542 2204 vero,
571 2169 637 2197 vn.
670 2157 782 2195 decies
810 2157 1006 2209 scriptum
1040 2162 1166 2206 esset,
1194 2156 1237 2194 id
1269 2162 1351 2206 est,
1383 2161 1554 2207 septem·

78 2210 223 2251 decim.
282 2212 455 2250 Proinde
492 2212 560 2251 hic
594 2214 833 2252 Consulatus
870 2228 952 2253 non
993 2219 1052 2252 est
1092 2226 1175 2251 xvi.
1210 2212 1320 2264 quod
1358 2212 1451 2250 vult
1489 2211 1554 2251 vir

78 2268 357 2318 doctissimus,
396 2268 468 2307 sed
498 2280 595 2308 xvn.
651 2270 734 2308 Jam
772 2284 869 2309 vero
901 2271 1011 2323 quod
1042 2270 1196 2322 primus
1226 2269 1409 2308 Mauricii
1441 2270 1554 2307 Con-

78 2325 232 2364 sulatus
271 2325 430 2364 dicatur
467 2339 596 2364 annus
625 2327 777 2378 integer
804 2341 999 2373 DLxxxw.
1033 2327 1128 2365 licet
1155 2327 1230 2365 sub
1260 2327 1370 2366 illius
1399 2326 1553 2365 exitum

78 2382 277 2420 duntaxat
306 2383 556 2434 processerit,
586 2383 641 2422 ita
670 2390 716 2422 ut
737 2385 974 2424 Consulatus
991 2391 1215 2423 retroactus
1235 2383 1407 2434 dicatur,
1435 2382 1553 2421 istius

80 2438 175 2477 anni
205 2439 341 2491 elapso
379 2446 557 2493 tempore
598 2441 657 2479 illi
696 2439 922 2496 adscripto:
962 2442 1083 2481 simili
1119 2442 1225 2480 forte
1262 2442 1306 2481 id
1345 2439 1552 2494 praescri-

79 2499 197 2549 ptum
226 2502 287 2534 est
316 2496 502 2548 decreto,
534 2510 614 2549 quo
645 2498 718 2536 sub
749 2499 949 2550 Heraclio,
978 2505 1025 2537 ut
1058 2512 1154 2538 mox
1182 2499 1452 2539 observamus.

194 2553 288 2603 Pag.
319 2556 413 2595 691.
446 2553 511 2597 14.
575 2551 713 2610 Τούτῳ
748 2559 806 2610 τῷ
833 2555 934 2608 ἔτει]
974 2555 1244 2595 Theodosium
1282 2555 1409 2593 filium
1450 2553 1553 2590 Cae-

81 2620 207 2648 sarem
248 2615 362 2648 antea
400 2609 559 2650 dixerat
595 2612 836 2663 Mauricius,
887 2627 989 2652 anno
1029 2614 1184 2652 scilicet
1220 2610 1382 2664 Imperii
1422 2622 1462 2658 v,
1507 2614 1554 2647 ut

80 2665 222 2704 scribit
248 2665 417 2706 loannes
443 2668 709 2710 Biclariensis.

197 2723 292 2774 Pag·
325 2726 419 2767 691.
450 2725 514 2767 15.
575 2723 636 2767 Οὐ
657 2725 730 2779 μέν
748 2742 811 2767 τοι
832 2721 951 2780 ἐπάγη
976 2727 1033 2774 εἰς
1052 2722 1292 2778 συμβόλαια]
1318 2722 1378 2761 Ita
1398 2723 1551 2775 quippe

81 2777 347 2830 Imperatores
376 2780 478 2820 filios
507 2793 601 2821 suos
631 2783 836 2834 dignitatis
866 2789 1073 2822 consortes
1102 2796 1148 2820 ac
1176 2779 1369 2828 Βασιλέας
1396 2790 1552 2818 renun-

82 2835 256 2884 tiabant,
305 2842 351 2875 ut
395 2850 621 2890 supremam
658 2840 938 2880 auctoritatem
978 2839 1054 2878 sibi
1092 2850 1249 2889 semper
1286 2838 1551 2886 reservarent,

84 2892 273 2946 solusque
302 2894 352 2933 iis
383 2893 579 2935 duntaxat
605 2895 862 2950 Imperatoris
893 2896 1059 2935 daretur
1085 2895 1250 2943 titulus,
1280 2906 1386 2945 quo,
1416 2892 1451 2932 si
1480 2904 1551 2946 pa-
