1820 3276
266 209 372 258 -464
656 216 659 218 ’
841 214 1160 259 NOTAE

389 325 479 372 Pag.
510 321 604 365 634.
637 326 700 364 10.
762 324 970 365 Ιουστίνου
1000 323 1124 378 νέου]
1162 326 1304 365 Victor
1337 329 1523 368 Tunnun.
1563 333 1602 366 et
1641 328 1732 366 sub.

272 379 434 431 scriptio
483 379 681 431 Epistulae
730 393 767 420 v.
814 381 946 431 vigilii
987 383 1149 434 Papae,
1192 383 1399 422 JUSTINO
1451 385 1499 426 V.
1539 385 1581 423 C.
1624 385 1732 423 COS.

272 435 561 475 Marcellinus:
592 436 800 475 JUSTINO
828 437 1044 477 JUNIORE
1074 439 1183 478 COS.
1241 439 1279 478 Is
1307 439 1413 485 filius
1442 442 1518 479 fuit
1547 441 1734 481 Germani

274 491 456 540 Patricii,
502 492 646 531 Justini
693 493 792 545 Imp.
844 495 1098 546 consobrini,
1142 504 1189 534 ut
1227 496 1284 534 ait
1324 497 1428 535 idem
1464 498 1734 538 Marcellinus.

272 549 374 588 Vide
405 548 590 587 Familias
620 555 776 588 nostras
804 550 970 602 Byzant.

388 604 482 655 Pag.
512 605 606 647 634.
639 610 706 647 11.
763 609 972 648 Βασιλείου
1011 605 1161 661 μόνου]
1209 607 1285 646 Hic
1322 608 1456 647 Basilii
1496 610 1735 648 Consulatus

273 662 328 699 ita
370 661 628 712 consignatur
668 662 709 700 in
748 664 924 702 Novellis
955 665 1163 702 Justiniani
1194 678 1304 702 cvm.
1334 679 1412 704 cix.
1445 679 1584 706 cxxm.
1616 680 1736 708 cxxv.

276 731 443 756 cxxvm.
485 732 648 756 CXXXVI.
682 725 720 757 et
751 733 930 759 cxxxvn.
974 721 1053 760 DN.
1089 721 1218 759 JUST.
1254 721 1326 761 PP.
1366 722 1482 760 AUG.
1520 723 1737 763 BASILIO.

275 774 322 813 V.
354 775 395 813 C.
428 774 570 814 CONS.
630 775 676 813 In
717 776 884 814 Novella
925 790 1020 815 vero
1061 783 1144 816 tum
1185 778 1292 829 apud
1324 779 1613 829 Smimgerum,
1651 786 1737 818 tum

276 830 384 883 apud
413 831 612 869 sulianum
645 832 845 871 Antecess.
871 847 950 874 cm.
976 847 1087 875 exn-1.
1118 840 1157 873 et
1184 834 1225 872 in
1255 834 1397 873 Edicto
1421 849 1496 875 vn.
1526 836 1624 888 Imp.
1653 835 1736 877 DN.

273 887 460 926 JUSTIN.
501 889 570 926 PP.
611 887 730 929 AUG.
771 889 889 930 ANN.
920 890 1005 931 XV.
1037 890 1238 929 BASILIO
1269 891 1315 930 V.
1347 892 1386 929 C.
1419 892 1562 933 CONS.
1596 892 1740 932 Conci·
1806 876 1811 881 Ι

274 944 374 982 lium
406 944 685 983 Aurelianense
718 959 775 985 lv.
805 953 936 985 actum
973 948 1121 986 dicitur
1159 947 1298 986 Basilio
1335 948 1373 986 V.
1405 949 1444 987 C.
1475 949 1575 988 Cons.
1605 949 1740 990 Indict.

275 1014 332 1041 ιν.
393 1001 431 1039 ls
463 1014 587 1052 porro
616 1001 786 1041 Basilius
813 1004 939 1041 Junz'or
967 1005 1087 1054 vulgo
1118 1004 1286 1054 dicitur,
1330 1004 1380 1043 ad
1421 1005 1632 1044 discrimen
1667 1000 1740 1045 B'a-

275 1057 355 1095 silii
398 1058 542 1110 patris:
586 1064 756 1109 uterque
799 1067 930 1098 autem
964 1060 1095 1112 patria
1135 1061 1356 1100 Edessenus
1385 1060 1489 1110 fuit,
1529 1075 1575 1101 ac
1606 1063 1742 1115 splen-

277 1114 373 1152 dore
411 1113 565 1164 generis
603 1114 827 1167 opibusque
869 1116 1134 1165 clarissimus,
1177 1123 1219 1155 ut
1257 1125 1399 1156 auctor
1429 1125 1488 1156 est
1518 1118 1741 1172 Procopius

275 1170 344 1210 lib.
377 1184 420 1209 11.
466 1170 608 1210 Persic.
640 1185 727 1223 cap.
757 1186 843 1212 xxx.
874 1178 913 1210 et
939 1173 1007 1212 lib.
1037 1187 1098 1212 111.
1130 1173 1304 1214 Gotthic.
1333 1188 1419 1226 cap.
1447 1188 1521 1214 xx.

391 1227 485 1278 Pag.
516 1226 612 1269 634.
648 1231 709 1268 12.
768 1225 887 1268 Μετοέ
923 1233 1043 1269 Yam-c.
1074 1231 1285 1270 Βασιλείου
1315 1227 1458 1284 μόνου]
1487 1230 1741 1270 Marcellinus

277 1289 318 1322 et
358 1283 447 1322 alii:
485 1283 529 1321 P.
562 1284 600 1322 C.
631 1283 770 1322 Basilii
795 1298 887 1323 anno
914 1299 957 1326 11.
998 1285 1242 1338 Subscriptio
1282 1286 1481 1339 Epistulae
1519 1301 1562 1326 11.
1605 1287 1743 1339 vigilii

276 1341 425 1391 Papae:
461 1339 593 1379 Iterum
623 1340 666 1379 P.
699 1340 736 1379 C.
767 1340 906 1380 Basilii
944 1343 981 1380 V.
1013 1343 1051 1381 C.
1082 1342 1326 1381 Constitutio
1357 1357 1438 1384 cix.
1472 1344 1583 1397 apud
1620 1344 1743 1383 Julia-

275 1410 372 1435 num
406 1396 606 1436 Antecess.
637 1396 773 1435 Datum
802 1411 871 1436 vn.
902 1399 988 1437 Kal.
1016 1399 1112 1449 Aug.
1141 1403 1284 1451 septimo
1312 1400 1481 1440 Miliario
1513 1401 1593 1451 (al.
1624 1401 1745 1454 Septa·-

133 1456 163 1491 P
186 1457 256 1491 600
278 1454 480 1503 miliaria.)
523 1453 612 1505 Imp.
643 1452 729 1492 DN.
760 1455 966 1494 Justz‘niano
995 1469 1086 1494 anno
1113 1469 1197 1494 xvi.
1223 1460 1304 1508 post
1336 1456 1518 1499 consulat.
1546 1458 1606 1497 Fl.
1635 1457 1743 1509 Basi-
1810 1478 1813 1481 ¹

276 1512 323 1549 lii
358 1510 394 1548 V.
427 1510 466 1549 G.
496 1524 543 1549 11.
582 1510 729 1549 Incidit
758 1517 890 1550 autem
921 1526 1047 1551 annus
1075 1526 1161 1551 xv1.
1189 1512 1400 1552 Iustiniani
1429 1515 1471 1553 in
1500 1513 1610 1553 hunc
1643 1515 1745 1554 Con-

279 1567 467 1606 sulatum.

395 1623 489 1674 Pag.
522 1622 616 1666 634.
650 1623 715 1666 15.
774 1622 894 1664 Mne}
946 1628 1020 1665 Τπ.
1067 1626 1276 1666 Βασιλείου
1318 1622 1446 1678 μόνου
1486 1622 1567 1682 γ’.]
1623 1627 1746 1666 Extat

280 1679 448 1732 hujusce
488 1680 580 1718 anni
618 1686 711 1718 nota
749 1681 914 1731 insignis
955 1682 997 1719 in
1033 1683 1160 1721 veteri
1199 1682 1375 1733 scheda,
1421 1697 1538 1736 quam
1576 1697 1628 1723 ex
1666 1683 1747 1724 viri

279 1737 403 1776 illust.
444 1737 599 1775 Claudii
639 1738 836 1776 Pelleterii
875 1738 1064 1778 Franciae
1104 1739 1452 1790 Protologothetae
1498 1739 1747 1780 Bibliotheca

244 1843 246 1846 .
279 1792 524 1844 descriptam
567 1793 616 1831 acl
659 1794 807 1832 calcem
846 1795 941 1834 libri
973 1810 1017 1834 11.
1050 1795 1248 1846 Aratoris,
1286 1795 1354 1835 hic
1385 1798 1548 1848 damus,
1584 1803 1632 1836 ut
1659 1798 1747 1837 Sir-

279 1850 414 1888 mondi
446 1850 496 1888 ‹le
528 1850 696 1889 Aratore
727 1851 992 1890 observationi
1022 1853 1073 1891 ad
1101 1853 1169 1892 lib.
1196 1866 1253 1893 1x.
1295 1854 1562 1906 Epistolarum
1592 1853 1749 1893 Sidonii

283 1906 536 1958 adjungatur.
592 1906 666 1944 Illa
704 1921 827 1959 porro
873 1907 984 1947 hisce
1033 1909 1168 1947 verbis
1217 1911 1447 1962 concipitur
1467 1940 1477 1958 ‚
1530 1909 1747 1963 adscriptis

280 1962 448 2013 margini
486 1961 607 2000 variis
645 1963 885 2002 lectionibus
934 1979 984 2003 ex
1026 1965 1102 2003 alio
1143 1965 1289 2004 Codice
1339 1966 1581 2006 Pithoeau0=
1632 1967 1749 2007 Beato

62 2015 84 2051 1
108 2014 265 2058 D⁰²¹¹P²²⁰
283 2018 461 2057 1Domino
489 2017 741 2068 2adjuvante,
773 2021 912 2058 oblatus
940 2026 991 2059 est
1018 2022 1224 2070 hujusmodi
1254 2022 1370 2061 Codex
1399 2025 1444 2062 ab
1472 2024 1621 2062 Aratore
1651 2024 1749 2063 Sub-

61 2062 86 2097 2
110 2059 214 2094 Petm
283 2075 433 2114 diacono
461 2079 606 2113 sanctae
636 2076 822 2114 Ecclesiae
849 2078 1006 2126 Romae,
1043 2081 1177 2116 nomine
1204 2083 1327 2117 sancto
1355 2079 1418 2119 3et
1445 2081 1644 2133 Apostolico
1670 2084 1749 2120 viro

61 2108 244 2197 {aig-‘iiio
284 2133 376 2184 Pap.
406 2130 428 2155 4
446 2132 581 2182 Vigilo,
612 2136 645 2170 et
673 2137 853 2183 susceptus
884 2133 973 2173 ⁵die
1001 2147 1088 2172 vm.
1118 2135 1176 2173 Id.
1206 2136 1321 2187 April.
1349 2139 1387 2175 in
1417 2136 1640 2189 Presbyterio
1666 2141 1750 2177 ante

63 2200 86 2234 5
110 2198 155 2232 ab
179 2209 218 2232 eo
286 2188 538 2240 confessionem
567 2187 725 2227 ⁶Domni
752 2189 871 2239 Petri,
911 2204 988 2229 cum
1014 2191 1142 2230 ibidem
1165 2193 1285 2244 plures
1312 2193 1502 2246 Episcopi,
1531 2193 1748 2247 Presbyteri,

63 2247 88 2283 6
110 2243 463 2299 Βθίξῑὶἇο-Βίαεοηί,
501 2249 534 2283 et
574 2245 783 2284 clericorum
815 2252 902 2298 pars
939 2250 1095 2286 maxima
1133 2246 1155 2272 ⁷
1161 2251 1299 2300 pariter
1335 2253 1472 2289 inesset.
1530 2250 1644 2294 Quem
1671 2263 1749 2290 cum

109 2302 182 2325 '¹¹⁷²‘
288 2302 416 2341 ibidem
446 2301 522 2351 legi
546 2315 627 2340 mox
652 2316 719 2354 pro
748 2304 873 2355 aliqua
899 2308 1000 2355 parte
1023 2305 1188 2356 fecisset,
1228 2304 1456 2357 ⁶Burgentio
1493 2309 1570 2346 viro
1607 2319 1749 2346 venera-

142 2358 175 2392 V
198 2356 270 2394 540
292 2359 359 2398 bili
396 2357 604 2396 Primicerio
642 2359 779 2397 scholae
819 2359 1049 2399 Notariorum
1089 2364 1128 2399 in
1159 2365 1288 2402 scrinio
1324 2364 1423 2402 dedit
1461 2361 1746 2413 ⁹collocandum,

64 2407 88 2444 7
109 2405 256 2440 intere&
293 2416 398 2465 cujus
427 2415 676 2453 beatitudinem
704 2416 844 2454 literati
870 2415 908 2440 ¹⁰
920 2422 954 2455 et
981 2432 1094 2456 omnes
1125 2418 1320 2458 doctissimi
1341 2422 1503 2458 continuo
1517 2424 1748 2470 rogaverunt,

66 2500 89 2535 8
110 2455 187 2532 ἔξω
210 2507 271 2530 en-
293 2477 347 2515 ut!
361 2483 436 2510 eum
459 2472 598 2521 juberet
618 2473 761 2523 publice
789 2475 946 2512 recitari.
1003 2475 1111 2518 Quod
1138 2488 1215 2513 cum
1237 2477 1327 2528 fleri
1349 2478 1579 2528 praecepisset
1606 2479 1646 2515 in
1672 2476 1750 2515 Ec-

111 2507 208 2578 fissrg
289 2530 396 2568 clesia
436 2527 479 2566 S.
517 2527 621 2566 Petri
658 2542 748 2579 quae
782 2534 929 2567 vocatur
967 2531 1016 2569 ad
1062 2531 1234 2580 Vincula,
1272 2532 1534 2583 Religiosorum
1572 2533 1678 2571 simul
1714 2537 1749 2572 et

64 2591 90 2626 9
111 2586 482 2624 EcclesiaeLaicorum
513 2585 705 2633 nobilium,
745 2586 807 2623 sed
843 2590 879 2624 et
922 2584 958 2610 1¹
962 2588 1169 2638 populorum
1205 2588 1416 2627 diversorum
1446 2590 1553 2627 turba
1581 2591 1750 2639 convenit,

69 2637 114 2672 10
138 2637 234 2670 “⁶⁶⁸⁶
253 2639 398 2694 etatque
427 2641 540 2680 eodem
567 2646 717 2680 Aratore
746 2640 786 2665 ¹²
796 2645 963 2681 recitante
997 2644 1177 2682 distinctis
1203 2644 1321 2683 diebus
1350 2647 1450 2684 ambo
1479 2645 1564 2684 libri
1584 2659 1662 2686 1111.
1691 2649 1748 2685 vi-

70 2684 116 2764 Ξὲ
139 2681 390 2762 ἓέἷῧῒέῗσῶιιε
418 2703 500 2736 sunt
529 2698 667 2746 auditi,
707 2712 783 2737 cum
812 2712 881 2737 uno
909 2699 967 2737 die
997 2700 1164 2738 medietas
1200 2701 1285 2739 libri
1310 2703 1550 2740 tantummodo
1577 2702 1751 2752 legeretur

115 2785 197 2809 mmo
205 2784 271 2809 rec·
280 2760 429 2807 propter
457 2757 674 2807 repetitiones
705 2756 891 2805 assiduas,
922 2769 1010 2807 quas
1038 2769 1115 2794 cum
1136 2756 1267 2808 favore
1294 2759 1485 2811 vetultiplici
1504 2759 1748 2810 postulabant.

290 2811 432 2851 Eadem
459 2813 546 2852 baec
573 2814 736 2853 recitatio
756 2812 866 2864 sacta
896 2816 947 2851 est
975 2813 1029 2852 bis
1057 2813 1197 2852 diebus:
1219 2817 1341 2866 prima
1368 2815 1425 2854 Id.
1454 2815 1568 2868 April.
1598 2815 1750 2854 semmaa
