1884 3262
587 216 858 260 CHRONICI
889 217 1196 260 PASCHALIS.
1304 230 1306 232 ·
1541 214 1644 261 227

165 327 395 366 Chronicon
425 341 522 366 vero
554 333 814 379 praepostere
845 342 993 365 annum
1025 328 1140 366 illum
1171 327 1298 370 5537.
1330 341 1349 364 a
1383 326 1526 365 Martio
1557 340 1646 378 pu-

164 387 292 425 tavit·
323 386 431 424 unde
461 386 663 437 sequentis
693 384 826 423 Martii
859 398 948 422 XXI.
980 384 1044 423 die
1075 385 1202 427 5538.
1230 384 1333 422 iniit.
1395 384 1517 432 Quod
1540 384 1646 422 enim
1669 389 1845 433 Pag.106.

162 443 216 481 ita
249 457 290 480 se
319 457 383 481 res
413 441 588 488 habeat,
631 455 682 479 ex
709 455 756 480 eo
787 447 922 493 patet,
971 442 1159 492 quoniam
1199 455 1305 479 anno
1347 442 1471 484 5507.
1502 440 1647 479 mundi
1693 440 1822 470 et298.

165 507 354 539 currente
387 506 522 538 natum
552 499 695 537 asse1it
725 497 928 536 cluistum
963 498 1131 536 Lentulo
1161 503 1200 535 ct
1229 499 1375 536 Pisone
1406 499 1514 537 Coss.
1552 499 1649 536 Post

162 558 238 597 hos
277 572 374 596 vero
417 557 530 595 Coss.
559 557 671 608 paria
704 569 821 594 xxxi.
854 554 1038 606 subjicit:
1094 568 1265 606 quorum
1303 556 1343 592 in
1383 549 1646 607 postremum,

163 629 308 666 nempe
350 613 442 652 Rufi
481 620 519 652 et
555 613 782 661 Rubellini,
827 611 1071 663 baptismum
1113 612 1288 663 conjicit.
1349 613 1391 649 Si
1428 613 1479 651 ad
1519 626 1647 651 annos

163 675 290 716 5507.
332 677 538 710 currentes
578 684 599 708 a
639 669 866 722 Septembri
910 669 1113 707 addideris
1141 682 1261 708 xxxr.
1299 682 1429 707 annus
1469 670 1593 712 5538.
1624 683 1646 707 a

164 729 394 782 Septembri
433 727 628 767 ordietur.
685 728 739 765 At
772 726 842 764 ille
881 726 1092 778 scriptor,
1142 727 1255 777 quasi
1299 739 1427 764 annus
1467 726 1594 770 5537.
1624 741 1647 764 a

163 787 311 826 Martio
341 785 608 838 procederet,
657 785 781 827 5538.
814 797 895 822 non
939 798 963 821 a
991 783 1218 835 Septembri
1249 790 1444 835 sequente
1465 813 1476 833 ,
1525 783 1596 821 sed
1625 798 1646 822 a

164 845 310 883 Martio
343 843 514 894 putavit.
573 841 664 880 Non
695 841 814 879 aliter
843 840 1035 879 extricari
1066 840 1167 879 istae
1195 846 1391 893 possunt,
1422 854 1541 892 quam
1571 839 1650 879 hac

162 901 365 954 probabili
385 899 630 950 conjectura.
664 898 919 950 Quamquam
947 898 988 935 in
1017 898 1087 936 illa
1110 904 1194 936 tota
1217 897 1494 949 disputatione
1517 897 1651 935 Chro-

163 959 348 1009 nologica
379 957 428 996 de
457 956 590 994 Natali
621 962 660 993 et
689 956 879 994 Passione
911 954 1061 993 Christi
1098 956 1198 993 mire
1233 955 1455 1007 perplexus
1486 962 1567 1003 est,
1610 960 1650 992 et

162 1030 289 1054 annos
319 1015 421 1054 duos
451 1013 701 1062 dissimulat,
741 1026 789 1051 ac
818 1012 1062 1064 supprimit,
1104 1012 1214 1063 quod
1243 1025 1317 1051 suo
1347 1012 1440 1050 loco
1470 1012 1653 1051 declara-

163 1074 286 1114 bitur.
347 1073 407 1110 Ex
437 1072 576 1109 eadem
604 1069 946 1118 hallucinatione,
976 1069 1244 1119 Indictiones,
1277 1082 1378 1120 quas
1409 1084 1430 1107 a
1461 1071 1647 1120 Septem·
1673 1080 1852 1123 Pag,137,

162 1130 227 1169 bri
263 1129 447 1169 inchoari
484 1127 726 1179 scripserat,
775 1141 798 1166 a
837 1127 981 1165 Martio
1018 1126 1203 1165 similiter
1247 1127 1419 1165 orditur.
1488 1126 1650 1179 Quippe
1674 1138 1851 1181 Pag.215.

163 1188 431 1226 Indictionem
458 1199 510 1223 n.
541 1198 619 1223 una
662 1198 754 1223 cum
796 1198 900 1223 anno
930 1184 1085 1224 Tiberii
1113 1198 1200 1222 xvx.
1234 1191 1275 1223 et
1306 1183 1446 1222 mundi
1474 1186 1600 1227 5538.
1629 1198 1652 1224 a

162 1259 251 1286 xxx.
281 1245 415 1285 Martii
445 1242 652 1295 proficisci
682 1242 814 1281 docet.

791 1590 1026 1646 XXVI.
1683 1619 1714 1652 v
1737 1620 1807 1656 389

373 1717 464 1765 DE
500 1699 772 1765 DUABUS
809 1714 1110 1764 EPOCHIS
1150 1694 1878 1776 CHRIST1,ssf‚{-³3‘1¹;„P{

1655 1788 1816 1822 Auctarii
1847 1800 1877 1824 ο.

162 1823 235 1862 Ex
281 1820 575 1861 SENTENHA
613 1820 886 1859 PANonom
932 1820 1001 1858 ET
1048 1817 1314 1866 DIONYsu,
1359 1817 1427 1855 Ac
1466 1816 1687 1869 lsAA01,1
1712 1845 1751 1878 1,
1770 1834 1853 1870 293

471 1889 567 1927 SEU
598 1887 974 1928 RECENTIORUM
1005 1886 1354 1926 scfflPTORUM.

280 1980 363 2054 Erit
394 2015 463 2067 qui
492 2015 543 2053 ad
572 2014 661 2053 illas
702 2014 804 2053 duas
842 2014 1000 2053 tertiam
1041 2018 1160 2066 putet
1196 2011 1515 2065 adjungendam,
1546 2024 1652 2062 quae
1688 2046 1691 2050 ,

166 2069 314 2124 annum
364 2072 655 2110 Incarnationis
695 2079 735 2111 et
781 2072 931 2110 Natalis
980 2076 1190 2122 computat
1230 2069 1280 2107 ab
1327 2069 1482 2106 Adamo
1526 2068 1651 2110 5507.

166 2144 285 2182 quam
317 2128 513 2167 adhibent
541 2135 724 2168 auctores
756 2128 913 2180 aliqui,
960 2135 1006 2166 ut
1047 2126 1364 2166 Alexandrinum
1406 2124 1653 2174 Chronicon,

165 2200 246 2225 uno
278 2186 671 2234 minus.Cedrenus,
703 2185 772 2237 qui
802 2200 905 2223 anno
937 2186 1061 2228 5506.
1092 2184 1135 2222 id
1173 2197 1257 2223 esse
1296 2184 1445 2221 sactum
1488 2182 1650 2231 assei-im

166 2250 207 2283 et
235 2245 303 2296 qui
335 2258 438 2282 anno
470 2243 595 2285 5500.
626 2249 762 2280 ortum
793 2241 968 2290 Christi,
1010 2243 1236 2280 Passionem
1273 2242 1396 2283 5533.
1432 2240 1651 2289 assignant,

167 2315 303 2340 errare
336 2300 558 2340 contendit.
617 2300 697 2337 Sed
728 2298 836 2337 hanc
875 2313 1007 2337 aeram
1046 2298 1095 2336 ab
1135 2297 1231 2347 illa,
1275 2310 1375 2348 quae
1413 2303 1473 2335 est
1512 2296 1653 2342 isaaci,

168 2358 398 2410 discrepare
427 2371 508 2395 non
539 2355 735 2406 arbitror,
767 2356 835 2393 sed
865 2355 909 2393 in
940 2356 1080 2394 eodem
1113 2360 1305 2406 computo
1337 2354 1543 2392 diversum
1576 2367 1650 2391 an-

166 2429 263 2455 num
307 2415 594 2454 incarnationis
635 2414 925 2465 praestituere,
971 2418 1067 2464 puta
1105 2411 1272 2449 bienniov
1298 2425 1428 2448 aeram
1461 2424 1651 2449 commu-

167 2487 258 2511 nem
300 2479 575 2519 antevertere,
627 2477 666 2509 et
705 2471 737 2508 si
779 2470 829 2508 de
863 2469 1071 2508 amborum
1110 2468 1276 2507 illorum
1316 2468 1511 2506 sententia
1549 2466 1650 2504 nihil

169 2536 275 2568 uerte
305 2530 493 2581 consequi
522 2527 746 2581 possimus,
786 2533 992 2579 praeterea
1032 2525 1144 2577 quod
1176 2524 1360 2577 imperite
1390 2525 1521 2562 omnia
1551 2537 1651 2575 per—

142 2634 144 2636 ,
169 2587 366 2636 miscent,
389 2594 429 2626 et
458 2600 526 2625 eos
559 2584 890 2624 characterismos
914 2582 1128 2632 adhibent,
1160 2583 1230 2635 qui
1251 2582 1456 2621 conciliari
1476 2581 1649 2620 invicem

169 2650 385 2696 nequeunt.
447 2643 559 2687 Adde
591 2643 685 2695 Cap.
716 2655 756 2682 V.
