1884 3262
593 179 862 222 CHRONICI
887 180 1192 223 PASCHALIS.
1542 179 1603 225 21
1614 180 1645 224 3

166 302 303 328 eorum
333 294 447 341 parte
477 288 655 330 accedat.
722 290 820 328 Cum
863 290 964 328 enim
1008 304 1172 330 numero
1213 299 1409 330 annorum
1450 306 1471 330 a
1512 291 1642 344 prima

164 346 387 385 Indictione
417 359 492 397 per
520 359 575 384 vi.
607 346 824 384 distributo
842 377 852 395 ,
892 347 995 389 nihil
1025 355 1150 387 restat
1176 349 1405 400 reliquum,
1446 348 1508 386 illi
1539 363 1642 388 anno

162 403 369 442 Bissextus
398 402 645 442 inserendus.
706 403 774 441 Sic
802 404 842 441 in
874 405 1008 442 futura
1039 405 1265 444 Indictione
1294 412 1460 454 octava,
1494 419 1640 445 nume·-

162 474 232 499 rus
271 460 502 498 octonarius
542 460 582 498 in
620 474 675 498 1v.
717 460 960 499 distributus
1002 460 1102 500 nihil
1153 462 1250 501 facit
1287 462 1502 515 reliquum.
1567 465 1640 502 Est

118 529 124 537 ·
161 517 266 556 enim
296 517 367 555 ille
397 530 524 554 annus
559 517 608 555 ab
647 517 784 556 eadem
825 518 955 570 prima
988 518 1215 558 Indictione
1253 533 1421 571 prorsus
1458 527 1635 561 octavus.

159 574 352 613 Similiter
382 580 420 612 et
447 574 488 611 in
518 587 622 612 anno
650 587 724 614 xit.
756 581 795 613 et
823 575 864 613 in
894 588 979 615 xvx.
1010 590 1031 613 a
1062 576 1190 627 prima
1220 577 1289 614 illa
1319 577 1579 629 Indictione,
1597 585 1638 618 et

156 631 199 669 in
229 631 396 683 reliquis
436 630 622 683 deinceps
650 631 789 670 eodem
830 633 973 671 ordine
1009 633 1358 685 respondentibus,
1418 634 1500 682 Qui
1531 635 1636 674 enim

155 688 303 740 reliqui
333 694 550 740 supersunt
579 689 645 740 (ut
672 687 761 727 fieri
790 689 912 740 solet)
950 695 1043 740 post
1073 690 1311 729 divisionem
1342 704 1418 743 per
1446 698 1635 743 quatuor,

154 745 214 783 illi
244 751 338 783 sunt
367 745 461 783 anni
490 759 511 782 a
544 745 749 796 Bissexm,
795 759 868 785 seu
897 759 1003 785 unus
1043 747 1166 786 fuerit
1203 747 1392 797 relictus,
1435 762 1506 787 seu
1536 749 1634 798 duo,

153 816 224 841 seu
255 809 350 841 tres.
407 801 593 852 Horum,
627 808 670 840 ut
700 803 806 851 dixi,
849 810 1030 854 quartam
1068 818 1146 843 non
1189 804 1409 856 accipimus
1438 805 1633 845 unitatem

153 859 248 898 dum
288 865 463 910 quatuor
501 871 693 898 annorum
744 873 934 900 numerus
975 860 1097 899 fuerit
1146 861 1344 912 impletus.
1413 862 1516 901 Tum
1555 877 1630 915 pro

151 922 294 968 quarta
337 928 474 954 eorum
511 921 627 968 parte
665 916 797 955 unitas
837 917 1032 957 addenda.
1107 918 1242 966 Quare
1283 918 1477 958 unitatem
1516 919 1629 959 illam

149 974 199 1011 ab
229 986 427 1011 annorum
457 987 533 1012 vu.
575 971 619 1027 (a
650 973 778 1026 prima
808 974 1033 1013 Indictione
1064 976 1115 1013 ad
1147 989 1232 1014 eam
1265 988 1366 1026 quae
1393 976 1473 1029 jam
1503 976 1630 1017 instat

147 1034 237 1081 vn.)
266 1044 340 1083 per
377 1036 555 1081 quatuor
589 1030 870 1069 distributione
898 1032 1093 1070 relictam.
1142 1044 1215 1072 vn.
1246 1032 1326 1070 illis
1357 1035 1473 1071 annis
1503 1039 1650 1086 opor-x

145 1087 245 1126 tebit
273 1086 459 1140 adjicere.
519 1088 573 1125 Ea
606 1087 731 1138 igitur
761 1089 914 1140 adjecta
944 1095 1061 1141 parte
1082 1094 1243 1140 quarta,
1274 1090 1500 1141 prodibunt
1530 1092 1625 1129 anni

142 1157 313 1183 numero
348 1149 455 1184 octo.
513 1144 669 1182 Horum
699 1158 827 1193 unus,
872 1146 930 1184 uti
971 1146 1051 1197 jam
1091 1146 1360 1196 ostendimus,
1389 1147 1624 1187 subducen—

142 1201 231 1240 dus.
291 1201 351 1249 lta
381 1214 520 1240 rursus
550 1209 788 1254 supererunt
816 1216 986 1241 numero
1017 1209 1179 1255 septem.
1217 1203 1288 1242 His
1320 1203 1505 1244 addenda
1536 1204 1624 1244 dies

143 1258 192 1298 de
222 1272 301 1310 qua
340 1258 565 1297 instituitur
604 1260 805 1310 quaestio,
851 1260 1003 1312 Aprilis
1048 1260 1290 1308 undecima,
1338 1274 1440 1313 quae
1480 1261 1622 1300 eodem

140 1317 252 1368 apud
283 1315 580 1354 Alexandrinos
608 1329 678 1353 xv.
710 1322 779 1355 est.
837 1316 944 1368 Ergo
974 1323 1124 1367 septem
1155 1317 1258 1366 illis,
1289 1317 1419 1356 ablata
1451 1319 1621 1369 unitate,

138 1372 294 1412 relictis
325 1371 474 1411 addere
506 1378 667 1424 oportet
697 1372 952 1423 quindecim,
983 1380 1023 1412 et
1051 1374 1148 1412 fient
1167 1388 1271 1412 xxn.
1331 1375 1456 1413 Porro
1486 1391 1507 1414 a
1538 1377 1618 1414 Se-

136 1430 311 1483 ptembri
341 1442 496 1467 menses
539 1429 767 1468 numerabis
806 1430 855 1468 ad
897 1431 1122 1481 quaesitum
1160 1444 1289 1482 usque
1331 1445 1532 1481 mensem,
1574 1433 1617 1470 id

137 1493 198 1532 est
229 1486 424 1539 Aprilem,
457 1492 632 1537 suntque
663 1492 770 1526 octo.
799 1486 852 1524 Hi
882 1486 1077 1539 duplicati
1110 1489 1263 1526 faciunt
1293 1488 1465 1527 sedecim
1516 1489 1615 1527 Illos

135 1543 239 1582 adde
268 1542 487 1595 praedictis
505 1557 609 1581 xxn.
641 1550 838 1595 eruntque
862 1543 916 1589 ‚in
947 1545 1181 1583 universum
1207 1558 1384 1583 xxxvm.
1442 1547 1505 1585 Ex
1529 1545 1614 1584 ‘hoc

130 1600 268 1653 itaque
297 1614 464 1639 numero
493 1613 670 1639 xxxvm.
701 1614 775 1653 per
803 1600 882 1638 vn.v
906 1601 1060 1650 diviso,
1099 1602 1236 1655 ejectis
1266 1602 1445 1654 quinque
1475 1609 1612 1655 septe-

132 1659 276 1702 nariis,
309 1663 552 1709 supererunt
581 1663 687 1706 tres,
716 1671 738 1694 e
767 1658 913 1708 quibus
942 1659 1199 1709 intelligimus
1230 1659 1429 1698 decimum
1464 1660 1611 1712 Aprilis

130 1715 278 1753 mensis
309 1715 414 1753 diem
441 1715 482 1753 in
512 1715 650 1753 feriam
681 1714 924 1767 septimanae
954 1716 1114 1755 tertiam
1143 1717 1363 1757 incurrere.

126 1883 523 1932 Demonstratio
569 1899 663 1932 cur
707 1892 975 1949 oporteat,
1030 1891 1349 1950 quaerentes
1386 1890 1606 1951 quotam

263 1962 460 2011 mensis
495 1961 831 2013 Alexandrini
869 1963 1037 2028 diem,
1075 1981 1103 2013 a
1138 1964 1308 2013 tribus
1345 1971 1465 2012 ante

425 2043 801 2108 Septembrem
840 2043 1027 2093 diebus
1063 2044 1312 2110 incipere.

237 2170 439 2220 Quoniam
467 2172 731 2210 necessarium
763 2177 823 2210 est
854 2178 901 2211 ut
930 2172 1124 2220 sciamus,
1154 2171 1313 2223 quoties
1339 2167 1602 2210 Alexandrini

121 2229 266 2267 mensis
296 2228 402 2276 diem
429 2228 733 2279 investigamus,
765 2242 840 2267 cur
867 2234 948 2266 tres
986 2228 1254 2280 accipiamus,
1285 2233 1377 2266 ante
1405 2228 1597 2278 Septem-

95 2284 203 2324 ·bris
231 2286 413 2335 initium,
443 2285 547 2335 dies;
586 2285 794 2325 sciendum
834 2284 950 2323 nobis
981 2285 1168 2323 Romanis
1197 2285 1373 2336 primum
1400 2283 1596 2322 mensium

52 2374 57 2378 .
119 2342 322 2382 numerari
352 2342 605 2394 Januarium,
656 2341 935 2381 Alexandrinis
972 2348 1104 2380 autem
1144 2342 1436 2393 Septembrem,
1476 2353 1594 2391 quem

120 2405 161 2438 et
189 2399 325 2438 Thoth
358 2399 573 2451 appellant.
630 2399 737 2444 Huic
765 2399 903 2450 itaque
933 2404 1146 2437 accensent
1175 2405 1257 2438 tres
1277 2398 1446 2450 Augusti
1469 2410 1592 2449 supra

117 2469 330 2496 numerum
367 2456 476 2506 dies,
515 2457 682 2507 singulis
722 2456 911 2494 nimirum
950 2455 1154 2494 mensibus
1192 2455 1277 2494 dies
1305 2467 1404 2494 xxx.
1443 2467 1592 2493 conce-

119 2513 278 2553 dentes:
309 2513 368 2552 sic
400 2514 503 2552 enim*
533 2528 687 2552 menses
719 2527 812 2551 suos
836 2526 1047 2551 numerare.
1077 2513 1208 2551 solent
1226 2511 1502 2551 Alexandrini.
1547 2510 1588 2548 Si

118 2570 220 2608 enim
265 2570 348 2612 dies
391 2570 439 2608 ab
476 2571 640 2609 ineunte
676 2570 864 2608 Januario
904 2570 951 2608 ad
995 2569 1162 2620 Augusti
1201 2568 1343 2618 finem,
1392 2567 1587 2606 mensium

116 2627 303 2666 nimirum
332 2633 447 2677 octo,
475 2627 518 2666 in
535 2642 655 2666 unam
677 2642 868 2666 summam
898 2627 1154 2677 colligamus,
1185 2631 1301 2665 erunt
1319 2626 1403 2663 dies
1423 2637 1590 2663 ccxun.

117 2683 333 2722 Subductis
362 2697 503 2723 rursus
531 2698 621 2723 vn1.
651 2686 851 2724 mensibus
881 2683 1180 2727 Alexandrinis,
1210 2696 1312 2721 xxx.
1333 2681 1512 2730 dierum,
1541 2686 1589 2719 ut

118 2741 230 2790 dixi,
269 2741 456 2792 singulis,
498 2742 644 2794 reliqui
672 2743 930 2781 invenientur
957 2740 1043 2778 dies
1073 2746 1153 2778 tres
1184 2745 1273 2777 ante
1301 2752 1475 2777 mensem
1504 2738 1587 2776 Ro-

115 2810 279 2835 manum
307 2811 478 2847 nonum,
521 2812 639 2850 quem
675 2806 885 2838 numerant
917 2799 1090 2850 primum
1123 2795 1396 2834 Alexandrini.
1456 2794 1586 2842 Quem

115 2854 251 2906 itaque
281 2854 443 2908 Augusti
475 2854 580 2894 diem
619 2871 691 2895 nos
721 2870 864 2895 xxxm.
893 2867 1175 2905 numeramuS,
1208 2853 1380 2894 eundem
1408 2851 1583 2891 Alexan·
