1820 3276
273 205 373 255 426
838 210 1158 255 NOTAE

274 318 422 359 Marius
449 317 629 358 aventio.
660 317 852 372 Evagrius
880 321 949 361 lib.
979 334 1023 364 ιι.
1054 336 1142 375 cap
1169 321 1519 376 xv1.'1’heophan.
1549 336 1613 364 an.
1639 335 1743 363 vnn.

273 375 438 424 Leonis,
468 375 638 415 Cedren.
668 382 744 416 etc.
786 400 790 406 ι
1737 408 1741 414 .

386 431 483 472 lond.
541 431 626 472 Καὶ
646 427 831 487 απῆλθεν
850 434 908 483 εἰς
932 430 1103 488 Ραίμην]
1132 435 1170 474 Is
1196 448 1339 487 nempe
1367 436 1528 475 natione
1551 436 1732 475 Graecus

272 488 369 527 fuit:
399 489 507 528 unde
535 489 717 529 Eunodio
749 490 792 529 in
820 490 910 530 Vita
952 493 991 532 S.
1018 490 1230 544 Epiphanii
1270 491 1461 544 Episcopi
1498 492 1738 541 Ticinemiu,

272 551 311 584 et
340 545 705 598 lib.1.E}1stv11.
736 548 958 598 Graeculus,
985 554 1028 587 et
1057 549 1217 587 Graecus
1236 548 1434 600 Imperator
1455 548 1621 588 dieitur.
1647 548 1737 588 Sed-

271 607 311 640 et
340 602 826 656 Constanunopolitanum
856 604 978 645 fuisse
1007 611 1179 644 testatur
1204 604 1395 644 Sidonius
1422 605 1466 644 in
1495 605 1582 660 ejus
1609 605 1733 645 Pane·

272 671 433 712 gyrwe
602 737 660 745 —-·
717 715 776 755 Tu
804 716 875 754 tale·
900 717 988 755 cim
1015 718 1061 756 ab
1087 718 1173 756 urbe

548 771 720 825 Procopio
745 775 902 823 genitore
929 775 1057 823 micas,
1085 778 1150 813 etc.
1734 806 1735 810 ,

273 826 360 866 Non
394 827 540 867 mirum
574 829 697 881 igitur
732 830 765 868 si
802 830 1266 883 Constantinopolitanus
1301 835 1345 869 et
1383 807 1732 882 Constantinopoli

269 883 414 936 degens
442 884 582 924 aedem
611 887 649 925 S.
679 886 853 925 Thomue
880 887 923 925 in
952 900 997 926 ea
1026 887 1127 926 urbe
1156 886 1391 926 aedificavit.
1443 887 1605 936 Quanto
1631 899 1733 926 'vero

271 947 468 994 apparatu
497 955 544 980 ac
573 943 687 982 cultu
716 943 1002 995 exciperentur
1031 944 1225 996 ejusmodi
1260 943 1304 982 in
1322 943 1546 983 Provinciis
1574 943 1730 983 laurea-

270 1004 334 1037 tae
350 997 636 1050 Imperatorum
654 999 865 1051 imagines,
898 1000 1092 1040 docemur
1119 1000 1350 1053 praesertim
1371 1014 1423 1039 ex
1445 999 1731 1052 Cbrysostomo

269 1060 310 1093 et
342 1054 580 1106 Severiano,
609 1056 709 1095 locis
742 1056 875 1095 anatis
904 1059 945 1095 in
976 1058 1105 1100 Gloss.
1134 1058 1238 1097 med.
1269 1057 1443 1097 Graecit.
1473 1057 1516 1095 in
1544 1070 1585 1097 v.
1614 1060 1735 1107 Aum-¹

269 1106 413 1165 ρᾶτον,
443 1117 484 1150 et
510 1112 554 1150 in
585 1112 832 1165 Appendice.

384 1170 477 1218 Pag·
506 1168 601 1211 597.
631 1173 698 1212 20.
758 1165 931 1220 Μόνου]
961 1167 1021 1207 Ita
1051 1169 1330 1218 Marcellinus,
1356 1168 1580 1217 Victorius,
1610 1170 1733 1208 Sena-.

268 1230 353 1273 tor,
381 1230 461 1264 etc.
518 1225 667 1264 Leonem
686 1239 744 1265 iv.
762 1226 840 1264 cos.
874 1224 1058 1277 adjungit
1086 1226 1226 1265 Victor
1252 1225 1544 1267 Tunnunensis.

383 1283 478 1330 Pag.
508 1281 607 1323 598.
636 1286 676 1324 2.
734 1281 1004 1335 Βορῤαϊὸίον]
1035 1282 1135 1323 cod.
1167 1282 1254 1321 vat.
1287 1282 1527 1335 Βοᾷᾆαΐδου.

381 1336 477 1387 Pag·
507 1338 605 1381 598.
635 1339 676 1380 8.
733 1337 984 1392 Δινζίριχος]
1020 1338 1080 1377 Ita
1109 1338 1284 1391 praefert
1313 1338 1410 1377 Cod.
1439 1338 1528 1377 Vat.
1557 1343 1602 1377 et
1629 1338 1729 1376 Sca·

265 1392 380 1445 ligeri
408 1393 555 1443 editio,
594 1394 662 1433 ubi
693 1395 912 1448 Γινζίριχος
939 1394 1122 1435 ediderat
1150 1395 1342 1435 Raderus.
1396 1395 1583 1434 Denzicem
1610 1399 1733 1434 vocat

265 1450 548 1501 Marcellinus,
581 1450 651 1503 qui
678 1451 719 1490 id
748 1451 876 1491 refert
904 1451 956 1489 ad
985 1465 1130 1491 annum
1154 1465 1235 1504 seq.
1252 1451 1433 1506 Δεγγιζὶχ
1461 1451 1609 1490 dicitur
1635 1451 1735 1491 Pti-,

267 1521 337 1546 sco
365 1520 453 1559 pag
483 1507 549 1550 44.
580 1507 649 1549 45.
677 1508 740 1548 ed.
770 1509 867 1559 Reg.
902 1507 975 1546 ubi
1006 1507 1084 1547 hoc
1120 1509 1270 1548 bellum
1310 1508 1523 1549 describit:
1562 1520 1619 1548 ex
1647 1519 1731 1560 quo

267 1563 538 1604 emendandus
567 1564 751 1619 Scriptor
779 1563 979 1604 Chronici.

383 1623 476 1672 Pag.
505 1620 604 1663 598.
632 1621 672 1665 4.
736 1618 822 1663 Two
848 1618 1114 1676 Αναγαστου]
1166 1621 1205 1660 Is
1232 1620 1420 1672 Magister
1456 1620 1628 1660 militum
1655 1632 1732 1672 per.

261 1675 454 1717 Thracias
483 1676 705 1730 Arnegisilo
734 1677 923 1746 Magistro
954 1684 1210 1720 successerat.
1266 1678 1380 1717 Illius
1409 1683 1616 1731 praeterea
1642 1690 1730 1716 me-

264 1734 380 1774 minit
408 1734 553 1774 Suidas
582 1735 626 1773 in
653 1748 694 1776 v.
724 1730 918 1784 ὑποστάς.

120 1797 150 1833 Ρ
172 1798 240 1835 581
378 1790 474 1841 Pag.
504 1791 598 1834 598.
627 1795 668 1835 6.
726 1787 991 1845 Ξυλόκιρκον]
1031 1790 1374 1845 constantinopol.
1409 1789 1559 1833 chnut.
1594 1789 1666 1832 lib.
1697 1803 1730 1830 ι.
1812 1799 1814 1801 ’

263 1853 359 1888 sect.
385 1860 455 1886 xv.
485 1860 522 1886 ιι.
554 1862 581 1887 ι.
612 1853 652 1887 et
684 1848 754 1889 lib.
780 1862 825 1887 11.
857 1854 956 1889 sect.
984 1862 1013 1887 1.
1042 1862 1082 1888 n.
1110 1861 1197 1888 ΧΠ.

299 1917 301 1919 ’
380 1906 474 1955 Pag.
503 1903 603 1948 598.
630 1907 672 1947 9.
731 1901 928 1957 Ζήνωνος
950 1903 1024 1946 καὶ
1055 1902 1332 1959 Μαρκιανοῦ]
1368 1902 1429 1942 Ita
1456 1903 1500 1942 ἰιι
1526 1903 1572 1943 L.
1606 1915 1727 1945 και.

263 1966 306 2000 et
331 1974 459 2000 xxxv.
490 1960 587 1999 Cod.
618 1961 668 2000 de
699 1961 885 2014 Episcop.
915 1967 955 2000 et
982 1961 1126 2001 Cleric.
1155 1961 1225 2000 ubi
1252 1960 1391 1998 Franc.
1427 1958 1615 1998 Pithoeus
1643 1971 1728 1998 mo-

263 2022 331 2056 uet
357 2017 434 2068 legi
464 2016 506 2055 in
533 2024 613 2056 vet.
642 2017 722 2056 MS.
753 2018 894 2056 Zenone
913 2022 948 2056 et
975 2018 1118 2057 Marco.
1177 2016 1403 2056 Marcianus
1431 2029 1530 2055 vero
1561 2016 1728 2066 Consul,

262 2073 334 2112 sed
364 2074 500 2123 solus,
528 2073 701 2114 habetur
728 2075 770 2113 in
798 2074 1092 2127 subscriptione
1122 2074 1235 2124 Legis
1262 2086 1417 2113 xxxm.
1456 2079 1504 2112 ut
1530 2072 1638 2111 idem
1665 2073 1731 2112 Pi-

262 2129 407 2169 thoeus
436 2137 582 2170 monet.
640 2131 885 2170 Marcianum
917 2144 1040 2183 porro
1078 2131 1140 2169 bis
1172 2130 1430 2169 Consulatum
1459 2128 1627 2181 gessisse
1651 2129 1727 2169 sub

263 2187 393 2225 Leone
422 2186 571 2227 docent
591 2187 723 2238 Fasti,
753 2201 858 2227 anno
886 2187 1039 2227 scilicet
1066 2187 1178 2227 illius
1205 2200 1280 2226 xn.
1310 2191 1352 2225 et
1378 2198 1447 2226 xv.
1478 2185 1556 2225 nisi
1574 2185 1728 2225 Morcus

263 2242 364 2281 alius
394 2244 516 2282 suerit
551 2259 574 2283 a
601 2244 820 2295 Marciano,
865 2244 976 2297 quod
1015 2243 1090 2283 vix
1125 2250 1283 2297 putem·
1331 2255 1425 2282 nam
1462 2243 1546 2282 Lex
1578 2254 1728 2283 xxxxv.

263 2305 302 2338 et
329 2313 458 2339 xxxv.
487 2301 800 2341 subscribuntur
829 2301 980 2354 pariter
997 2301 1128 2341 Marco
1146 2301 1249 2340 Com.
1273 2306 1319 2339 ut
1345 2312 1480 2338 mu.
1498 2297 1601 2339 Mar.
1619 2298 1723 2339 Cone.

379 2358 472 2406 Pdg
504 2358 699 2401 598-10.
755 2357 956 2412 Εβρεξεν]
1003 2358 1050 2396 Id
1080 2357 1130 2396 ad
1159 2357 1303 2397 ludict.
1332 2369 1373 2396 x.
1401 2355 1530 2395 refert
1555 2355 1728 2395 Marcel-

263 2411 392 2462 linus,
428 2412 646 2465 subditque
681 2414 798 2453 istius
841 2414 1044 2454 metuendi
1081 2413 1228 2453 cineris
1255 2412 1483 2452 memoriam
1511 2411 1725 2464 quotannis

265 2483 288 2508 a
315 2469 547 2520 Byzantinis
575 2470 771 2510 celebrari
801 2484 889 2512 vm.
922 2471 981 2510 Id.
1009 2471 1111 2510 Nov.
1141 2469 1252 2523 quod
1279 2480 1437 2508 rursum
1465 2467 1521 2507 ait
1547 2468 1591 2506 in
1614 2468 1724 2508 Ana-

263 2525 385 2565 stasio
411 2525 465 2564 ad
494 2526 752 2566 Consulatum
783 2528 894 2566 Pauli
932 2533 975 2566 et
1004 2526 1221 2566 Musciani.
1267 2525 1426 2564 tametsi
1462 2524 1572 2577 apud
1608 2526 1724 2564 Scri-

262 2588 420 2635 ptorem
450 2581 638 2622 Chronici
666 2583 837 2623 cinerem
866 2584 987 2622 istum
1016 2583 1227 2634 contigisse
1244 2596 1304 2622 11.
1324 2581 1536 2621 Novembr.
1557 2581 1724 2632 legatur,

263 2652 383 2691 quem
411 2639 463 2678 ad
490 2638 597 2679 hunc
625 2653 772 2679 annum
801 2640 954 2692 pariter
980 2645 1145 2679 revocat
1173 2638 1394 2687 Oedi-enus,
1433 2643 1574 2677 contra
1603 2651 1721 2690 quam

263 2695 546 2748 Tbeophanes,
574 2695 645 2749 qui
672 2696 722 2736 ad
751 2710 898 2736 annum
926 2709 1029 2736 xvn.
1058 2695 1210 2735 Leonis.
1257 2694 1370 2733 Illius
1399 2694 1517 2734 etiam
1544 2694 1723 2735 meminit

265 2751 317 2790 Gl
348 2766 428 2795 cas.

317 2765 345 2804 y
382 2812 475 2860 Pag.
505 2810 602 2852 598.
633 2811 696 2852 12.
761 2808 844 2849 Καὶ
870 2806 1067 2861 λέγοντες,
1095 2822 1178 2857 οτι,
1207 2807 1323 2860 πῦρ]
1375 2806 1614 2846 Addidimus
1649 2799 1719 2858 ἦν,

266 2878 317 2905 ex
355 2866 452 2906 cod.
495 2866 621 2908 Vstic.
656 2871 700 2905 et
736 2863 990 2919 Theophane.
1047 2838 1284 2904 Theodorus
1312 2864 1456 2905 Lector
1473 2863 1569 2918 Ε91.
1598 2875 1626 2903 ι.
1656 2864 1720 2903 Εν
