1884 3262
305 202 367 247 12
831 193 1231 236 PRAEFATIO.

303 311 494 361 adscribi,
537 311 631 350 licet
658 323 863 363 perperam
891 309 993 348 forte
1024 309 1215 361 scriptum
1254 309 1374 347 suerit
1409 310 1640 359 Turonensi,
1684 323 1759 362 pro

310 369 578 417 Tunnunensi,
625 368 679 405 ita
705 372 752 404 ut
787 365 1030 404 amanuensis
1061 365 1252 417 quaedam
1281 379 1331 403 ex
1361 364 1559 404 Chronico
1591 366 1762 405 Victoris

301 423 576 462 Tunnunensis
594 424 636 462 in
656 423 789 462 Africa
824 422 1026 473 desumpta
1045 436 1125 460 esse
1151 423 1315 460 innuere
1341 422 1538 471 voluerit,
1582 422 1692 473 quod
1719 423 1761 460 in

302 481 498 519 Justinum
523 481 721 518 Juniorem
741 478 904 527 desinit,
935 479 1044 529 quod
1065 478 1229 517 suadere
1250 478 1411 516 videtur
1434 477 1660 516 Chronicon
1677 479 1763 517 ine-

303 537 430 575 ditum
456 537 593 574 Melliti
612 537 652 574 in
673 536 768 574 cod.
804 535 1010 574 Colberteo
1034 549 1141 573 ccxx..
1166 535 1235 572 ubi
1253 535 1286 572 is
1311 534 1544 573 Toronensis
1563 533 1764 574 Ecclesiae

301 592 516 646 Episcopus
537 593 706 640 dicitur,
737 606 825 630 cum
846 591 894 629 de
911 592 1018 630 illius
1039 591 1233 630 Chronico
1259 590 1350 640 agit.
1394 590 1501 627 Haec
1522 590 1625 629 enim
1646 605 1762 642 pror-

272 690 274 692 ,
304 663 368 686 sus
395 648 584 699 evanida,
634 649 825 700 nulloque
856 648 956 686 fulta
981 648 1237 694 fundamento
1269 647 1402 697 quoad
1433 645 1619 684 Chronici
1648 647 1764 685 istius

88 1260 213 1294 Petrus
224 1259 304 1294 Ale-

101 1305 287 1339 xandrinus

87 1362 154 1386 non
168 1351 236 1385 fuit
244 1362 303 1385 au-

88 1401 163 1432 ctor
182 1397 294 1432 Chro-

121 1441 189 1476 nici
213 1443 280 1476 Pa-

135 1487 273 1523 schalis-

216 1949 290 1984 V5

303 705 587 744 barbarolatini
614 705 878 757 Scriptorem,
908 704 975 756 qui
997 711 1188 756 quantum
1221 703 1414 754 conjicere
1434 703 1529 741 licet
1549 703 1765 755 Aegyptius

304 762 445 811 fuerit,
476 761 544 813 qui
576 775 647 800 nec
676 762 887 809 Graecam,
920 761 987 798 vel
1015 767 1121 799 certe
1152 774 1227 798 nec
1259 759 1434 797 Latinam
1454 759 1629 809 linguam
1651 759 1777 811 probe

308 818 499 867 calluerit,
529 818 685 856 tametsi
702 818 744 856 in
764 818 834 855 illo
853 817 975 855 multa
994 823 1143 866 extent,
1173 829 1272 867 quae
1291 815 1340 853 ad
1360 816 1654 867 Aegyptiorum,
1675 829 1777 867 quo-

306 888 397 914 rum
428 889 559 912 aeram
587 888 742 925 semper
774 872 1040 924 sequiturl),
1082 887 1200 922 regna
1233 871 1452 924 pertinent,
1483 878 1523 910 et
1555 872 1672 922 digna
1700 872 1778 910 sint

306 945 406 983 quae
436 931 616 981 legantur
641 930 758 968 etiam
780 929 915 968 invitis
945 929 1203 978 soloecismis,
1233 935 1399 980 propter
1428 942 1472 967 ea
1495 928 1579 966 sola
1601 941 1700 980 quae
1726 928 1769 966 in

304 1002 349 1027 eo
371 994 507 1026 extant
523 987 634 1025 utilia
665 993 703 1025 et
724 987 849 1024 bonae
877 986 1017 1036 frugis:
1050 999 1147 1036 quae
1168 991 1226 1023 est
1245 985 1433 1023 sententia
1453 984 1627 1036 ejusdem
1648 984 1768 1023 Scali-

304 1044 386 1096 geri
402 1039 461 1098 2).
517 1043 661 1082 Verum
681 1042 780 1081 haec
800 1042 927 1081 obiter
953 1049 991 1080 et
1020 1056 1093 1094 per
1109 1049 1360 1080 transennam
1383 1041 1489 1079 dicta
1509 1040 1584 1079 sint
1605 1041 1654 1079 de
1672 1040 1769 1079 hoc-
1822 1075 1826 1081 .

306 1115 350 1139 ce
370 1100 592 1150 Chronico,
637 1099 745 1151 quod
774 1112 864 1137 cum
888 1098 1047 1151 Cujacio
1074 1098 1115 1136 in
1139 1098 1252 1136 Notis
1280 1097 1425 1136 nostris
1456 1097 1770 1136 Alexandrinum

306 1156 492 1210 deinceps
511 1157 770 1210 appellamus,

417 1271 502 1310 VII.
560 1270 691 1322 Atque
721 1276 766 1309 ut
782 1270 822 1308 in
843 1269 1012 1308 orbitam
1042 1268 1176 1307 redeat
1208 1270 1355 1319 oratio,
1385 1270 1478 1308 licet
1496 1270 1636 1308 Petrus
1665 1267 1774 1319 quis-

307 1327 411 1379 piam
437 1327 724 1365 Alexandrinus
749 1326 972 1378 Episcopus
999 1324 1203 1363 Paschalis
1231 1325 1437 1374 Chronici,
1483 1326 1591 1376 quod
1615 1324 1773 1363 recudi-

305 1398 415 1432 mus,
447 1391 587 1421 auctor
606 1383 783 1422 extitisse
801 1383 994 1433 potuerit,
1024 1395 1103 1419 non
1132 1380 1222 1419 ideo
1244 1388 1394 1429 tamen,
1425 1381 1481 1418 uti
1503 1395 1623 1432 supra
1645 1380 1774 1428 attigi-

304 1454 413 1487 mus,
446 1439 759 1478 Alexandrinum
788 1438 890 1476 illud
920 1437 1111 1490 appellari
1137 1437 1337 1486 debuerit,
1367 1437 1437 1475 sed
1457 1437 1682 1475 Chronicon
1705 1437 1774 1474 Pe-

306 1497 360 1535 tri
381 1495 651 1534 Alexandrini.
685 1494 830 1533 Deinde
848 1495 987 1532 Petrus
1008 1494 1082 1533 iste
1102 1493 1387 1532 Alexandrinus
1406 1493 1640 1545 Episcopus,
1662 1492 1776 1544 cujus

308 1566 450 1592 nomen
481 1553 624 1603 legitur
642 1552 755 1589 initio
779 1551 1041 1601 Syntagmatis
1063 1550 1111 1587 de
1128 1550 1342 1597 Paschate,
1373 1550 1481 1600 quod
1507 1550 1643 1588 codici
1661 1548 1776 1587 Vati—

307 1623 404 1648 cano
436 1608 688 1661 praefigitur,
720 1613 842 1658 prout
867 1613 970 1644 certe
995 1612 1197 1644 exaratum
1220 1606 1445 1656 editumque
1478 1613 1558 1654 est,
1589 1604 1779 1644 Chronici

308 1671 447 1705 auctor
466 1678 549 1704 esse
571 1678 648 1702 non
673 1663 827 1715 potuit,
859 1676 949 1700 cum
967 1662 1120 1714 Martyr
1143 1662 1318 1710 dicatur,
1349 1663 1566 1713 Petrusque
1587 1664 1660 1700 iste
1678 1675 1778 1700 mar-

308 1721 456 1773 tyrium
492 1720 635 1759 obierit
660 1720 879 1771 imperante
908 1718 1177 1766 Diocletiano,
1218 1726 1262 1757 ut
1295 1732 1389 1770 prae
1416 1719 1579 1757 caeteris
1609 1724 1778 1757 testatur

309 1777 551 1829 Epiphanius
571 1775 628 1828 ³),
659 1783 697 1814 et
717 1789 766 1813 ex
783 1789 828 1814 eo
847 1776 950 1813 forte
972 1775 1147 1827 scriptor
1164 1775 1364 1813 Paschalis
1383 1774 1568 1813 Chronici
1586 1773 1651 1826 4),
1683 1787 1779 1826 pro-

308 1835 478 1884 indeque
501 1835 544 1871 in
563 1832 738 1871 Heraclii
765 1838 945 1884 tempora
959 1859 968 1876 ‚
999 1832 1040 1869 in
1070 1845 1169 1882 quae
1190 1831 1455 1882 protrahitur,
1486 1831 1589 1869 illud
1611 1831 1780 1869 deduce-

310 1905 354 1929 re
378 1904 456 1928 non
476 1889 662 1941 potuerit.
722 1889 868 1927 Verum
893 1887 989 1939 quin
1013 1887 1116 1925 idem
1138 1889 1279 1926 Petrus
1301 1894 1442 1926 auctor
1459 1902 1537 1925 non
1559 1888 1610 1925 sit
1629 1887 1778 1926 haben-

314 1947 389 1985 dus
402 1977 412 1995 ,
442 1946 607 1985 suadent
627 1958 705 1983 non
724 1945 872 1993 solum,
904 1945 982 1982 imo
1008 1944 1176 1994 probant
1195 1945 1353 1982 omnino
1376 1957 1476 1995 quae
1496 1945 1537 1981 in
1552 1946 1780 1994 Syntagma-

313 2010 351 2042 te
373 2003 422 2041 de
448 2002 636 2041 Paschate
664 2001 922 2052 proferuntur
941 2015 962 2037 a
985 2000 1169 2039 Chronici
1190 2004 1385 2052 scriptore
1415 2014 1463 2039 ex
1481 2000 1587 2038 illius
1608 2000 1711 2038 libro
1732 2000 1781 2038 de

312 2059 550 2098 Judaeorum
569 2065 608 2097 et
629 2057 940 2095 Christianorum
970 2056 1149 2095 Pascbali
1170 2058 1421 2106 Festivitate‚
1450 2056 1520 2094 ubi
1542 2056 1676 2095 eadem
1696 2057 1781 2094 lau-

315 2116 462 2154 dantur
485 2115 675 2163 sormula,
707 2128 783 2165 qua
804 2113 1014 2165 Hippolyti
1036 2113 1180 2151 Portus
1198 2114 1406 2165 Episcopi,
1436 2113 1668 2164 Apollinarii
1686 2113 1783 2151 Hie-

313 2172 525 2224 rapolitani
549 2170 755 2222 Episcopi,
788 2170 999 2208 Clementis
1029 2170 1308 2219 Alexandrini,
1339 2177 1377 2207 et
1397 2169 1598 2208 Athanasii
1620 2169 1782 2223 scripta,

316 2229 383 2279 qui
413 2229 499 2280 pari
530 2227 683 2265 ratione
714 2226 900 2265 Chronici
931 2232 1113 2264 auctores
1143 2226 1221 2264 dici
1249 2227 1461 2278 potuerint.
1521 2226 1626 2264 Illud
1653 2233 1784 2264 autem

313 2285 422 2323 Petri
451 2283 709 2322 Alexandrini
738 2282 976 2336 opusculum
1008 2289 1142 2321 extare
1172 2283 1237 2321 vel
1266 2283 1439 2321 extitisse
1468 2282 1509 2319 in
1541 2282 1784 2321 Bibliotheca

315 2340 551 2380 Scorialensi
571 2353 660 2377 cum
682 2339 758 2377 alio
775 2339 855 2377 hoc
875 2339 1014 2387 titulo,
1044 2338 1145 2391 Περὶ
1168 2342 1240 2379 τοῦ
1267 2335 1416 2389 Πάσχα,
1448 2338 1515 2378 καὶ
1535 2341 1617 2379 τῶν
1641 2335 1785 2379 τούτου

317 2393 559 2449 ζητημάτων,
591 2396 781 2434 docemur
802 2410 851 2433 ex
868 2396 975 2433 illius
995 2395 1125 2435 indice
1145 2395 1335 2433 Codicum
1353 2396 1595 2433 Graecorum
1613 2395 1786 2434 inedito:

315 2454 386 2492 sed
405 2459 442 2491 et
462 2452 594 2490 haberi
616 2452 656 2489 in
673 2452 916 2490 Bibliotheca
944 2452 1103 2502 collegii
1121 2452 1326 2489 Societatis
1347 2452 1437 2489 Jesu
1461 2452 1786 2500 Caesaraugusta..

316 2510 356 2547 ni
375 2511 416 2548 in
437 2508 626 2561 Hispania
650 2515 782 2547 monet
801 2508 980 2546 Petavius
993 2507 1052 2558 5),
1083 2523 1103 2546 a
1128 2522 1205 2559 quo
1227 2508 1344 2547 semel
1361 2522 1407 2545 ac
1427 2508 1571 2546 iterum
1591 2507 1785 2546 laudatur.

364 2664 403 2708 ¹)
429 2664 604 2697 Herwart.
628 2662 664 2696 in
689 2662 846 2696 Chronol.
876 2675 949 2707 cap.
979 2663 1054 2697 194.

362 2710 411 2752 2)
437 2710 489 2742 Ad
515 2711 655 2742 Graeca
681 2708 823 2742 Eusebii
843 2720 877 2753 p.
902 2710 981 2745 411.
1005 2711 1037 2744 2.
1065 2709 1148 2743 edit.

365 2756 405 2797 ³)
430 2755 469 2788 ln
494 2756 587 2788 haer.
615 2753 788 2788 Meletian.

367 2800 412 2842 ¹¹)
438 2801 476 2832 P.
502 2801 570 2834 276

369 2846 410 2890 ⁵)
435 2847 502 2881 To.
528 2848 560 2881 2.
587 2845 628 2879 de
654 2845 772 2879 Doctr.
797 2849 899 2890 temp.
924 2857 958 2891 p.
987 2846 1064 2882 893.
