1884 3262
340 214 401 262 18
865 201 1274 246 PRAEFATIO.

335 323 378 362 in
395 318 709 373 Praefatione1),
736 331 808 358 seu
827 319 1078 370 Syntagmate
1097 316 1146 356 de
1170 314 1379 364 Paschae,
1409 311 1524 365 cujus
1539 310 1796 357 meminimus,

336 378 571 432 profitetur,
599 377 666 415 vel
684 371 936 426 Πασχάλιον,
966 374 1025 412 uti
1053 372 1197 411 Graeci
1215 370 1486 410 Ecclesiastici
1513 374 1684 416 vocant,
1718 365 1797 407 hoc

337 441 396 474 est
427 435 623 472 Canonem
651 431 701 470 de
735 430 969 470 celebrando
1004 428 1217 477 Paschae,
1255 427 1368 480 cujus
1397 426 1545 478 primos
1571 424 1798 463 conditores

337 489 625 529 Alexandrinos
653 494 872 539 agnoscunt
905 493 1061 526 veteres
1096 498 1230 525 omnes
1272 484 1490 535 scriptores
1529 480 1683 521 Graeci.
1752 478 1798 517 ld

335 560 458 597 porro
497 544 666 583 nominis
697 543 887 593 inditum,
937 543 1046 594 quod
1079 555 1159 580 non
1191 541 1307 579 modo
1345 540 1552 589 utriusque
1585 535 1799 585 Paschatis,

335 602 489 640 Judaici
516 600 688 648 scilicet,
730 613 802 639 seu
839 599 1014 650 Legalis,
1054 604 1094 637 et
1122 596 1267 649 Typici
1298 597 1365 636 vel
1394 593 1625 642 Christiani,
1661 592 1732 631 aed
1761 597 1801 630 et

334 658 637 709 praecipuarum
663 656 943 703 festivitatum,
976 668 1073 707 quas
1100 650 1357 703 δεσποτικὰς,
1388 665 1458 690 seu
1485 650 1631 688 Christi
1653 654 1801 687 vocant

338 713 502 764 Graeci,
544 711 675 753 Latini
708 726 805 751 vero
830 709 1048 760 Mobiles,.
1067 710 1176 762 quod
1210 724 1231 747 a
1265 707 1464 748 Paschatis
1489 706 1555 745 die
1588 704 1799 757 pendeant,

334 770 508 808 indicem
539 767 770 817 exhibeant,
801 768 962 818 diesque
991 773 1132 805 notent
1160 766 1303 817 quibus
1329 764 1505 815 singulae
1531 767 1800 815 peraguntur:

209 836 237 869 P
264 837 308 871 10
332 825 383 865 de
409 825 553 877 quibus
576 825 736 875 quidem
761 822 993 871 Paschaliis,
1021 836 1091 860 seu
1111 821 1384 869 Paschalibus,
1425 833 1536 871 egere
1556 814 1800 868 Scaligerl),

333 888 371 920 et
390 881 574 921 petavius
588 879 660 932 2);
689 880 762 919 sed
791 886 831 919 et
857 893 931 918 nos
952 878 1144 930 quaedam
1173 877 1222 916 de
1250 878 1298 916 iis
1314 877 1512 928 attigimus
1531 876 1575 913 in
1597 873 1800 913 Glossario

333 937 486 978 mediae
524 937 766 975 Graecitatis,
831 934 1063 976 Istiusmodi
1100 940 1311 986 computos
1348 932 1576 980 Paschales‚
1616 943 1687 970 seu
1727 924 1803 970 κό-

332 997 452 1042 κλους
472 990 766 1046 ἓορταστικοΰς,
798 988 1039 1039 Ραεοῆαῑία,
1069 988 1281 1029 Paschales
1304 988 1459 1041 cyclos,
1491 985 1682 1035 circulos,
1714 1000 1804 1025 our-

333 1065 424 1099 sus‚
465 1064 662 1098 recursus,
720 1050 867 1101 passim
895 1053 1041 1086 vocant
1075 1046 1295 1094 Victorius,
1336 1044 1586 1093 Gennadius,
1623 1044 1801 1090 Senator,

334 1105 422 1144 Ado
439 1105 694 1151 Viennensis,
724 1104 857 1154 Beda,
887 1104 1032 1142 Paulus
1058 1102 1357 1152 warnefridus,
1392 1108 1430 1141 et
1452 1100 1534 1139 alii:
1563 1099 1803 1138 recentiores

232 1168 264 1201 V
286 1169 308 1203 9
333 1175 430 1200 vero
458 1175 509 1200 ex
524 1161 690 1200 Graecis
709 1161 999 1213 scriptoribus,
1027 1159 1069 1198 in
1095 1159 1240 1212 quibus
1269 1164 1363 1198 sunt
1383 1159 1424 1198 S.
1440 1156 1638 1197 Maximus
1655 1154 1729 1207 ³),
1765 1160 1804 1195 ot

330 1216 578 1269 Nicephorus
599 1218 794 1269 Gregoras
809 1215 883 1269 4),
919 1212 1136 1269 Πασχάλια.

115 1333 330 1368 Paschalium
444 1329 554 1368 XIII.
612 1329 771 1379 Duplex
795 1333 924 1366 autem
956 1327 1032 1365 fuit
1058 1324 1301 1364 Paschaliwn
1329 1324 1710 1363 conscribendorum
1736 1336 1804 1361 ra·

113 1379 311 1414 scribessd0·
334 1385 409 1425 tio:
439 1386 562 1425 altera
585 1386 690 1424 enim
718 1384 886 1434 simplex
909 1387 991 1431 est,
1021 1381 1145 1420 altera
1172 1379 1313 1418 fusiori
1331 1380 1614 1418 commentario
1632 1380 1804 1418 illustra-

114 1425 310 1505 {ffimmzffig-
334 1447 412 1481 tur.
471 1442 582 1482 Prior
610 1443 651 1477 in
671 1437 871 1478 paschalis
897 1438 1002 1477 Festi
1027 1437 1105 1477 diei
1123 1435 1425 1487 investigandae
1447 1435 1658 1484 methodo,
1687 1435 1804 1473 tabu-

115 1517 179 1550 (ωδ
196 1498 383 1562 duplexJis
402 1497 519 1538 etiam
535 1495 738 1537 interdum
763 1495 803 1533 in
823 1494 930 1533 idem
959 1500 1233 1545 argumentum
1265 1492 1476 1540 confectis,
1505 1498 1591 1531 tota
1610 1497 1805 1540 versatur,

335 1552 560 1606 cujusmodi
596 1558 653 1591 est
684 1551 897 1603 Hippolyti
934 1550 1165 1589 Portuensis
1199 1549 1389 1601 Episcopi
1428 1549 1564 1587 Canon
1602 1546 1806 1586 Paschalis

331 1624 417 1649 xvx.
441 1622 658 1657 annorum,
690 1607 760 1659 qui
789 1607 973 1658 proxime
1000 1607 1051 1645 ad
1073 1606 1219 1645 Urbem
1245 1605 1453 1654 inventus,
1482 1618 1530 1643 ac
1548 1607 1712 1643 Romam
1733 1603 1806 1644 de-

333 1667 460 1715 latus,
490 1671 530 1705 et
559 1665 601 1702 in
634 1663 884 1706 Bibliotheca
909 1663 1101 1702 Vaticana
1129 1661 1353 1714 repositus,
1382 1676 1404 1701 a
1430 1662 1529 1701 viris
1556 1660 1686 1700 doctis
1711 1660 1806 1700 sub-

334 1721 426 1760 inde
456 1722 679 1761 illustratus
706 1725 786 1769 est,
824 1720 1025 1770 Scaligero
1050 1719 1202 1757 scilicet
1231 1718 1273 1756 in
1302 1718 1417 1756 libris
1447 1718 1499 1757 de
1522 1716 1806 1756 Emendatione

333 1784 579 1829 temporum,
612 1782 651 1817 et
672 1777 712 1814 in
734 1775 846 1814 Notis
875 1775 927 1815 ad
945 1775 1106 1814 Eusebii
1125 1774 1374 1822 Chronicon,
1403 1787 1453 1812 ex
1470 1773 1616 1825 quibus
1638 1774 1680 1812 in
1699 1774 1806 1811 Gru-

332 1834 504 1873 terianas
538 1831 821 1884 Inscriptiones
860 1838 920 1871 est
948 1832 1116 1880 relatus,
1158 1830 1302 1869 deinde
1336 1830 1385 1868 ab
1420 1829 1583 1881 Aegidio
1608 1829 1808 1869 Eucherio

334 1889 387 1928 ad
405 1890 603 1928 Canonem
623 1887 855 1929 Paschalem
874 1888 1065 1937 Victorii,
1094 1901 1141 1926 ac
1163 1900 1293 1939 nuper
1314 1885 1484 1938 denique
1504 1900 1525 1923 a
1545 1886 1637 1924 viro
1657 1886 1808 1925 doctis·

334 1945 432 1984 simo
451 1951 506 1985 to.
527 1958 572 1984 11.
589 1946 793 1985 variorum
815 1958 1036 1983 sacrorum:
1066 1943 1117 1982 de
1146 1956 1225 1994 quo
1254 1942 1427 1994 quiden!
1442 1942 1655 1995 Hippolyti
1679 1944 1808 1981 Cano·-

333 2015 384 2040 ne
405 2002 463 2040 sio
486 2000 626 2040 scribit
645 2001 836 2042 Eusebius
856 2000 925 2039 lib.
952 2014 1008 2040 VI.
1038 2000 1137 2039 Hist.
1166 1999 1275 2038 Eccl.
1305 2012 1396 2051 cap.
1423 2012 1529 2037 xxn.
1593 1996 1684 2041 Τότε
1704 2000 1808 2051 δῆτα

334 2056 405 2098 καὶ
444 2054 667 2105 Ιππόλυτος
704 2054 929 2098 συντάττων
957 2054 1054 2110 usto}
1093 2057 1287 2097 πλείστων
1323 2053 1454 2096 ἄλλων
1488 2053 1804 2109 ὑπομνημάτων,

335 2112 403 2154 καὶ
440 2112 532 2166 περὶ
569 2116 642 2154 τοῦ
670 2110 814 2166 Πάσχα
850 2114 1064 2166 πεποίηται
1103 2108 1361 2166 σύγγραμμα,
1400 2111 1444 2152 ἐν
1476 2106 1509 2166 ᾧ
1538 2114 1620 2152 τῶν
1647 2108 1806 2166 χρόνων

337 2166 577 2223 ἀναγραφήν
609 2168 844 2222 ἐκθέμενος,
881 2171 950 2210 καί
985 2185 1077 2210 τινα
1101 2166 1255 2210 κανόνα
1291 2167 1684 2221 ἕκκαιδεκαετηρίὸος
1713 2166 1808 2222 περὶ

337 2228 411 2266 τοῦ
431 2222 574 2277 Πάσχα
595 2227 791 2279 προθεὶς,
831 2225 895 2267 ἐπὶ
925 2223 971 2268 τό
1007 2228 1167 2280 πρῶτον
1188 2224 1273 2272 ἔτος
1298 2220 1603 2278 Αὐτοκράτορος
1628 2220 1808 2274 Αλεξάν·

338 2283 437 2334 ὅρου
466 2279 561 2328 τούς
593 2278 758 2334 χρόνους
786 2278 1044 2336 περιγράφει,
1073 2282 1115 2320 id
1144 2287 1203 2320 est
1230 2281 1446 2333 interprete
1477 2281 1599 2321 Henr.
1623 2281 1804 2320 Valesio:

338 2334 485 2377 Eodem
514 2347 681 2390 tempore
709 2348 744 2376 et
771 2337 1011 2392 Hippolytus
1034 2340 1134 2377 inter
1157 2335 1331 2390 plurima
1362 2335 1446 2376 alia
1474 2338 1621 2390 ingenii
1639 2339 1702 2377 sui
1719 2351 1805 2376 mo-

339 2403 543 2441 numenta,
572 2391 714 2432 librum
739 2393 787 2432 de
808 2394 967 2434 Pascha
991 2395 1233 2447 composuit.-
1262 2394 1303 2431 in
1330 2407 1407 2446 quo
1437 2402 1650 2446 temporum
1671 2395 1807 2434 serien

341 2448 579 2498 describens,
615 2459 650 2487 et
687 2448 882 2489 Cononem
909 2449 1103 2504 quendam
1139 2447 1368 2489 Paschalem
1396 2464 1467 2503 per
1495 2463 1580 2488 XVI.
1611 2464 1805 2489 annorum

385 2628 427 2672 1)
452 2627 491 2692 {¹¹
516 2627 668 2662 Praefat.
702 2630 739 2661 et
768 2626 802 2661 in
827 2627 956 2663 chron.
990 2639 1026 2674 p.
1049 2629 1104 2665 75.
1129 2628 1186 2663 76.
1212 2627 1288 2663 117.
1311 2627 1391 2663 210.
1414 2628 1499 2663 211.
1518 2627 1600 2663 215.
1621 2627 1705 2663 216.
1725 2627 1805 2663 τεο.
1840 2602 1841 2605 ’

385 2720 401 2739 ²
411 2673 797 2762 )2{ib.2}.5⁸d}23mend
819 2721 922 2764 temp.

385 2765 425 2805 Σ’)
450 2765 489 2799 L.
515 2764 547 2798 8.
572 2763 715 2799 auctarii
739 2775 816 2810 cap.
843 2765 898 2801 12.

384 2810 427 2851 ⁴¹)
451 2810 547 2844 Part.
577 2812 607 2845 1.
633 2821 664 2844 c.
689 2811 744 2846 16.

384 2855 426 2898 ⁵)
451 2855 549 2890 Isaac
571 2858 696 2901 Argyr.
720 2867 756 2902 p.
782 2856 863 2892 383.
