1884 3262
577 205 988 249 PRAEFATIO.
1530 206 1562 253 9

94 327 212 378 gitat‚
242 324 419 364 meminit
437 322 544 362 idem
575 323 830 361 casaubonus
850 322 911 373 l),
942 337 964 361 a
988 335 1068 375 quo
1096 335 1138 361 se
1166 321 1304 360 emisse
1328 324 1497 359 testatur
1517 318 1568 357 li-

93 384 212 422 brum
242 382 337 421 Julii
362 380 541 420 Africani
569 379 619 418 de
645 379 794 418 Bellico
830 386 1051 430 apparatu,
1095 385 1134 418 et
1156 379 1435 429 Fragmentum
1461 376 1568 414 Petri

94 439 354 479 Alexandrini
384 438 434 476 de
453 435 667 486 Paschate3
698 435 804 475 unde
833 449 915 473 non
935 437 1053 475 modo
1072 436 1181 474 illius
1204 441 1310 474 aetas
1331 433 1566 487 percipitur,

97 497 170 536 sed
186 503 226 536 et
246 496 429 534 dubietas
448 495 601 543 oritur,
631 507 681 531 an
699 493 733 531 is
751 506 800 531 ex
818 493 997 531 Romano
1018 492 1234 544 exemplari
1255 490 1480 530 Chronicon
1501 503 1569 528 ex-

98 552 316 605 scripserit,
329 551 522 604 siquidem
533 564 580 589 ex
592 550 758 589 Graecia
770 550 1016 588 mercatorin
1029 550 1180 588 Gallias
1192 548 1365 588 venerit:
1382 548 1456 586 nisi
1466 547 1570 585 forte

95 610 216 650 fuerit
232 624 281 648 ex
291 610 370 648 illis
381 607 624 660 Antiquariis
632 606 1236 656 VaticanaeBibliothecae,fere
1245 619 1399 657 semper
1410 604 1570 643 natione

99 667 281 717 Graecis,
308 666 377 717 qui
409 679 458 703 ex
486 664 594 703 illius
613 664 759 702 Codice
786 662 930 702 haecce
954 664 1259 715 qualiacumque
1284 662 1359 700 sibi
1380 660 1570 700 transcri-

97 724 237 776 pserit.
295 723 349 761 Ut
369 728 414 760 ut
439 721 511 771 sit,
542 735 586 760 ea
609 726 797 774 excerpta
829 733 919 758 cum
939 719 1113 772 Josepho
1133 720 1332 770 Scaligero
1350 717 1572 757 communi-

99 787 224 819 casset
244 779 521 825 Casaubonus‚
564 777 599 816 is
619 791 709 816 cum
729 777 890 816 Eusebii
911 776 1108 816 Chronico
1128 791 1149 814 a
1171 790 1212 815 se
1235 775 1449 821 adornato,
1490 788 1571 813 una

100 850 191 876 cum
219 836 307 875 aliis
335 835 530 874 similibus
560 834 790 884 Chronicis,
818 843 977 887 propter
1002 834 1273 887 cognationem
1292 834 1498 882 materiae,
1528 837 1575 870 ut

98 894 184 946 ipse
204 893 284 943 ait,
313 892 384 932 illa
413 891 566 931 edenda
597 891 774 940 curavit,
809 889 1027 930 Chronicae
1054 900 1267 943 temporum
1288 888 1486 942 Epitomes
1515 889 1575 927 in-

100 950 329 1002 scriptione.
403 949 549 988 verum
576 949 618 988 in
655 947 914 988 exscribendo
956 948 1184 997 Augustano
1210 946 1424 998 exemplari
1450 946 1575 983 multa

98 1006 366 1060 praetermisit
383 1006 469 1059 ipse
494 1005 774 1057 casaubonus,
806 1005 875 1056 qui
904 1018 926 1042 a
949 1004 1148 1043 Graeculo
1178 1003 1352 1055 quodam
1379 1003 1575 1052 (Dal-ma-

98 1065 164 1103 rio
178 1063 391 1114 videlicet)
421 1068 648 1115 acceptum,
678 1069 724 1100 ut
743 1062 881 1100 scribit
898 1061 1093 1111 Scaliger,
1123 1074 1241 1099 manu
1263 1073 1333 1098 sua
1353 1060 1576 1112 descripse-

99 1127 185 1168 rat3
227 1116 465 1174 (antequam
494 1119 542 1158 ab
565 1119 802 1159 Hoeschelio
833 1115 1056 1172 emeretur)
1087 1119 1179 1170 quia
1207 1117 1363 1156 fortean
1395 1131 1487 1155 cum
1508 1131 1577 1155 ex-

102 1178 330 1230 scriptionis
358 1179 532 1227 integrae
558 1176 792 1216 difficultate
816 1174 1106 1225 deterreretur,
1146 1187 1247 1227 quae
1272 1174 1389 1212 obvia
1413 1180 1482 1212 aut
1507 1186 1574 1211 su-

98 1248 347 1288 pervacanea
374 1234 647 1284 existimabat,
678 1233 894 1272 omittenda
921 1232 1128 1271 censuerit.
1186 1230 1265 1269 Sed
1298 1231 1400 1269 etin
1430 1244 1576 1268 annum

99 1305 169 1332 xx.
200 1291 387 1330 Mauricii
406 1291 509 1343 Imp.
530 1289 727 1330 duntaxat
750 1289 978 1328 Chronicon
995 1289 1097 1327 illud
1121 1288 1459 1326 Casaubonianum
1478 1287 1578 1326 desi-

101 1349 182 1398 nit,
212 1348 374 1400 reliquis
399 1348 550 1400 pariter
580 1348 735 1386 omissis
765 1360 894 1398 usque
926 1345 978 1383 ad
1004 1346 1177 1384 Heraclii
1210 1359 1354 1383 annum
1389 1359 1511 1384 xviu.
1537 1344 1581 1381 in

104 1419 221 1457 quem
235 1405 386 1444 desinit
405 1405 494 1456 ipse
526 1404 664 1444 Codex
684 1404 913 1444 Vaticanus,
978 1400 1056 1442 Cur
1075 1412 1202 1440 autem
1225 1399 1409 1453 Scaliger
1423 1399 1486 1440 vel
1506 1398 1582 1440 Ca-

103 1461 302 1501 saubonus
320 1471 515 1514 sequentes
532 1462 703 1513 paginas
725 1460 916 1508 omiserit,
949 1457 1125 1497 divinare
1143 1472 1221 1496 non
1240 1472 1396 1510 possum
1409 1487 1421 1507 ,
1450 1457 1584 1509 inquit

103 1518 305 1566 Raderus,
336 1518 413 1556 nisi
434 1515 541 1571 quod
563 1516 610 1556 de
629 1519 753 1557 sacris
774 1514 1020 1569 Imaginibus
1037 1514 1095 1554 ibi
1111 1512 1236 1553 multa
1255 1516 1418 1564 mentio,
1449 1528 1582 1568 quam,

105 1576 258 1629 opinor,
289 1571 547 1613 Iconomachi
566 1570 760 1627 refugere.-
791 1571 902 1624 quod
919 1585 991 1622 ego
1012 1572 1082 1610 vix
1098 1577 1250 1624 putem,
1283 1571 1351 1609 sed
1371 1571 1463 1623 quia
1484 1570 1583 1609 scri-

103 1638 197 1684 ptor
222 1631 266 1669 in
293 1630 560 1682 exscriptione
590 1629 825 1682 defatigatus
852 1628 919 1666 hic
950 1628 1100 1678 haesit,
1132 1641 1207 1666 nec
1224 1627 1329 1665 tanti
1354 1641 1398 1665 ea
1419 1627 1585 1676 censuit,

104 1694 152 1727 ut
177 1692 364 1739 suscepto
402 1687 532 1726 labori
563 1687 730 1726 ulterius
767 1685 1030 1725 incumberet.
1115 1683 1427 1735 Qualiscumque
1453 1691 1586 1722 autem

104 1745 180 1783 ista
198 1746 248 1782 sit
265 1743 399 1794 editio,
428 1746 471 1783 in
489 1743 711 1783 Raderiana
734 1742 978 1782 emendanda
1000 1756 1083 1780 non
1100 1755 1242 1794 parum
1263 1741 1478 1793 adjumenti
1500 1741 1586 1791 suit,

104 1801 335 1854 praesertim
361 1815 451 1840 cum
471 1800 570 1839 haec
597 1807 799 1853 postrema
821 1799 1001 1851 pluribus
1023 1798 1176 1837 mendis
1194 1805 1363 1848 scateat,
1395 1805 1434 1837 et
1450 1805 1495 1836 ut
1515 1811 1587 1836 nec

105 1859 233 1911 probe
261 1857 420 1896 omnino
447 1858 649 1910 descripta
676 1859 727 1897 sit
752 1872 774 1895 a
798 1857 981 1905 Radere,
1012 1856 1068 1894 ita
1097 1869 1173 1894 nec
1196 1870 1217 1893 a
1236 1854 1504 1908 Typographo
1521 1861 1587 1907 ty-

106 1915 169 1968 pis
192 1922 253 1954 sat
283 1916 481 1954 accuratis
509 1928 708 1966 expressa.
768 1913 997 1952 Chronicon
1025 1927 1150 1965 porro
1181 1912 1284 1950 illud
1314 1927 1335 1950 a
1365 1926 1405 1951 se
1437 1912 1587 1950 editum

108 1972 447 2011 Casaubonianum
475 1973 650 2023 Scaliger
675 1972 717 2010 in
745 1971 855 2009 Notis
886 1970 938 2008 ad
958 1970 1171 2008 Eusebium
1202 1983 1358 2021 semper
1387 1969 1585 2021 appellat:

109 2029 179 2068 ubi
207 2042 367 2067 rursum
394 2028 593 2078 Raderus,
623 2027 782 2081 Magna
809 2037 844 2066 et
870 2027 1006 2080 gravis
1033 2041 1177 2076 causa,
1213 2026 1369 2077 inquit,
1397 2035 1440 2064 ut
1464 2027 1500 2064 si
1518 2040 1587 2078 ego

110 2100 242 2125 vocem
264 2083 558 2134 Raderianum,
589 2082 697 2138 quod
728 2098 815 2123 mea
837 2098 959 2122 manu
987 2081 1277 2136 descripserim,
1308 2080 1589 2131 transtulerim,

110 2140 296 2181 ediderim
310 2173 322 2190 ,
352 2139 636 2180 observationes
654 2138 892 2189 addiderim,
923 2155 1043 2193 neque
1062 2149 1192 2178 tamen
1212 2140 1283 2177 erit
1301 2137 1590 2189 Raderianum‚

110 2197 236 2237 multo
268 2199 397 2236 minus
427 2196 784 2237 casaubonianum.
844 2197 927 2248 Ego
957 2210 1053 2234 vero
1081 2209 1154 2234 cur
1184 2195 1342 2234 Radero
1372 2195 1416 2233 id
1441 2202 1590 2234 stoma-

111 2254 231 2293 chum
257 2261 436 2304 moveat,
466 2253 576 2292 haud
603 2254 763 2292 omnino
790 2266 1001 2304 assequor,
1034 2266 1124 2291 cum
1142 2253 1322 2304 proclive
1339 2251 1503 2292 nimium
1525 2252 1589 2302 sit,

113 2311 221 2406 quofcil
251 2311 299 2349 ab
326 2311 460 2364 aliquo
484 2311 723 2350 beneficium
752 2310 971 2363 acceperis,
1000 2309 1108 2347 illius
1138 2310 1243 2348 edito
1273 2309 1430 2349 nomine
1456 2309 1589 2363 palam

109 2382 185 2420 pro
218 2370 303 2407 teri.

226 2481 293 2521 IV.
353 2482 403 2520 Ut
433 2482 602 2532 denique
630 2480 832 2520 Paschalis
860 2480 973 2519 istius
1003 2479 1191 2518 Chronici
1220 2480 1346 2518 fatum
1373 2478 1590 2527 absolvam,

114 2544 318 2590 postrema
334 2539 491 2578 tandem
514 2540 620 2577 illius
642 2538 795 2591 prodiit
818 2538 938 2576 editio
965 2537 1165 2576 Monachii
1183 2536 1377 2576 Bavariae
1398 2536 1597 2587 Metropo-

115 2596 165 2642 li,
197 2609 300 2634 anno
324 2609 521 2637 cmmcxv.
549 2596 627 2634 hoc
661 2596 800 2633 titulo:
849 2592 1070 2634 chronicon
1093 2591 1446 2638 Alexandrinum,
1476 2590 1597 2630 idem-

116 2667 189 2706 que
209 2651 535 2693 Astronomicum
571 2663 606 2691 et
630 2650 976 2700 Ecclesiasticum,
1019 2648 1137 2704 vulgo
1160 2648 1361 2698 Siculum,
1400 2664 1466 2687 seu
1486 2647 1597 2687 Fasti

168 2845 276 2926 ¹)4413151
294 2846 378 2882 Not.
401 2845 445 2879 ad
469 2845 611 2879 Sueton-
632 2844 666 2878 in
691 2844 757 2879 Jul.
777 2855 809 2878 n.
828 2844 886 2879 31.
916 2848 952 2878 et
975 2843 1012 2877 in
1040 2842 1196 2877 Exercit.
1228 2841 1273 2876 ad
1302 2838 1419 2874 Annal.
1442 2838 1538 2874 Eocl.
1559 2851 1594 2885 p.

1593 779 1668 815 Pa

1615 2149 1693 2184 V3

1608 2468 1804 2523 Chronicon

1622 2533 1791 2569 Raderia-

1656 2590 1746 2615 num.
