1820 3276
463 213 522 257 IN
560 213 888 259 CHRONICON
920 214 1210 258 PASCHALE.
1485 213 1586 262 427

124 322 169 366 δὲ
186 319 317 379 τούτῳ
333 326 388 377 τῷ
409 320 543 380 χρόνῳ
555 352 568 375 ,
587 323 619 378 η’
636 321 747 375 κόνις
765 327 944 375 κατῆλθε
960 324 1059 378 μηνὶ
1081 325 1311 380 Νοεμβρίῳ,
1329 323 1586 381 nequioris·-

124 394 205 422 των
233 383 374 432 νεφῶν
395 379 608 432 φανέντων
634 384 716 422 τῶν
743 381 787 423 ἐν
808 378 973 439 ου’ρανῷ
989 378 1210 438 πρότερον,
1239 381 1298 431 ὥς
1313 380 1469 432 πάντας
1489 381 1588 433 τούς

124 436 302 491 ὁρῶντας
323 435 451 490 λέγειν
467 433 698 492 οὐρανόθεν
717 442 1021 492 κατενεχθῆναι.
1078 439 1363 493 Theophanes:
1391 439 1461 482 καὶ
1481 436 1588 481 πάν-

123 507 189 543 τες
208 492 342 548 ἔλεγον
365 491 428 535 ’ὅτι
452 497 536 549 πῦρ
564 489 642 547 ἦν,
672 493 742 535 καὶ
769 495 967 548 ἐσβέσθη,
996 495 1065 536 καὶ
1091 495 1230 551 γέγονε
1257 494 1373 546 κόνις
1399 499 1451 554 τῇ
1482 499 1597 549 Θεοῦ·Ι

125 551 443 607 φιλανθρωπίᾳ,
480 552 649 605 propius
676 551 728 590 ad
761 558 933 591 mentem
961 552 1162 592 Auctoris.
1219 553 1334 594 Adde
1363 555 1589 594 Cedrenum

126 621 191 647 an.
213 621 318 648 xvu.
347 608 513 660 Leonis,
543 616 586 649 et
614 607 765 649 Chron.
794 609 875 648 MS.
898 609 1108 661 symeonis
1135 610 1303 662 Logoth.
1491 614 1498 618 ’

237 665 335 716 Pag.
365 665 463 709 598.
497 665 563 709 15.
621 663 868 718 Εμπρησμός
891 664 1037 719 μέγας]
1085 667 1209 706 Aliud
1245 667 1411 707 videtur
1451 667 1590 707 incen-

123 721 259 772 dium,
290 722 399 774 quod
428 722 676 775 descriptum
707 722 880 762 diximus
909 723 959 762 ab
988 724 1159 776 Evagrio
1197 724 1270 765 lib.
1294 738 1341 766 11.
1378 737 1464 777 cap.
1496 737 1590 765 1111.

124 778 173 818 de
198 791 279 831 quo
307 786 510 831 praeterea
538 777 775 818 Theodorus
803 780 950 819 Lector
979 780 1064 821 Ecl.
1092 795 1120 822 1.

237 834 334 887 Pssg-
367 837 463 879 598.
495 839 561 878 17.
622 835 761 890 Πέραν
777 836 837 885 εἰς
860 834 934 878 τὸν
954 833 1072 891 ἅγιον
1091 833 1323 890 Μᾶμαντα]
1356 836 1597 877 constanti-¹

124 891 285 944 nopolis
315 891 461 933 Christ.
500 892 570 931 lib.
598 906 657 932 xv.
704 899 800 932 sect.
828 905 901 932 ιιι.
943 907 983 932 n.
1014 907 1079 934 111.
1115 901 1158 934 et
1193 900 1291 936 sect.
1319 907 1390 935 XV.
1418 908 1462 935 n.
1488 907 1589 933 xxv.

123 948 192 987 ubi
221 948 272 987 dc
299 949 398 988 aede
424 962 536 988 sacra
565 956 606 989 et
635 949 790 988 Palatio
817 951 860 990 S.
891 951 1111 990 Mamantis.

133 1034 136 1036 —
239 1008 334 1056 Pag.
363 1005 459 1048 598.
489 1009 559 1048 20.
619 1008 847 1059 Γορδιανοῦ
860 1006 878 1059 ]
902 1008 1081 1057 Iordane,
1109 1007 1218 1061 apud
1235 1007 1515 1046 Marcellinum
1548 1012 1592 1046 et

122 1063 374 1109 Senatorem,
405 1062 476 1102 ubi
505 1062 605 1104 cod.
634 1063 716 1106 MS.
746 1063 919 1104 Colbert.
948 1066 1160 1104 Iordanum
1188 1065 1376 1117 praefert.
1422 1064 1592 1113 Iordane,

121 1118 231 1171 apud
272 1119 493 1158 Victorium
532 1126 574 1160 et
610 1120 781 1160 Marium
815 1121 998 1162 Aventic.
1057 1122 1272 1175 Perperam
1309 1122 1444 1162 Ioanne
1482 1119 1595 1175 apud

119 1175 270 1215 Victor.
299 1176 487 1216 Tunnun.

235 1232 334 1284 Pag.
364 1234 460 1276 599.
494 1235 533 1275 1.
591 1231 674 1273 Καὶ
706 1235 944 1287 Προβιανοῦ
960 1234 976 1287 ]
1022 1235 1081 1273 Ita
1114 1235 1334 1274 Marcellin.
1373 1234 1594 1286 Victorius,

121 1290 302 1331 Senator.
359 1290 572 1343 Perperam
602 1289 756 1329 Prohinc
783 1291 933 1330 Marius
962 1291 1142 1331 Aventic.
1172 1292 1242 1344 qui
1272 1292 1415 1330 Leonis
1443 1291 1589 1342 Augu-
1618 1291 1651 1328 V
1673 1291 1744 1328 515

122 1347 174 1385 sti
202 1359 240 1386 v.
271 1346 531 1386 Consulatum
569 1360 652 1386 esse
681 1347 766 1394 ait,
814 1361 932 1399 quem
973 1348 1119 1387 caeteri
1155 1362 1211 1388 ιν.
1248 1348 1414 1395 dicunt,
1448 1361 1594 1401 nempe

121 1415 213 1441 cum
242 1416 298 1441 ιν.
327 1415 418 1442 cum
446 1402 662 1443 Anthemio
690 1405 858 1455 gessisse
885 1404 1059 1455 scribat,
1108 1404 1179 1457 qui
1213 1405 1324 1444 solus
1351 1405 1441 1444 Cos.
1469 1405 1594 1445 fuisse

121 1459 211 1498 aliis
240 1459 400 1499 dicitur.

237 1519 332 1567 Pag.
364 1517 460 1559 599.
489 1519 529 1558 3.
592 1515 866 1570 Μαρκιανοῦ]
911 1517 979 1556 Sic
1006 1530 1168 1556 rursum
1199 1517 1482 1567 Marcellinus,
1514 1517 1594 1556 Vi-

122 1572 274 1612 ctorius
303 1579 344 1612 et
371 1575 555 1612 Senator.
615 1571 758 1612 Victor
795 1574 983 1613 Tunnun.
1019 1574 1138 1613 Leone
1163 1587 1219 1614 vx.
1246 1579 1281 1614 et
1309 1574 1466 1614 Probino
1493 1574 1592 1614 Coss.

121 1630 271 1669 Marius
301 1630 480 1670 Aventic.
510 1629 656 1670 Festum
686 1629 884 1670 duntaxat
913 1632 1003 1670 Cos.
1033 1637 1238 1672 memorat.

237 1690 332 1737 Pag.
363 1687 460 1731 599.
490 1686 531 1729 6.
588 1686 710 1728 Λέων
738 1686 853 1740 νέος]
903 1688 1032 1736 Quem
1070 1701 1169 1727 avus
1202 1688 1282 1727 Leo
1321 1688 1460 1740 paullo
1499 1693 1593 1728 ante

121 1742 273 1782 obitum
289 1745 577 1796 Imperatorem
596 1744 770 1792 dixerat,
798 1757 890 1784 cum
919 1747 1120 1784 Zenonem
1140 1757 1354 1796 generum,
1382 1745 1456 1784 nisi
1478 1744 1593 1797 plebs

119 1807 408 1894 :depugnasseh
457 1801 534 1840 sibi
570 1812 842 1842 successorem
881 1802 1054 1855 deligere
1092 1802 1319 1853 statuisset,
1366 1808 1414 1841 ut
1449 1802 1593 1842 scribit

154 1857 336 1896 andidus.

237 1917 332 1965 Pag.
362 1914 457 1958 599.
485 1918 526 1958 7.
582 1914 763 1963 Λέοντος
798 1914 894 1958 νέου
933 1912 1089 1970 μόνον]
1142 1916 1235 1965 Quo
1280 1915 1446 1968 quidem
1484 1929 1590 1955 anno

120 1969 337 2023 προελθών
365 1968 418 2020 ὥς
451 1975 608 2021 Υπατος
633 1969 900 2025 ἐτελεύτησεν,
930 1971 1063 2024 inquit
1092 1971 1368 2025 Theophanes.

237 2030 331 2079 Pag.
361 2031 455 2070 599.
486 2033 527 2073 8.
590 2024 719 2078 Οὗτος
738 2028 762 2071 ὁ
787 2029 932 2083 Λέων]
982 2031 1093 2070 Haec
1122 2030 1261 2083 paullo
1304 2035 1399 2068 sunt
1426 2028 1592 2068 intrica-

119 2082 237 2124 tiora.
293 2084 530 2125 Theodorus
558 2087 699 2125 Lector
727 2087 783 2125 ait
810 2088 1007 2127 Zenonem
1037 2102 1062 2127 a
1087 2087 1171 2126 filio
1202 2092 1438 2126 coronatum
1454 2087 1593 2138 Impe-

120 2147 297 2180 ratorem
326 2142 369 2180 iu
399 2142 538 2192 Circo,
575 2143 620 2184 ἐν
647 2146 706 2199 τῷ
734 2145 956 2198 καθίσματι
991 2148 1066 2186 τοῦ
1098 2144 1400 2196 Ιπποδρομίου,
1446 2143 1592 2182 verina

121 2202 162 2235 et
192 2197 368 2236 Ariadne
405 2199 715 2252 impellentibus.
773 2200 1036 2253 Theophanes
1072 2201 1119 2240 id
1147 2213 1280 2239 mense
1308 2199 1424 2239 Febr.
1455 2206 1591 2239 amum

121 2253 274 2294 scribit.
331 2253 501 2308 Propius
536 2266 636 2295 vero
681 2255 733 2295 ad
771 2264 944 2296 mentem
982 2256 1199 2309 Scriptoris
1237 2255 1427 2295 Chronici
1456 2256 1591 2296 Albu-

120 2309 327 2364 pharaijus
356 2312 398 2350 in
430 2313 591 2364 Dynast.
619 2313 689 2351 ubi
718 2313 776 2352 sic
805 2314 882 2353 ait:
915 2313 1004 2352 Cum
1018 2314 1191 2366 puerulus
1209 2317 1297 2352 esset
1317 2311 1433 2367 (Leo)
1456 2314 1590 2365 decepit

120 2369 234 2418 ipsum
273 2373 387 2408 mater
412 2372 548 2422 ipsius,
579 2370 701 2409 dicens
727 2372 816 2421 ipsi.-
845 2371 933 2410 Cum
960 2372 1146 2410 accesserit
1169 2371 1269 2410 Zeno
1289 2375 1395 2423 pater
1424 2374 1509 2409 tuus
1538 2370 1591 2412 ad

121 2426 355 2464 nairdsterium
391 2428 624 2465 exhibendum
642 2455 655 2475 ,
695 2431 827 2478 oportet
859 2431 895 2466 te
923 2429 995 2480 ipa·
1027 2429 1189 2467 honorem
1213 2428 1373 2480 deferre,
1411 2430 1591 2478 tecumque

121 2493 197 2519 una
217 2484 256 2520 in
275 2482 360 2521 solio
383 2485 576 2531 collocare,
605 2484 803 2522 diademate
826 2488 888 2522 tuo
916 2487 1029 2536 capiti
1053 2487 1166 2537 ipsius
1192 2486 1362 2536 imposito.
1420 2484 1591 2523 Fae-ieme

124 2539 244 2587 igitur
266 2552 394 2588 puero,
419 2545 525 2591 prout
556 2542 628 2592 ipsi
646 2541 790 2579 dixerat
806 2545 920 2579 mater
946 2543 1059 2593 ipsius
1074 2571 1086 2590 ,
1117 2542 1211 2580 sedit
1238 2555 1314 2580 una
1342 2554 1419 2580 cum
1446 2543 1522 2593 ipso
1548 2542 1590 2579 in

125 2594 213 2632 solio
238 2595 349 2634 Zeno.
406 2596 545 2636 Paucis
562 2601 680 2636 autem
704 2598 836 2649 elapsis
852 2595 973 2637 diebus
996 2611 1085 2650 puer
1101 2600 1218 2636 morbo
1230 2601 1412 2636 contracto
1428 2601 1589 2636 mortuus

125 2654 200 2699 est,
228 2656 404 2704 suspectos
435 2655 645 2694 habentibus
672 2655 870 2694 hominibus
894 2659 1059 2707 parentes
1088 2655 1222 2706 ipsius,
1252 2655 1335 2693 illos
1359 2655 1494 2693 scilicet
1517 2656 1592 2706 ἕρπ’

125 2711 267 2745 mortem
304 2710 527 2759 conciliasse,
570 2725 638 2763 quo
667 2712 737 2750 soli
766 2715 990 2764 imperarent.
1045 2710 1192 2750 Subdit
1230 2710 1456 2762 Candidus,
1494 2716 1589 2764 post

127 2762 267 2801 Leonis
297 2765 429 2815 Magni
458 2778 684 2817 excessum,
715 2769 913 2807 Zenonem
944 2781 966 2807 a
994 2768 1077 2807 filio
1094 2766 1499 2820 Leone,‚6vva2vs'ca
1515 2770 1590 2821 τῆς

126 2816 276 2872 βουλῆς
305 2820 456 2861 dictum
485 2825 606 2863 fuisse
635 2824 934 2877 Imperatorem.
991 2825 1076 2864 Nec
1106 2823 1291 2864 dissentit
1314 2824 1474 2864 omnino
1493 2826 1590 2865 Pro-

129 2875 270 2929 copius
298 2876 369 2920 lib.
401 2892 429 2920 1.
458 2879 624 2921 vandal.
655 2893 748 2935 cap.
779 2895 854 2923 vn.
891 2879 966 2935 qui
1005 2884 1058 2922 ob
1096 2888 1276 2923 teneram
1315 2880 1459 2922 Leonis
1485 2889 1589 2923 aeta-
