1820 3276
497 195 554 238 IN
590 195 918 238 CHRONICON
951 195 1239 239 PASCHALE.
1520 195 1620 242 357

264 303 360 356 Pag.
390 305 484 348 509.
515 307 555 346 6.
617 301 785 358 Πρόβου
810 301 926 358 Atha]
976 299 1081 344 Hoe'
1106 303 1179 359 par
1216 307 1432 347 Consulum
1471 320 1617 361 perpe-

150 375 234 400 ram
267 368 508 413 expunctum
539 375 622 400 esse
654 376 704 400 ex
734 364 837 401 serie
866 364 1072 402 Fastorum
1105 364 1290 404 Panvinii
1317 363 1500 404 observat
1521 367 1619 406 Sca-

148 418 248 469 liger
277 418 345 458 lib.
378 432 414 457 v.
462 419 511 457 de
551 418 712 457 Emend.
755 426 876 471 temp.
916 434 1003 472 pag.
1036 422 1130 463 493.
1171 434 1220 469 *ac
1249 421 1466 473 Imperium
1498 421 1620 462 Probi

149 475 227 513 tria
259 475 423 525 collegia
454 475 673 514 Consulum
714 476 757 514 in
799 490 959 516 ccmnv.
990 472 1231 530 Olympiade
1262 484 1369 516 recte
1398 477 1546 518 habere
1575 478 1617 517 in

147 531 226 570 hoc
257 531 468 571 Chronico.
525 532 643 571 Hunc
672 533 762 580 adi,
803 539 849 571 ut
878 539 917 572 et
946 533 1201 573 Herwartum
1231 535 1271 573 in
1304 534 1497 574 Chronol.
1529 549 1617 588 cap.

148 598 251 628 cciv.
282 595 320 627 et
350 602 461 628 cerv.
492 595 531 627 et
561 589 762 628 Petavium
794 590 846 628 ad
877 589 1072 642 Epiphan.
1102 605 1140 643 p.
1161 595 1255 635 267.
1278 591 1373 634 407.
1400 593 1498 636 408.
1518 593 1615 636 409.

264 649 354 696 Pag.
386 647 480 689 509.
513 648 578 688 13.
638 649 702 686 Εν
728 646 907 701 Σιρμίῳ]
962 647 1021 685 Ex
1051 647 1198 686 chron.
1231 647 1414 688 Eusebii:
1453 650 1487 688 is
1516 663 1614 689 vero
1647 659 1676 693 Ρ
1698 659 1768 695 550

146 716 195 741 ex
223 703 431 754 Eutropio.
489 703 661 755 Prosper
690 710 728 741 et
755 703 864 742 Fasti
899 703 1068 742 [datiani
1105 705 1225 743 Probi
1258 711 1426 744 mortem
1456 705 1507 744 ad
1537 720 1614 745 su-

143 759 343 812 periorem
377 772 541 798 annum:
573 762 743 799 Senator
772 761 822 799 ad
854 761 1110 799 Consulatum
1140 762 1376 800 Diocletiani
1395 776 1440 801 11.
1465 769 1504 802 et
1528 763 1616 803 Ari-

144 815 293 855 stobuli
324 817 516 855 referunt.

260 875 351 922 Pag.
382 874 478 916 509
511 874 575 916 15.
634 876 721 925 Ετη
750 869 814 927 y'.]
868 874 923 913 De
959 874 1071 912 annis
1101 875 1192 913 Cari
1235 875 1316 926 agit
1347 874 1531 914 Petavius
1564 875 1614 914 ad

142 928 410 982 Epiphanium
442 944 481 982 p.
512 931 609 973 410.

258 987 475 1036 Pag.509.
509 990 572 1030 16.
632 983 810 1040 Καρου]
861 987 1005 1026 Notam
1045 970 1178 1031 iterati
1219 987 1460 1026 Consulatus
1499 988 1612 1027 addit

142 1043 316 1093 Catalog.
344 1043 489 1081 Pontis.
520 1044 632 1082 Rom.
662 1044 768 1096 apud
800 1043 1057 1083 Bucherium.

258 1103 350 1149 Pag.
380 1099 474 1143 509.
508 1102 572 1143 18.
630 1104 927 1153 Διοκλητιανοῦ
954 1117 1021 1141 και
1045 1098 1233 1153 Βάσσου]
1263 1101 1408 1139 Nescio
1440 1114 1514 1140 cur
1543 1100 1611 1140 hic

140 1157 337 1195 intrusum
367 1157 420 1195 sit
447 1156 528 1195 hoc
557 1171 632 1209 par
662 1158 910 1205 consulum,
937 1165 1074 1196 contra
1106 1171 1225 1210 quam
1255 1157 1297 1196 in
1324 1158 1449 1196 Fastis
1478 1158 1612 1196 omni-

139 1213 237 1263 bus,
278 1213 355 1252 nisi
386 1213 542 1253 suffecti
572 1214 732 1253 fuerint.
793 1215 908 1253 Certe
938 1216 1084 1253 Bassus
1117 1229 1181 1252 an.
1213 1228 1431 1254 chxxxix.
1463 1214 1503 1253 in
1538 1215 1612 1253 Fa-

124 1271 237 1320 ¹stis,
262 1284 308 1309 11.
340 1270 417 1309 Cos.
448 1271 614 1321 dicitur,
645 1271 719 1309 nisi
750 1270 784 1308 is
807 1270 867 1311 ‚sit‘
897 1271 966 1322 qui
1000 1271 1087 1312 Cos.
1125 1271 1202 1309 suit
1231 1285 1292 1310 an.
1325 1285 1488 1310 ccnxin.

259 1330 350 1377 Pag.
382 1330 477 1370 510.
506 1331 542 1369 1.
602 1326 785 1381 Καρίνου
803 1325 850 1368 τό
869 1325 934 1380 β’]
963 1327 1022 1365 Ita
1043 1328 1152 1366 Fasti
1170 1328 1401 1377 saviniani,
1435 1328 1611 1366 Libellus

141 1384 191 1422 de
222 1384 433 1422 Praefectis
466 1384 582 1422 Urbis
613 1386 788 1432 Romae,
829 1384 1105 1436 Fragmentum
1144 1384 1351 1423 Fastorum
1385 1384 1495 1436 apu'd
1524 1385 1611 1422 Bu-

139 1440 341 1490 cherium‚
368 1440 566 1480 Marianus
595 1448 635 1479 et
666 1440 889 1480 Panvinius.
950 1441 1103 1480 Caeteri
1137 1441 1269 1480 Carum
1291 1455 1334 1481 11.
1362 1441 1608 1493 praeferunt.

257 1501 348 1548 Pag.
378 1499 472 1541 510.
503 1498 542 1540 4.
599 1502 725 1552 Αγιος
755 1494 975 1551 Γεῶργιος]
1025 1498 1148 1550 Atqui
1179 1499 1222 1537 S:
1249 1498 1411 1549 Georgii
1451 1498 1611 1550 Marty-

139 1554 243 1593 rium
286 1555 334 1592 ad
386 1554 694 1594 Diocletianeam
742 1555 1087 1607 persecutionem,
1135 1568 1219 1597 seur
1249 1555 1299 1592 ad
1340 1567 1484 1593 annum
1526 1567 1610 1593 xix.

142 1611 376 1650 Diocletiani
406 1611 586 1650 referunt
617 1611 700 1664 ejus
730 1619 817 1650 acta
848 1612 956 1663 apud
990 1611 1245 1649 Bollandinos
1275 1625 1391 1650 xxiii.
1423 1611 1552 1664 April.

253 1669 347 1707 Ibid.
406 1667 488 1708 Καὶ
515 1667 538 1708 ὁ
565 1665 678 1722 ἅγιος
694 1665 905 1721 Βαβύλας]
934 1668 1050 1706 Illius
1080 1667 1316 1720 Martyrium
1347 1669 1396 1707 ad
1426 1674 1608 1720 tempora

141 1724 231 1762 Cari
272 1731 311 1763 et
351 1724 579 1763 Numeriani
615 1726 769 1778 pariter
810 1725 1020 1764 adducunt
1058 1723 1369 1776 Philostorgius,
1413 1724 1609 1776 Georgius

139 1782 371 1832 Syncellus,
410 1781 632 1831 cedrenus,
673 1789 710 1821 et
750 1783 902 1820 Auctor
941 1781 1128 1820 Chronici
1162 1782 1244 1822 MS.
1286 1783 1335 1820 ab
1375 1780 1528 1820 Adamo
1557 1780 1609 1820 a'd
1632 1790 1664 1825 v
1691 1789 1761 1827 474

140 1838 310 1877 Leonem
341 1839 586 1890 Sapientem,
616 1838 687 1877 ubi
708 1837 807 1877 haec
834 1838 968 1877 addit:
1004 1842 1156 1879 Τοῦτον
1176 1835 1306 1879 ἀνεῖλε
1332 1837 1357 1879 0‘
1374 1842 1609 1891 Διοκλητια-

138 1892 207 1943 vag
229 1892 339 1943 Δοῦξ
363 1898 436 1947 τῆς
460 1896 636 1944 Μυσίας.
696 1897 847 1935 Auctor
876 1909 974 1934 vero
1006 1894 1215 1945 chronici,
1249 1901 1293 1934 ut
1317 1903 1354 1934 et
1387 1895 1608 1946 Cedrenus,

139 1949 214 1990 sub
248 1952 367 1990 Decio
399 1965 519 2004 supra
551 1965 711 2004 passum
743 1966 826 1991 esse
856 1952 1023 1991 eundem
1054 1952 1246 2004 Babylam
1276 1948 1471 1991 asserunt.
1530 1952 1608 1991 Sed

139 2021 230 2046 cum
259 2004 550 2059 Philostorgius
583 2009 778 2048 incertum
806 2010 951 2048 innuat
981 2024 1030 2048 an
1060 2009 1134 2047 sub
1166 2009 1288 2048 Decio
1318 2009 1383 2048 vel
1410 2009 1484 2047 sub
1505 2009 1607 2047 Caro

138 2078 279 2117 passus
308 2065 379 2113 sit,
408 2066 567 2104 videtur
595 2066 689 2105 inde
727 2080 842 2118 posse
878 2066 1015 2116 colligi
1057 2066 1237 2104 diversos
1279 2066 1328 2105 de
1365 2067 1404 2105 S.
1434 2065 1607 2118 Babylae

139 2120 332 2173 martyrio
376 2123 606 2174 Scriptores
643 2123 915 2174 exscripsisse.
976 2122 1077 2161 Vide
1114 2119 1247 2160 Jacob.
1288 2122 1512 2161 Gottosred.
1556 2123 1607 2160 ad

139 2178 309 2217 eundem
339 2178 674 2231 Phihstorgium,
705 2184 746 2218 et
771 2181 947 2218 Goarum
978 2179 1028 2218 ad
1058 2178 1302 2230 Syncellum.

254 2237 349 2286 Pag.
378 2235 474 2302 510.
505 2235 544 2277 5.
605 2235 687 2275 Καὶ
718 2235 802 2276 ἐκεῖ
825 2234 1081 2286 και-ἔφθασεν
1109 2233 1133 2275 0‘
1158 2232 1362 2287 Κάρινος]
1393 2232 1501 2272 Haec
1530 2247 1606 2285 pe-

63 2302 66 2303 ’
138 2289 275 2330 rioche
304 2299 352 2331 ut
378 2292 428 2330 iis
459 2305 560 2344 quae
586 2292 888 2343 subsequuntur
920 2298 1183 2330 consentanea
1210 2292 1281 2340 sit,
1310 2291 1388 2337 ita,
1409 2291 1452 2328 ni
1474 2290 1605 2337 fallor,

139 2347 405 2387 emendanda:
434 2349 503 2390 καὶ
532 2349 616 2389 ἐκεῖ
643 2348 900 2399 κατέφθασεν
920 2344 1061 2402 Καρος
1089 2346 1111 2388 ὖ
1127 2344 1319 2395 Βασιλευς
1340 2342 1472 2387 ἀπιών
1489 2350 1603 2387 πολε-

138 2401 270 2457 μήσας
289 2421 390 2446 κατα
412 2408 582 2460 Περσῶν
607 2421 702 2458 μετα
723 2407 797 2445 τοῦ
814 2404 915 2445 vion?
935 2405 1062 2444 αὐτοῦ
1077 2404 1273 2455 Καρίνου.
1312 2403 1452 2456 Neque
1473 2409 1604 2442 tamen

138 2474 279 2500 verum
310 2468 370 2501 est
399 2462 585 2501 Carinum
618 2462 660 2500 in
691 2460 987 2514 expeditionem
1015 2460 1213 2499 Persicam
1242 2466 1396 2512 patrem
1427 2458 1605 2498 comita-

138 2523 247 2568 tum,
277 2518 350 2557 sed
377 2519 686 2569 Numerianum,
725 2525 773 2557 ut
814 2523 951 2556 exerte
990 2517 1102 2555 aiunt
1139 2517 1360 2569 Eutropius
1396 2523 1436 2555 et
1463 2516 1604 2554 Victor

140 2573 315 2623 Schotti,
346 2589 436 2614 cum
473 2576 641 2615 Carinus
671 2575 719 2613 ad
742 2577 991 2613 munimentum
1017 2574 1164 2612 Galliae
1190 2574 1334 2612 missus
1366 2578 1480 2611 esset.

256 2634 348 2682 Pag·
379 2634 473 2675 510.
503 2635 541 2674 7.
600 2627 906 2686 Εκεραυνωθη]
936 2631 998 2669 Ex
1030 2629 1175 2669 Chron.
1197 2629 1380 2679 Eusebii,
1410 2628 1480 2668 ubi
1499 2629 1602 2667 Sca-

141 2685 253 2736 liger.
309 2689 416 2740 Apud
443 2689 727 2741 Ctenspkmtem,
756 2695 926 2740 uterque
955 2687 1115 2727 Victor.
1143 2700 1252 2738 supra
1273 2658 1457 2736 Tigridem
1480 2689 1602 2724 castra

142 2746 316 2792 metatus,
343 2745 573 2798 Eutropius.
629 2746 734 2785 Vide
766 2745 900 2783 Sidon.
932 2757 1051 2784 carm.
1072 2757 1191 2781 xxm
1222 2748 1262 2781 et
1288 2743 1401 2782 alios.
1442 2742 1602 2794 SJlloge

141 2798 428 2869 Scaligerianau:
457 2805 657 2856 κεραυνοῦ
688 2818 709 2842 τ
712 2804 762 2855 ῆς
796 2801 952 2842 ἐκείνου
980 2802 1132 2853 σκηνῆς
1163 2799 1406 2852 βληθείσης,
1445 2800 1597 2840 συνδιε-

142 2850 287 2907 φθάρη
309 2853 414 2911 αυτῇ
440 2857 508 2899 καὶ
527 2859 690 2908 ἐκεῖνος.
748 2857 899 2897 Similia
926 2857 1050 2897 habet
1077 2858 1267 2896 Zonaras.
