1884 3262
290 228 391 279 286
671 260 674 262 -
856 229 1221 278 NOTAE·

326 376 332 382 .
409 345 500 393 Pag.
530 343 626 386 835.
658 345 696 385 8.
758 345 1008 396 Φλαμινίνου
1028 343 1097 386 καὶ
1114 340 1422 402 Λεβωβαρβου]
1451 348 1508 388 Ita
1533 349 1650 389 etiam
1671 351 1762 389 Sca-

287 400 581 496 Εἳξὲἑόαῖῗὲῑίο.
639 400 741 440 Idat.
782 401 963 442 Flaminio
991 407 1025 441 et
1045 404 1282 444 Ahenobarbo
1339 405 1468 455 Fasti,
1498 406 1702 446 Flaminino
1728 411 1763 445 et
1805 416 1808 425 '

342 569 367 607 h
405 512 716 564 Pag.335.10.
773 514 1006 564 Σκιπίωνος
1029 513 1075 557 τὰ
1101 513 1166 569 β’.]
1198 515 1338 568 Scalig.
1368 532 1412 558 το
1446 513 1492 560 δ’.
1552 518 1612 557 Ita
1645 518 1762 558 etiam

288 572 340 608 Sc
372 576 443 608 ott.

403 629 495 677 Pag
526 626 722 669 335.12.
779 624 1041 681 Βούλσωνος]
1076 629 1179 668 Idat.
1218 629 1394 668 Vulscone.
1434 629 1564 680 Fasti,
1600 630 1763 670 Vulsone.

403 685 497 733 Pa.g
531 685 723 727 335-14·
785 684 866 727 Καὶ
904 686 1187 738 Φλαμινίνου]
1230 686 1382 725 [datius
1414 693 1452 726 et
1482 687 1637 729 Schott.
1668 687 1763 726 Fla-

284 742 403 779 minio.
436 740 563 790 Fasti,
591 741 731 793 Lepido
754 746 786 780 et
805 742 996 781 Flaminio.

403 799 622 847 Pag·335·
654 801 718 841 16.
777 798 860 839 Καὶ
896 794 1183 851 Τουδινοὶτου]
1230 798 1329 841 [dat.
1369 799 1523 839 Schott.
1563 806 1603 839 et
1641 799 1763 850 Fasti,

290 852 485 893 Tuditano.

404 913 496 962 Pag-
530 911 626 955 335.
661 914 725 954 18.
785 910 867 952 Καὶ
888 911 1130 965 Λικιννίου]
1159 911 1261 951 Idat.
1296 913 1440 952 Licinio
1509 911 1665 990 Schott.
1687 916 1780 954 Λι-.

285 967 440 1008 κίννου.
497 968 606 1007 Fasti
633 968 801 1020 Capitol.
830 969 972 1008 Licino.

405 1026 495 1074 Pag·
524 1025 620 1068 335·
654 1029 719 1069 19.
777 1025 1012 1079 Λαβέλλου]
1046 1026 1149 1065 Idat.
1184 1026 1264 1064 MS.
1293 1026 1485 1066 Labaeme.
1541 1026 1652 1066 Fasti
1682 1026 1762 1064 Ca-

287 1081 403 1134 pitol.
434 1082 610 1120 Labeone.

405 1140 627 1189 Pag.336.
662 1141 702 1179 1.
762 1135 1020 1191 Παμφύλου]
1052 1139 1203 1178 Idatius
1232 1138 1314 1178 MS.
1349 1140 1552 1192 Pamphilio
1579 1145 1614 1180 et
1634 1141 1762 1181 Paulo.

289 1193 478 1233 schottus
508 1201 548 1234 et
576 1195 682 1233 Fasti
714 1195 959 1247 Capitolini,
996 1198 1208 1263 Ταμφίλου
1227 1195 1297 1236 καὶ
1321 1193 1503 1237 Παύλου.

137 1263 167 1299 P
189 1263 259 1301 515
406 1254 726 1302 Pag.336.11.
789 1254 822 1292 Ο
843 1249 1131 1305 Απολλώνιος]
1163 1252 1389 1304 tegendum
1418 1252 1487 1292 hic
1516 1260 1555 1292 et
1574 1252 1763 1307 deinceps

287 1303 526 1360 Ηλιόδωρος
554 1314 663 1347 recte
697 1314 831 1347 monet
861 1308 1055 1348 Raderus.
1113 1309 1215 1348 Vide
1245 1309 1393 1348 Chron.
1422 1309 1581 1349 Eusebii
1609 1324 1650 1363 p.
1670 1310 1763 1354 144.

401 1365 497 1415 Pag.
527 1367 626 1408 337.
657 1368 696 1408 6.
759 1365 841 1405 Καὶ
862 1365 1111 1419 Παμφίλου]
1139 1366 1243 1405 Idat.
1268 1367 1348 1405 MS.
1369 1368 1584 1420 Pamphilio.
1607 1366 1763 1407 Schott.
1820 1394 1825 1399 .

284 1426 325 1461 et
352 1421 462 1460 Fasti
493 1422 661 1474 Capitol.
699 1424 924 1475 Ταμφίλου.

401 1481 494 1530 Pag.
526 1482 620 1522 387.
658 1480 724 1522 15.
784 1478 988 1532 Πετίνου]
1018 1479 1118 1519 Idat.
1147 1479 1226 1518 MS.
1260 1483 1394 1521 Petico.
1451 1476 1560 1520 Fasti
1591 1480 1763 1533 Capitol.

285 1535 440 1575 Petillia.

399 1595 492 1642 Pag·
523 1594 620 1635 337.
652 1595 717 1634 17.
777 1590 1105 1647 Αριστόβουλος]
1135 1595 1197 1633 Ex
1236 1591 1438 1632 Chronico
1479 1592 1664 1643 Eusebii,
1695 1581 1765 1632 ubi

283 1649 462 1700 Scaliger
490 1662 582 1702 pag.
614 1647 708 1690 142.

401 1708 494 1756 Pag·
523 1708 620 1749 337.
651 1708 718 1748 20.
778 1705 863 1747 Καὶ
893 1704 1096 1760 Βενατου]
1135 1707 1236 1750 Idat.
1268 1705 1348 1746 MS.
1376 1706 1563 1746 Benenate.
1611 1705 1765 1746 Schott.

282 1768 322 1801 et
350 1761 485 1808 Fasti,
514 1761 583 1803 καὶ
601 1759 825 1804 Λαινάτου.
1755 1771 1757 1773 ’

135 1828 165 1864 V
188 1825 259 1866 428
398 1821 494 1870 Pag·
524 1821 620 1862 338.
650 1823 690 1862 2.
747 1818 831 1860 Καὶ
867 1818 1088 1872 Αἰμιλίου]
1145 1819 1247 1859 Idat.
1286 1825 1326 1858 et
1369 1819 1520 1867 Schott.
1556 1824 1598 1859 et
1639 1817 1762 1870 Fasti,

279 1874 393 1917 Aelio.
1385 1918 1397 1923 ,

394 1929 492 1981 Pag.
522 1934 618 1974 338.
649 1930 689 1972 4.
750 1930 994 1985 Μακρίνου]
1025 1931 1180 1971 Schott.
1211 1938 1252 1971 et
1279 1931 1407 1981 Fasti,
1439 1931 1673 1973 Μανκίνου.

396 1988 490 2039 Pag.
519 1990 614 2031 338.
645 1987 683 2029 5.
743 1987 827 2028 Καὶ
861 1986 1085 2042 Πίσωνος]
1141 1988 1240 2029 Idat.
1269 1995 1308 2028 et
1330 1988 1469 2039 Fasti,
1509 1993 1544 2027 et
1573 1989 1761 2042 Caepione.

281 2043 431 2086 Schott.
465 2044 534 2085 καὶ
556 2045 802 2093 Καιπίωνος.

400 2104 493 2152 Pag.
521 2104 619 2145 338.
652 2104 716 2145 13.
776 2099 858 2151 Καὶ
885 2099 1086 2156 Ταλίνου]
1119 2101 1272 2141 Schott.
1301 2101 1372 2143 καὶ
1403 2097 1581 2144 Θᾶλνου.
1636 2102 1758 2153 Fasti,

288 2158 446 2199 Thalna.

400 2216 492 2265 Pag·
522 2213 618 2258 338.
650 2215 715 2257 14.
777 2216 811 2255 O
839 2211 909 2255 καὶ
946 2214 1185 2269 Μενέλαος]
1226 2215 1325 2254 Nam
1355 2225 1455 2268 prae
1484 2212 1651 2254 caeteris
1680 2214 1760 2255 He-

280 2271 430 2310 braicis
457 2271 540 2324 jam
570 2271 722 2311 Graeca
752 2272 942 2324 nomina,
981 2274 1042 2312 uti
1073 2273 1190 2311 etiam
1233 2279 1273 2312 et
1301 2282 1434 2311 mores
1463 2272 1583 2310 malle
1611 2284 1759 2325 coepe-⁶
1789 2293 1799 2299 κ

280 2333 395 2376 rant,
424 2328 558 2379 inquit
588 2328 780 2368 Seldenus
809 2329 879 2368 lib.
908 2344 936 2368 1.
968 2330 1018 2369 de
1048 2331 1227 2369 Success.
1257 2330 1299 2368 in
1338 2329 1484 2368 Pontif.
1514 2328 1637 2370 Hebr.
1670 2338 1756 2382 cap.

279 2384 410 2423 v1.1d
443 2385 560 2424 etiam
590 2384 641 2425 de
671 2385 854 2435 Alcime,
893 2387 965 2439 qui
993 2387 1142 2426 Joaeim
1173 2386 1515 2440 nuncupabatur,
1563 2385 1757 2426 observa-

281 2447 379 2480 runt
408 2438 490 2481 alii.

397 2501 490 2550 Pag.
521 2500 617 2541 338.
649 2500 715 2541 17.
775 2499 860 2541 Καὶ1
882 2497 1132 2556 Κάρβωνος]
1164 2497 1525 2550 Schott.etFast1‚
1546 2494 1758 2556 καὶΣτροί·

282 2555 492 2662 βωνοςΡαξ.
521 2612 617 2654 339.
654 2612 698 2654 3
757 2610 983 2666 Ματθίου]
1037 2613 1095 2652 Ita
1135 2613 1253 2652 etiam
1283 2614 1490 2666 Georgius
1529 2613 1755 2666 syncellus,

281 2680 359 2720 pro
389 2669 665 2717 Ματταθίου,
697 2670 899 2721 quomodo
928 2670 1076 2721 legitur
1104 2669 1224 2710 infra.

397 2726 492 2775 Pag.
520 2727 619 2767 389.
649 2697 688 2766 5.
749 2726 923 2780 Ονείου]
972 2726 1033 2768 Ex
1063 2726 1216 2766 ebron.
1245 2726 1409 2767 Eusebii
1435 2729 1566 2781 p.38.
1596 2727 1754 2770 22140.

282 2779 354 2820 ubi
382 2782 523 2834 Scalig.
556 2795 599 2834 p.
631 2781 724 2826 143-

326 2852 329 2855 ’
400 2840 493 2889 Pag-
521 2840 616 2882 339.
645 2841 685 2881 7.
745 2835 834 2881 Ουκ
870 2835 929 2881 ὧν
959 2833 1024 2882 ἔκ
1022 2838 1177 2895 Ι’γένους
1201 2838 1431 2903 ἱερατικοῦ]
1462 2835 1567 2880 Vide
1596 2839 1753 2881 Selden.
