1820 3276
435 219 494 263 IN
529 219 859 265 CHRONICON
894 220 1185 265 PASCHALE.
1462 218 1564 268 395

92 330 142 371 ab
172 331 417 383 Imperatore
444 330 674 370 Theodosio
704 332 836 383 primo
864 332 1089 383 destructis,
1119 332 1218 372 dicit
1246 331 1456 384 Templum
1485 330 1565 370 He-

90 388 312 440 liopoleos‚
362 393 444 427 tam
473 388 574 427 bene
603 395 806 428 servatum
836 403 942 442 esse,
982 403 1030 428 ac
1058 390 1257 443 templum
1286 388 1487 437 Damasci,
1525 394 1566 428 et

90 445 133 484 in
164 445 404 484 Christianam
431 446 551 483 aedem
579 458 827 484 conversum.

204 501 283 540 Sed
318 513 465 540 nomen
506 502 757 552 Divinitatis,
799 502 866 540 cui
905 503 1023 542 aedes
1061 502 1164 541 haec
1201 508 1436 542 consecrata
1465 509 1564 553 erat,

90 565 329 610 corruptum
368 564 448 610 est,
491 565 530 598 et
567 566 773 611 praeterea
812 573 936 598 unum
976 573 1026 599 ex
1064 558 1271 612 epithetis,
1320 560 1357 598 ei
1395 560 1565 612 Templo

90 613 218 664 datis,
258 614 392 654 adhuc
427 629 509 654 non
547 614 647 655 bene
683 616 932 656 intellectum
977 623 1049 655 est.
1108 617 1160 655 Ut
1195 616 1295 656 haec
1325 617 1443 655 ambo
1472 618 1568 655 illu-

90 677 288 722 stremus,
325 673 485 712 Lectori
527 673 719 726 quasdam
756 673 916 713 criticas
955 680 995 713 et
1024 673 1238 713 historicas
1267 673 1568 713 observationes

88 742 326 782 proponam.

205 787 336 824 Locus
365 785 409 824 in
441 783 642 825 Chronico
669 787 726 826 ita
754 801 795 825 se
822 786 954 832 habet,
990 784 1046 828 To*
1076 783 1185 840 ΐερόν
1211 781 1487 835 Ἡλιοπόλεως,
1521 784 1567 828 τὰ

90 843 166 883 τοῦ
192 845 497 892 ΒΑΛΑΝΙΟΊζ
526 841 570 884 τό
598 840 697 897 μέγα
724 843 794 884 καὶ
820 839 1077 897 περιβόητον,
1106 843 1174 884 καὶ
1203 841 1249 884 τό
1286 846 1570 894 ΤΡΙΛΙΘΟΝ,

93 898 162 939 καὶ
192 898 380 951 ἐποίησεν
410 894 508 940 αὐτὸ
534 895 770 952 Ἐκκλησίαν
801 903 1068 952 Χριστιανῶν.

208 955 340 994 Prima
369 969 465 1004 vox,
497 955 546 995 de
576 970 654 1009 qua
684 957 794 1009 loqui
825 957 1023 1007 debemus,
1052 958 1362 1004 BAAANIOY,
1393 956 1442 995 ab
1473 969 1570 995 eru-

91 1012 290 1051 ditissimo
319 1012 394 1053 Th.
427 1013 608 1053 Reinesio
631 1012 674 1065 1)
705 1015 746 1052 in
775 1016 957 1055 ΩΝΙΟΤ
979 1013 1224 1061 mutabatur,
1256 1013 1327 1064 qui
1355 1013 1435 1052 hoc
1464 1019 1571 1052 tem-

89 1070 204 1122 plum
235 1068 338 1108 illud
369 1070 560 1121 credidit,
589 1071 700 1123 quod
733 1072 847 1110 Onias
866 1070 912 1121 2)
942 1070 985 1110 in
1012 1071 1195 1123 Aegypto
1230 1076 1479 1109 extruxerat.

203 1124 313 1165 Haec
339 1127 560 1166 emendatio
588 1142 671 1167 non
701 1129 831 1167 solum
859 1129 1014 1167 violenta
1044 1133 1127 1175 est,
1168 1133 1214 1166 ut
1244 1128 1347 1165 alius
1378 1126 1571 1166 Eruditus

91 1183 187 1220 Luc.
218 1183 452 1222 Holstenius
478 1182 526 1239 3)
558 1198 643 1223 eam
672 1191 817 1233 vocat,
848 1185 919 1223 sed
949 1191 990 1223 et
1020 1185 1221 1223 contraria
1252 1183 1466 1223 historicae
1494 1197 1571 1223 ve·-

90 1239 212 1279 ritati.
270 1241 368 1279 Nam
403 1245 442 1283 1.
473 1241 683 1293 Templum
717 1242 831 1280 Oniae
858 1255 941 1280 non
971 1247 1056 1280 erat
1082 1241 1127 1278 in
1155 1241 1241 1291 ipsa
1265 1241 1365 1280 urbe
1386 1241 1572 1293 Aegypti,

93 1309 195 1347 quae
222 1297 423 1348 Heliopolis
449 1298 686 1346 vocabatur,
716 1298 813 1337 lices
841 1299 883 1336 in
913 1298 996 1350 ejus
1026 1297 1219 1347 dioecesi,
1250 1297 1334 1337 sive
1360 1297 1475 1338 Nomo
1495 1298 1573 1336 He-

93 1354 270 1404 liopolite,
301 1359 346 1392 ut
374 1353 570 1406 Josephus
598 1353 649 1410 4)
678 1355 797 1393 nobis
826 1354 948 1393 variis
976 1354 1021 1392 in
1050 1355 1149 1393 locis
1178 1361 1328 1394 narrat.
1387 1359 1426 1398 2.
1456 1355 1574 1393 Tem-

91 1410 206 1462 plum
239 1411 355 1449 Oniae
383 1425 405 1449 a
444 1412 655 1463 Vespasiano
681 1411 796 1450 brevi
829 1417 920 1464 post
957 1411 1159 1450 excidium
1197 1411 1574 1463 Hierosolymorum

93 1467 165 1517 (et
211 1467 305 1519 plus
355 1481 474 1519 quam
513 1468 642 1507 tribus
682 1469 852 1507 saeculis
897 1474 988 1507 ante
1031 1467 1305 1507 Theodosium
1352 1466 1571 1522 magnum)

93 1523 273 1562 clausum
315 1530 424 1574 erat,
464 1531 511 1563 ut
549 1531 717 1564 testatur
755 1525 888 1564 dictus
917 1523 1134 1576 Josephus,
1182 1525 1252 1577 qui
1282 1525 1418 1577 aliquo
1447 1525 1572 1564 modo

92 1574 204 1619 te'stis
243 1582 426 1620 oculatus
465 1582 553 1635 ejus
592 1582 691 1621 facti
727 1590 822 1621 erat.
881 1582 939 1621 De
964 1581 1059 1622 Bell.
1088 1582 1174 1622 Jud.
1203 1581 1251 1621 L.
1278 1595 1355 1624 vn,
1385 1596 1422 1622 c.
1451 1594 1494 1621 x.
1529 1595 1574 1634 p.

92 1637 189 1680 435.
217 1638 295 1677 Ed.
318 1638 432 1677 Amst.

209 1695 308 1734 Cum
339 1708 360 1734 e
391 1695 592 1734 contrario
618 1695 875 1734 manifestum
905 1695 976 1745 sit,
1020 1694 1215 1734 Chronicon
1243 1695 1357 1746 loqui
1389 1694 1439 1734 de
1468 1701 1575 1734 tem-

93 1748 164 1803 plo
194 1750 235 1789 in
265 1751 354 1804 ipsa
384 1752 484 1790 urbe
513 1751 715 1804 Heliopoli,
756 1759 795 1790 et
833 1751 938 1790 hanc
970 1751 1111 1790 urbem
1143 1754 1186 1790 in
1217 1752 1330 1804 Syria
1361 1751 1573 1803 exstitisse,

94 1809 148 1845 ita
189 1822 210 1846 a
251 1808 435 1857 Graecis,
471 1808 513 1847 in
550 1809 619 1847 illa
656 1807 818 1859 regione
841 1813 941 1861 'post
968 1809 1212 1847 Alexandrum
1240 1809 1426 1859 Magnum
1454 1808 1575 1848 habi-

93 1864 300 1913 tantibus,·
322 1872 528 1915 vocatam,
560 1866 629 1905 sed
657 1865 820 1904 Baalbec
848 1865 896 1903 ab
927 1865 1072 1903 incolis
1102 1878 1230 1917 usque
1259 1866 1310 1904 ad
1333 1865 1446 1904 hunc
1467 1866 1575 1906 diem

93 1921 350 1961 nominatam.
409 1922 486 1960 Hic
526 1935 619 1972 ergo
663 1937 743 1961 non
783 1923 899 1961 aliam
934 1922 1189 1961 Divinitatem
1226 1936 1418 1974 quaerere
1448 1923 1575 1962 debe-

94 1991 206 2026 mus,
236 1979 311 2017 nisi
342 1979 476 2017 ΒΑΑΙ,
507 1979 647 2029 Solem,
677 1992 864 2029 magnum
898 1985 937 2022 et
966 1993 1214 2018 communem
1243 1980 1365 2018 totius
1396 1981 1575 2020 Orientis

97 2035 246 2085 Deum,
293 2042 333 2075 et
372 2036 632 2089 peculiariter
674 2036 952 2090 Assyriorum,
999 2038 1216 2090 Syrorum,
1265 2036 1576 2090 Chaldaeorum,

189 2216 278 2239 mum
302 2208 375 2246 est,
399 2205 429 2239 si
452 2204 730 2247 consideramus,
754 2204 883 2251 primo,
906 2204 942 2239 in
968 2216 1009 2240 eo
1035 2205 1156 2240 Aerem
1179 2203 1295 2240 mundi
1318 2203 1460 2240 eandem
1484 2217 1575 2251 esse,

190 2263 260 2295 qua
284 2256 426 2285 utuntur
451 2252 759 2295 Constantinopoli.
807 2251 856 2285 Et
879 2252 1042 2294 secundo,
1069 2252 1147 2286 MS.
1172 2257 1321 2296 emptum
1345 2262 1422 2286 esse
1445 2253 1490 2286 ab
1512 2253 1578 2287 ali-

186 2306 258 2341 quo
283 2297 358 2341 ejus
382 2297 476 2331 urbis
498 2297 599 2340 cive,
625 2309 687 2342 por
710 2298 810 2332 Hier.
831 2297 986 2332 Sui-itam
1010 2297 1047 2332 in
1071 2296 1211 2339 Sicilia,
1236 2301 1275 2332 ut
1297 2296 1372 2342 ipse
1395 2298 1579 2333 adnotavit

191 2343 226 2376 in
262 2342 372 2388 prima
406 2343 534 2389 pagina
566 2343 655 2378 unici
689 2342 914 2388 exemplaris,
945 2343 1074 2387 jamin
1098 2343 1300 2378 Vaticanum
1324 2344 1577 2380 Bibliothecam

190 2387 298 2423 delati
336 2389 405 2423 No.
433 2389 533 2425 1941.
569 2391 752 2425 Messanae
784 2389 853 2422 emi
886 2400 910 2421 a
945 2390 1096 2434 Georgia
1132 2389 1391 2434 constantinop.
1424 2402 1472 2425 VI.
1496 2391 1576 2426 Kal.

191 2436 358 2469 Octobris
383 2435 433 2471 M.
458 2436 503 2470 D.
527 2435 586 2471 LI.
631 2435 741 2479 cujus
765 2440 868 2469 notae
892 2435 949 2470 Du
966 2436 1122 2480 Congius
1143 2436 1314 2470 sincerum
1338 2438 1577 2481 apographum

192 2493 262 2515 non
303 2482 446 2525 habuit,
490 2494 554 2517 nec
595 2481 747 2527 plurium
790 2480 939 2516 locorum
972 2481 1008 2516 in
1038 2482 1116 2528 ipso
1147 2481 1279 2517 codice.
1335 2481 1426 2518 Vide
1458 2483 1575 2517 Praef.

149 2596 197 2640 1)
243 2596 329 2631 Var.
353 2595 452 2633 Lect.
476 2597 516 2630 L.
541 2596 569 2631 1.
597 2609 627 2631 c.
650 2597 709 2633 25.

90 2664 95 2666 ⁷
148 2665 197 2707 2)
245 2663 353 2709 Cujus
376 2675 500 2699 nomen
524 2664 654 2699 Graeci
678 2666 847 2701 Auctores
871 2664 1028 2699 scribunt
1054 2664 1171 2705 Ονίας
1195 2674 1263 2699 uon
1288 2664 1419 2705 Ωνίας.

149 2732 201 2774 3)
247 2732 333 2767 Not.
364 2732 406 2765 ad
442 2733 564 2778 Steph.
600 2733 644 2768 de
676 2733 802 2768 Urbib.
827 2745 861 2779 p.
888 2734 966 2768 129.
999 2732 1123 2767 nullam
1151 2737 1264 2767 tamen
1288 2731 1375 2767 dans
1398 2732 1577 2778 rationem,

195 2789 256 2811 cur
278 2789 352 2812 eam
375 2778 556 2823 improbet.
1297 2799 1300 2802 ·

150 2844 200 2889 4)
247 2845 300 2879 De
325 2847 367 2883 B.
390 2846 419 2880 Ῑ.
442 2847 521 2881 Lib.
547 2847 625 2882 Vll.
650 2860 680 2882 c.
708 2850 762 2884 10.
784 2846 901 2892 Antiq.
925 2846 1004 2881 Lib.
1030 2846 1109 2881 XII.
1135 2858 1167 2881 c.
1191 2847 1244 2883 15.
1270 2845 1348 2880 Lib·
1368 2846 1464 2882 ΧῘΠ.
1489 2861 1520 2884 c·
1541 2851 1575 2886 3.

198 2890 274 2927 Lib.
300 2892 344 2928 X.
371 2902 448 2939 cap.
471 2893 528 2930 20.
554 2893 686 2940 Νόμος
711 2890 745 2931 δ’
767 2890 882 2936 οὗτος
903 2890 1183 2941 Ἡλιουπολίτης
1205 2896 1380 2930 καλεῖται.
