1820 3276
228 200 326 250 438
815 199 1141 246 NOTAE

225 313 299 352 solo
317 312 402 351 Cos.
458 312 522 350 Ita
544 311 666 350 etiam
693 310 832 351 Victor
856 312 1044 351 Tunnun.
1101 311 1212 353 Decio
1219 343 1233 363 ‚
1262 310 1484 353 Victorius:
1509 310 1624 352 ‘Decio
1655 317 1693 352 et

227 370 419 419 Longino,
450 364 599 408 Marius
622 368 802 408 Aventic.
824 375 862 407 et
884 371 1062 410 Senator.-

348 427 440 475 Pag.
462 426 566 468 <605.
600 425 662 467 15.
720 423 952 478 Βοηθείου]
988 425 1067 474 Qui
1096 425 1139 464 in
1160 425 1292 464 Fastis
1306 425 1454 464 Boetius
1469 425 1558 464 sine
1579 425 1692 478 aspia

229 481 386 520 ratione
407 482 610 521 scribit-ur.
666 481 726 520 lta
745 495 871 534 porro
888 481 969 521 hoc
988 494 1132 521 nomen
1155 482 1320 521 effertur
1339 496 1442 522 anno
1461 494 1515 521 ιν.
1535 483 1694 537 sustin‘i,

227 539 327 577 Tres
357 543 490 576 autem
519 538 648 577 Boetii
679 538 840 577 nomine
864 539 978 578 Coss.
1001 546 1220 578 occurrunt
1235 539 1276 577 in
1297 540 1448 580 Fastis=
1478 554 1524 578 ac
1542 540 1696 593 primus

232 594 393 646 quidem
424 593 502 633 hoc
535 607 663 634 anno:
692 595 795 634 alter
821 609 924 634 anno
947 608 1018 634 vx.
1044 596 1207 635 Boetius
1224 596 1376 635 scilicet
1401 597 1468 635 ille
1487 596 1636 636 Orator
1652 603 1698 636 et

232 649 523 702 Philosophus,
553 651 669 703 cujus
700 664 846 690 nomen
876 663 966 691 cum
997 652 1236 704 aspiratione
1266 652 1417 704 pariter
1446 653 1635 692 scribitur
1654 653 1697 693 in

232 706 343 746 illius
365 707 557 760 'operibus
578 707 711 758 editis,
742 715 781 747 et
799 706 867 747 lib.
887 723 926 749 11.
948 708 1283 760 Epigrammatum
1306 709 1439 748 Veter.
1466 709 1640 749 Pithoeiz

457 763 516 802 Tu
530 768 638 816 pater
655 768 689 803 et
703 768 850 816 patriae
868 765 982 804 lumen
1000 765 1169 804 severine
1189 764 1328 804 Boethi.

233 819 394 859 Tertius
414 819 584 872 denique
603 822 692 860 Cos.
715 821 793 859 fuit
817 833 906 860 cum
927 820 1166 874 Symmacho
1185 835 1289 860 anno
1310 836 1430 860 nxxn.
1454 822 1570 861 ambo
1591 823 1700 862 Boe-

232 877 278 915 tii
303 875 532 928 Philosophi
552 877 637 929 filii,
662 884 708 916 ut
727 877 980 917 observatum
1002 892 1025 916 a
1047 879 1261 917 Sirmondo
1280 879 1330 917 ad
1347 879 1520 918 Ennodii
1536 880 1663 932 Epist.
1674 891 1700 919 ι.

233 933 305 972 lib.
329 945 408 972 vm.
439 929 608 986 Βοήθου
634 933 712 973 viri
745 934 970 974 Consularis
999 935 1180 974 meminit
1209 936 1384 974 Galenus
1414 936 1482 975 lib.
1510 936 1561 975 de
1585 936 1701 976 Scri-

262 989 313 1029 tis
339 989 434 1028 suis.

233 1002 260 1043 P
336 1042 666 1096 Pag.6o5.16.
724 1046 930 1101 Σεισμοῦ]
982 1047 1021 1086 Is
1070 1046 1233 1086 videtur
1278 1054 1410 1087 terrae
1458 1055 1591 1088 motus
1632 1045 1704 1101 qui

234 1100 587 1155 Constantinopoli
612 1104 783 1156 cont-igit
813 1116 919 1143 anno
948 1115 1001 1143 ιν.
1031 1105 1223 1155 Zenonis,
1268 1105 1319 1144 de
1359 1118 1439 1158 quo
1469 1104 1703 1159 Theophan.

234 1165 277 1198 et
310 1158 475 1201 cedrea.

352 1215 670 1265 Pag.6o5.18.
732 1211 918 1270 Τανρου]
961 1217 1313 1271 Constantinopol.
1362 1216 1508 1257 Christ.
1553 1217 1624 1257 lib.
1662 1233 1704 1259 11.

234 1277 328 1313 sect
354 1284 467 1309 xxw.
490 1285 534 1310 ·.n
563 1284 631 1311 vn.

351 1325 447 1377 Pag
477 1327 571 1370 605.
602 1332 669 1372 20.
727 1328 947 1381 Σιφιδίου]
998 1330 1190 1383 &phidias
1232 1329 1354 1369 etiam
1396 1330 1628 1383 appellatur
1661 1330 1707 1395 in

237 1383 418 1437 Epistola
444 1397 513 1423 vn.
542 1385 684 1424 Felicis
713 1386 844 1437 Papae
871 1401 925 1427 111.

351 1438 575 1491 Pag.606.
608 1445 645 1483 1.
706 1439 940 1497 Εὔσεβίου]
979 1441 1102 1482 Addit
1129 1442 1311 1482 Holsten.
1342 1439 1495 1496 μόνον,
1533 1448 1573 1482 et
1607 1443 1708 1482 reli-

239 1509 319 1548 qua
346 1497 466 1604 (ἓξὲξ
483 1556 577 1596 606-
607 1550 647 1597 2·
708 1549 900 1594 Φαύστου
919 1552 966 1596 to*
989 1551 1038 1608 β’.
1041 1554 1058 1609 ]
1089 1555 1213 1595 Addit
1239 1555 1345 1594 idem
1373 1555 1550 1594 Holsten.
1570 1552 1708 1610 μόνου.

241 1608 299 1651 Fl.
338 1608 517 1648 Faustum
548 1611 726 1650 me‘orem
767 1611 920 1650 dictum
963 1612 1150 1651 observat
1191 1613 1427 1651 Sirmondus
1455 1613 1507 1651 ad
1537 1612 1712 1652 Ennodii

238 1665 308 1707 lib.
337 1680 362 1704 1.
393 1667 518 1719 Epist.
549 1679 604 1706 111.
662 1667 763 1706 vide
792 1667 1128 1722 subscriptionem
1158 1669 1357 1722 Epistolae
1386 1682 1424 1708 v.
1455 1669 1604 1708 Gelasii
1631 1669 1711 1708 Pa-

239 1735 318 1775 pae
345 1737 370 1760 1.
402 1729 442 1761 et
470 1729 586 1762 notas
615 1723 720 1762 Binii
750 1730 789 1763 et
817 1725 977 1764 Labbei.

357 1781 450 1829 Pag.
482 1782 576 1822 606.
605 1782 644 1822 3.
705 1777 982 1834 Μαυριανον]
1012 1781 1236 1831 cedrenus,
1267 1778 1504 1836 Μαριανὸν·
1538 1783 1711 1835 Symeon

240 1834 458 1886 Logotheta
487 1836 530 1874 in
561 1835 759 1875 Chronico
789 1838 869 1876 MS.
899 1835 1143 1908 Μαρκιανὰν
1171 1844 1331 1879 vocant.

94 1894 125 1929 P
147 1893 217 1929 587
358 1894 452 1942 Pag.
484 1895 578 1935 606.
611 1896 676 1934 10.
734 1890 876 1947 Λνδροῖ
919 1892 1079 1946 σοφὸν]
1127 1895 1273 1946 Pelagii
1314 1894 1542 1946 praeclaras
1591 1893 1712 1933 animi

243 1948 358 1987 dotes
405 1948 541 1986 multis
588 1957 888 2002 prosequuntur
928 1951 1134 1990 cedrenus
1171 1965 1276 1989 anno
1311 1964 1408 1996 xvn.
1449 1957 1489 1989 et
1525 1951 1712 1990 Zonaras.

243 2005 356 2044 Illius
383 2005 504 2043 etiam
534 2006 713 2045 meminit
742 2006 922 2045 Malchus
948 2007 993 2045 -i'n
1022 2008 1226 2059 Byzantiis
1255 2019 1344 2059 pag.
1375 2010 1441 2049 86.
1483 2007 1587 2047 Edit.
1619 2008 1714 2060 Reg.

361 2064 680 2111 Pag.606.11.
737 2065 923 2112 Επνιξαν
947 2060 1128 2121 ὀγχόνῃ]
1165 2063 1436 2102 Marcellinus.
1474 2064 1574 2102 Zeno
1605 2064 1714 2103 Pela-

243 2120 302 2168 gii
327 2119 453 2167 gulam
492 2120 529 2156 in
557 2119 698 2169 insula,
736 2134 827 2171 quae
855 2121 1070 2159 Panormum
1102 2122 1263 2170 dicitur,
1299 2121 1425 2173 laqueo
1445 2121 1587 2172 frangi
1605 2131 1714 2172 prae-

244 2176 346 2225 cepzt.
403 2173 666 2227 Theophanes
715 2190 819 2215 anno
866 2177 1069 2216 xv11.·ait
1108 2179 1306 2216 Zenonem
1347 2176 1485 2215 morbo
1522 2174 1714 2216 comitiali

246 2237 499 2282 correptum,
539 2231 687 2283 Pelagii
728 2240 869 2272 contra
908 2234 968 2272 fas
998 2233 1201 2273 interfecti
1237 2247 1382 2274 nomen
1411 2233 1572 2272 assiduo
1601 2245 1714 2287 repe-

244 2293 416 2335 tentem,
448 2287 670 2327 extinctum
699 2290 832 2328 fuisse.

363 2345 454 2393 Pag·
486 2347 578 2385 607-
613 2351 648 2389 1.
712 2347 916 2399 Ολυβρίου
940 2342 1094 2399 μόνον]
1125 2346 1203 2385 Hic
1232 2346 1470 2385 Consulatus
1500 2346 1554 2384 ita
1585 2345 1714 2397 signa-

248 2406 316 2437 tur
354 2399 395 2436 in
434 2400 558 2438 veteri
597 2400 735 2441 charta
779 2403 952 2450 Veneta,
992 2403 1101 2455 apud
1140 2404 1187 2443 V.
1228 2403 1269 2441 C.
1301 2403 1411 2441 Joan.
1440 2402 1713 2441 Mabfflonium

247 2455 290 2494 in
319 2455 464 2495 Itinere
492 2457 631 2495 Italico
658 2471 698 2509 p.
726 2463 822 2501 201.
854 2459 897 2498 Ρ.
929 2455 966 2499 C.
996 2460 1123 2498 Flavia·
1147 2460 1281 2498 Fausti
1303 2461 1461 2498 Junimis
1498 2458 1535 2498 V.
1568 2457 1608 2496 C.

365 2514 459 2563 Pag·
484 2515 585 2554 607.
616 2517 655 2556 7.
720 2515 821 2556 Υἷοῦ
849 2516 1117 2568 Αρεοβίνδου]
1149 2515 1250 2554 Vide
1278 2517 1447 2554 Stemma
1478 2513 1643 2566 Asparis
1673 2513 1715 2553 in

247 2568 386 2622 Famil.
415 2570 579 2621 Byzant.

367 2628 460 2676 Pag.
491 2628 586 2668 607.
608 2628 653 2667 ’8.
717 2629 778 2678 Τῇ
807 2622 847 2666 ε’.
877 2630 948 2679 τῆς
977 2624 1150 2681 μεγάλης
1178 2623 1436 2679 ἑβδομάδος]
1467 2639 1522 2664 x1.
1547 2625 1713 2679 Aprilis:

250 2697 341 2721 nam
369 2682 448 2720 hoc
482 2696 584 2721 anno
610 2682 763 2721 ‘Pas-cha
796 2683 938 2721 incidit
966 2684 1006 2721 in
1036 2697 1119 2722 xiv.
1149 2683 1323 2734 ejusdem
1354 2682 1509 2721 mensis.

368 2741 460 2789 Pag·
492 2738 587 2781 607.
618 2742 660 2782 9.
719 2737 831 2779 Komoi
861 2737 1097 2792 Avno'xemv
1131 2737 1196 2788 ’ζλ’.
1229 2739 1296 2779 καὶ
1326 2736 1405 2790 φ’.]
1449 2738 1506 2777 lta
1540 2738 1618 2777 hoc
1655 2739 1715 2777 lo-

251 2810 321 2842 co,
359 2801 405 2833 ut
441 2800 482 2834 et
515 2802 621 2834 anno
661 2808 718 2835 xx.
755 2796 968 2845 Anastasii,
1000 2802 1044 2835 et
1079 2810 1134 2835 1x.
1163 2797 1304 2835 Justini
1340 2795 1527 2844 Thracis,
1566 2795 1714 2833 Anth—

243 2851 472 2892 .chenorum
498 2851 818 2907 χρηματισμοῦς,
854 2866 927 2894 seu
947 2867 1098 2904 annos,
1136 2853 1277 2893 ordine
1305 2852 1345 2891 in
1375 2853 1546 2906 speciem
1577 2857 1714 2891 retro-
